date,symbol,reportedCurrency,cik,fillingDate,acceptedDate,calendarYear,period,revenue,costOfRevenue,grossProfit,grossProfitRatio,researchAndDevelopmentExpenses,generalAndAdministrativeExpenses,sellingAndMarketingExpenses,sellingGeneralAndAdministrativeExpenses,otherExpenses,operatingExpenses,costAndExpenses,interestIncome,interestExpense,depreciationAndAmortization,ebitda,ebitdaratio,operatingIncome,operatingIncomeRatio,totalOtherIncomeExpensesNet,incomeBeforeTax,incomeBeforeTaxRatio,incomeTaxExpense,netIncome,netIncomeRatio,eps,epsdiluted,weightedAverageShsOut,weightedAverageShsOutDil,link,finalLink,revenuePerShare,netIncomePerShare,operatingCashFlowPerShare,freeCashFlowPerShare,cashPerShare,bookValuePerShare,tangibleBookValuePerShare,shareholdersEquityPerShare,interestDebtPerShare,marketCap,enterpriseValue,peRatio,priceToSalesRatio,pocfratio,pfcfRatio,pbRatio,ptbRatio,evToSales,enterpriseValueOverEBITDA,evToOperatingCashFlow,evToFreeCashFlow,earningsYield,freeCashFlowYield,debtToEquity,debtToAssets,netDebtToEBITDA,currentRatio,interestCoverage,incomeQuality,dividendYield,payoutRatio,salesGeneralAndAdministrativeToRevenue,researchAndDdevelopementToRevenue,intangiblesToTotalAssets,capexToOperatingCashFlow,capexToRevenue,capexToDepreciation,stockBasedCompensationToRevenue,grahamNumber,roic,returnOnTangibleAssets,grahamNetNet,workingCapital,tangibleAssetValue,netCurrentAssetValue,investedCapital,averageReceivables,averagePayables,averageInventory,daysSalesOutstanding,daysPayablesOutstanding,daysOfInventoryOnHand,receivablesTurnover,payablesTurnover,inventoryTurnover,roe,capexPerShare,report_date,epsEstimated,time,revenueEstimated,updatedFromDate,fiscalDateEnding,surprise(%),QuarterAvgPrice,QuarterAvgVolume
2024-09-30,CTLT,USD,1596783,2024-11-05,2024-11-05 16:01:06,2025,Q1,1023000000.0,842000000.0,181000000.0,0.177,0,0.0,0.0,252000000.0,0.0,252000000.0,1094000000.0,0.0,60000000.0,113000000.0,56000000.0,0.054740958,-71000000.0,-0.0694037146,-46000000.0,-117000000.0,-0.1143695015,12000000.0,-129000000.0,-0.1260997067,-0.71,-0.71,182000000,182000000,https://www.sec.gov/Archives/edgar/data/1596783/000159678324000120/0001596783-24-000120-index.htm,https://www.sec.gov/Archives/edgar/data/1596783/000159678324000120/ctlt-20240930.htm,5.62087912087912,-0.7087912087912088,0.3351648351648351,0.0219780219780219,1.8406593406593408,19.46153846153846,2.005494505494505,19.46153846153846,27.43956043956044,11023740000.0,15635740000.0,-21.363837209302325,10.775894428152492,180.71704918032788,2755.935,3.1122924901185773,3.1122924901185773,15.284203323558163,279.20964285714285,256.32360655737705,3908.935,-0.011702017645554,0.0003628532603272,1.3929983060417843,0.5082406262875978,82.35714285714286,2.512024048096192,-1.1833333333333331,-0.4728682170542636,0.0,0.0,0.0,0.0,0.3272558714462299,0.9344262295081968,0.0557184750733137,0.504424778761062,0.0166177908113391,17.617285995565126,-0.0092357304485666,-0.0197519522278364,-24.51098901098901,1509000000.0,365000000.0,-3659000000.0,8357000000.0,1512000000.0,368000000.0,563500000.0,128.26979472140764,40.08313539192399,59.10926365795724,0.7016460905349794,2.2453333333333334,1.5226039783001808,-0.0364201016374929,0.3131868131868132,2024-11-05,-0.0295,bmo,1058403333.0,2025-04-25,2024-09-30,3.4067796610169494,,
2024-06-30,CTLT,USD,1596783,2024-10-25,2024-10-25 16:41:33,2024,Q4,1301000000.0,917000000.0,384000000.0,0.295,5000000,0.0,0.0,218000000.0,-1000000.0,224000000.0,1141000000.0,0.0,65000000.0,130000000.0,290000000.0,0.2229054573,160000000.0,0.1229823213,-122000000.0,38000000.0,0.0292083013,15000000.0,23000000.0,0.0176787087,0.13,0.13,181000000,183000000,https://www.sec.gov/Archives/edgar/data/1596783/000119312524244179/0001193125-24-244179-index.htm,https://www.sec.gov/Archives/edgar/data/1596783/000119312524244179/d843658d10ka.htm,7.187845303867404,0.1270718232044199,1.1823204419889504,0.7679558011049724,1.5966850828729282,19.91160220994475,2.3756906077348066,19.91160220994475,25.734806629834253,10164960000.0,14863960000.0,110.4886956521739,7.813189853958494,47.49981308411214,73.12920863309353,2.8204661487236407,2.8204661487236407,11.425026902382784,51.25503448275862,69.4577570093458,106.93496402877696,0.0022626749146086,0.013674426657852,1.2744173140954496,0.470932020916641,16.20344827586207,2.518913676042677,2.4615384615384617,9.304347826086955,0.0,0.0,0.0,0.0038431975403535,0.3254383266687173,0.3504672897196261,0.0576479631053036,0.5769230769230769,0.0122982321291314,7.545169375443059,0.01181433515471,0.0034959720322237,-24.30110497237569,1566000000.0,430000000.0,-3552000000.0,8460000000.0,1486000000.0,369000000.0,672000000.0,108.33205226748656,35.43075245365322,56.335877862595424,0.830779054916986,2.540166204986149,1.5975609756097562,0.0063817980022197,0.4143646408839779,2024-08-29,0.4667,bmo,1223999250.0,2025-04-25,2024-06-30,0.3927576601671309,60.41654545454545,2273074.1272727274
2024-03-31,CTLT,USD,1596783,2024-05-08,2024-05-08 16:23:50,2024,Q3,1074000000.0,845000000.0,229000000.0,0.213,4000000,0.0,0.0,214000000.0,-2000000.0,246000000.0,1091000000.0,0.0,65000000.0,126000000.0,105000000.0,0.0996275605,-17000000.0,-0.0158286778,-92000000.0,-86000000.0,-0.0800744879,15000000.0,-101000000.0,-0.0940409683,-0.55,-0.55,182000000,182000000,https://www.sec.gov/Archives/edgar/data/1596783/000159678324000033/0001596783-24-000033-index.htm,https://www.sec.gov/Archives/edgar/data/1596783/000159678324000033/ctlt-20240331.htm,5.9010989010989015,-0.554945054945055,0.0659340659340659,-0.3406593406593406,0.8901098901098901,19.84065934065934,2.181318681318681,19.84065934065934,27.71978021978022,10262980000.0,15090980000.0,-25.40341584158416,9.55584729981378,855.2483333333333,-165.53193548387097,2.84214345056771,2.84214345056771,14.051191806331472,143.72361904761905,1257.5816666666667,-243.40290322580643,-0.0098411962217601,-0.0060411303539517,1.3791193575186929,0.5040996052232007,45.98095238095238,2.5054617676266138,-0.2615384615384615,-0.1188118811881188,0.0,0.0,0.0,0.0037243947858473,0.3253365725275837,6.166666666666667,0.068901303538175,0.5873015873015873,0.015828677839851,15.739622143775788,-0.0023239571969584,-0.0151537884471117,-25.64010989010989,1516000000.0,397000000.0,-3745000000.0,8465000000.0,1386000000.0,392000000.0,772500000.0,117.82122905027931,40.15384615384616,82.01183431952663,0.7638691322901849,2.2413793103448274,1.0974025974025974,-0.0279700913874273,0.4065934065934066,2024-05-08,0.2154,amc,1122449556.0,2025-04-25,2024-03-31,-1.278551532033426,59.175,1829118.359375
2023-12-31,CTLT,USD,1596783,2024-02-14,2024-02-14 14:23:55,2024,Q2,1024000000.0,853000000.0,171000000.0,0.167,4000000,0.0,0.0,180000000.0,-3000000.0,187000000.0,1040000000.0,0.0,66000000.0,121000000.0,5000000.0,0.0,-16000000.0,-0.015625,-100000000.0,-182000000.0,-0.177734375,24000000.0,-206000000.0,-0.201171875,-1.13,-1.13,182000000,182000000,https://www.sec.gov/Archives/edgar/data/1596783/000159678324000020/0001596783-24-000020-index.htm,https://www.sec.gov/Archives/edgar/data/1596783/000159678324000020/ctlt-20231231.htm,5.626373626373627,-1.1318681318681318,0.6153846153846154,0.0989010989010989,1.2582417582417582,20.25824175824176,2.3351648351648358,20.25824175824176,27.86263736263736,8177260000.0,12962260000.0,-9.92385922330097,7.98560546875,73.01124999999999,454.2922222222222,2.217862761052346,2.217862761052346,12.65845703125,2592.452,115.73446428571428,720.1255555555556,-0.0251918124163839,0.0022012263276452,1.3574721996202874,0.501101321585903,957.0,2.4806949806949805,-0.2424242424242424,-0.5436893203883495,0.0,0.0,0.0,0.00390625,0.3265919102923508,0.8392857142857143,0.091796875,0.7768595041322314,0.015625,22.713813213797167,-0.0020835124378612,-0.0306274159976211,-25.60439560439561,1534000000.0,425000000.0,-3731000000.0,8573000000.0,1381500000.0,387000000.0,793000000.0,120.05859375,42.94255568581477,81.77022274325908,0.7496339677891655,2.095823095823096,1.1006451612903223,-0.0558719826417141,0.5164835164835165,2024-02-09,-0.02077,bmo,1118350000.0,2025-04-25,2023-12-31,10.555127587867116,55.78650793650794,1678798.4126984128
2023-09-30,CTLT,USD,1596783,2023-12-08,2023-12-08 17:06:39,2024,Q1,982000000.0,801000000.0,181000000.0,0.184,4000000,0.0,0.0,215000000.0,-13000000.0,216000000.0,1017000000.0,0.0,58000000.0,112000000.0,-627000000.0,-0.64,-735000000.0,-0.7484725051,-71000000.0,-806000000.0,-0.8207739308,-91000000.0,-715000000.0,-0.7281059063,-3.95,-3.95,181000000,181000000,https://www.sec.gov/Archives/edgar/data/1596783/000159678323000186/0001596783-23-000186-index.htm,https://www.sec.gov/Archives/edgar/data/1596783/000159678323000186/ctlt-20230930.htm,5.425414364640884,-3.9502762430939216,-0.3867403314917127,-0.850828729281768,1.1546961325966851,21.57458563535912,1.2651933701657458,21.57458563535912,27.646408839779006,8240930000.0,12977930000.0,-2.881444055944056,8.391985743380856,-117.72757142857142,-53.51253246753247,2.1103533930857874,2.1103533930857874,13.21581466395112,-20.698452950558213,-185.399,-84.27227272727272,-0.0867620523411799,-0.0186872112734849,1.2665813060179258,0.4923352578140553,-7.555023923444976,1.711600777705768,-12.672413793103448,0.0922266139657444,0.0,0.0,0.0,0.0040733197556008,0.365916782799124,-1.2,0.0855397148676171,0.75,0.0193482688391038,43.79012896217567,-0.0736658150527915,-0.1122448979591836,-24.744475138121548,1098000000.0,229000000.0,-3500000000.0,8503000000.0,1418000000.0,395500000.0,787500000.0,128.0346232179226,41.235955056179776,91.12359550561796,0.7029348604151754,2.1825613079019077,0.9876695437731196,-0.1830985915492957,0.4640883977900552,2023-11-15,-0.13,bmo,940190000.0,2025-04-25,2023-09-30,-0.2307692307692307,54.1511475409836,2827637.557377049
2023-06-30,CTLT,USD,1596783,2023-12-08,2023-12-08 17:05:20,2023,Q4,1068000000.0,833000000.0,235000000.0,0.22,5000000,0.0,0.0,219000000.0,4000000.0,335000000.0,1168000000.0,54000000.0,54000000.0,114000000.0,18000000.0,0.02,-100000000.0,-0.0936329588,-149000000.0,-150000000.0,-0.1404494382,-64000000.0,-86000000.0,-0.0805243446,-0.48,-0.48,181000000,181000000,https://www.sec.gov/Archives/edgar/data/1596783/000159678323000185/0001596783-23-000185-index.htm,https://www.sec.gov/Archives/edgar/data/1596783/000159678323000185/ctlt-20230630.htm,5.900552486187845,-0.4751381215469613,1.1215469613259668,0.4143646408839779,1.5469613259668509,25.60773480662984,3.403314917127072,25.60773480662984,27.392265193370164,7848160000.0,12417160000.0,-22.814418604651163,7.348464419475656,38.660886699507394,104.64213333333332,1.6932384034519956,1.6932384034519956,11.626554307116104,689.8422222222222,61.16827586206897,165.56213333333332,-0.0109579825080018,0.0095563800941876,1.0580366774541532,0.4548321276201076,253.83333333333337,1.7777040477770405,-1.851851851851852,-1.8454545454545457,0.0,0.0,0.0,0.0046816479400749,0.3727508810981265,0.6305418719211823,0.1198501872659176,1.1228070175438596,0.0,16.545762230693207,-0.0060104133906419,-0.0127162501848292,-24.341160220994475,1172000000.0,616000000.0,-3468000000.0,8890000000.0,1505500000.0,409000000.0,754000000.0,121.26404494382024,45.81032412965186,82.54501800720288,0.7421820708825573,1.964622641509434,1.0903141361256543,-0.0185544768069039,0.7071823204419889,2023-08-29,0.1,bmo,1053160000.0,2025-04-25,2023-06-30,-0.1,40.45317460317461,2330502.031746032
2023-03-31,CTLT,USD,1596783,2023-06-12,2023-06-12 16:08:27,2023,Q3,1037000000.0,857000000.0,180000000.0,0.174,4000000,0.0,0.0,190000000.0,15000000.0,205000000.0,1062000000.0,51000000.0,51000000.0,106000000.0,-125000000.0,-0.12,-25000000.0,-0.0241080039,-47000000.0,-282000000.0,-0.2719382835,-55000000.0,-227000000.0,-0.218900675,-1.25,-1.25,181000000,181000000,https://www.sec.gov/Archives/edgar/data/1596783/000159678323000038/0001596783-23-000038-index.htm,https://www.sec.gov/Archives/edgar/data/1596783/000159678323000038/ctlt-20230331.htm,5.7292817679558015,-1.2541436464088398,-0.3535911602209944,-1.1160220994475138,1.3922651933701655,25.983425414364643,3.6906077348066297,25.983425414364643,27.07182320441989,11893509999.999998,16490509999.999998,-13.098579295154185,11.469151398264222,-185.83609375,-58.87876237623762,2.5289198384010203,2.5289198384010203,15.90213114754098,-131.92407999999998,-257.66421875,-81.63618811881187,-0.0190860393609624,-0.0169840526472,1.031044014458856,0.4477377654662973,-36.776,1.8412911903160727,-0.4901960784313725,0.2819383259911894,0.0,0.0,0.0,0.0038572806171648,0.3725761772853185,-2.15625,0.133076181292189,1.30188679245283,0.0057859209257473,27.077782915993627,-0.0021067957993276,-0.0334069168506254,-23.88950276243094,1251000000.0,668000000.0,-3389000000.0,8957000000.0,1511000000.0,380500000.0,792500000.0,136.43201542912246,41.376896149358224,78.13302217036173,0.6596692111959288,2.1751269035532994,1.1518817204301075,-0.0482670635764405,0.7624309392265194,2023-06-12,-0.13,bmo,952660000.0,2025-04-25,2023-03-31,-0.3076923076923077,46.72476190476191,2212878.8253968256
2022-12-31,CTLT,USD,1596783,2023-02-07,2023-02-07 09:26:06,2023,Q2,1149000000.0,762000000.0,387000000.0,0.337,4000000,0.0,0.0,226000000.0,23000000.0,249000000.0,1011000000.0,47000000.0,47000000.0,103000000.0,264000000.0,0.23,138000000.0,0.1201044386,-24000000.0,114000000.0,0.0992167102,33000000.0,81000000.0,0.0704960836,0.45,0.45,181000000,181000000,https://www.sec.gov/Archives/edgar/data/1596783/000159678323000017/0001596783-23-000017-index.htm,https://www.sec.gov/Archives/edgar/data/1596783/000159678323000017/ctlt-20221231.htm,6.348066298342541,0.4475138121546961,1.1823204419889504,0.2541436464088398,2.596685082872928,27.13812154696133,3.6022099447513813,27.13812154696133,27.07182320441989,8146810000.0,12569810000.0,25.14447530864197,7.090348128807658,38.06920560747663,177.1045652173913,1.6585525244299673,1.6585525244299673,10.939782419495211,47.61291666666666,58.73742990654205,273.2567391304348,0.0099425419274538,0.0056463818353441,0.9879885993485342,0.4353637750067283,16.75378787878788,1.91218872870249,2.936170212765957,2.6419753086419755,0.0,0.0,0.0,0.0034812880765883,0.3821656050955414,0.7850467289719626,0.1462140992167102,1.6310679611650485,0.0087032201914708,16.530438443503506,0.0100412321125394,0.0117612893857993,-23.519337016574585,1392000000.0,652000000.0,-3317000000.0,9231000000.0,1445500000.0,373000000.0,797000000.0,113.57702349869452,43.34645669291339,99.33070866141732,0.7924137931034483,2.076294277929155,0.906064209274673,0.0164902280130293,0.9281767955801103,2023-02-07,0.72,bmo,1124179542.0,2025-04-25,2022-12-31,-0.0694444444444443,43.92354838709678,5329743.193548387
2022-09-30,CTLT,USD,1596783,2022-11-01,2022-11-01 09:16:12,2023,Q1,1022000000.0,764000000.0,258000000.0,0.252,5000000,0.0,0.0,196000000.0,2000000.0,198000000.0,962000000.0,32000000.0,32000000.0,99000000.0,134000000.0,0.13,60000000.0,0.0587084149,-57000000.0,3000000.0,0.0029354207,3000000.0,0.0,0.0,0.0,0.0,180000000,181000000,https://www.sec.gov/Archives/edgar/data/1596783/000159678322000185/0001596783-22-000185-index.htm,https://www.sec.gov/Archives/edgar/data/1596783/000159678322000185/ctlt-20220930.htm,5.677777777777778,0.0,-0.5111111111111111,-1.3388888888888888,1.9166666666666667,26.11111111111111,4.188888888888889,26.11111111111111,23.53333333333333,13024800000.0,16960800000.0,0.0,12.744422700587084,-141.57391304347826,-54.0448132780083,2.7712340425531914,2.7712340425531914,16.59569471624266,126.5731343283582,-184.35652173913044,-70.37676348547718,0.0,-0.0185031631963638,0.894468085106383,0.4119549240568348,29.37313432835821,2.861081654294804,1.875,46.0,0.0,0.0,0.0,0.0048923679060665,0.3866731994120529,-1.6195652173913044,0.1457925636007827,1.505050505050505,0.0185909980430528,0.0,0.0,0.0,-20.570833333333333,1755000000.0,754000000.0,-2807000000.0,8868000000.0,1469000000.0,400000000.0,738500000.0,126.8982387475538,44.646596858638745,88.7041884816754,0.7092297015961138,2.015831134564644,1.0146082337317397,0.0,0.8277777777777777,2022-11-01,0.55,bmo,1077643909.0,2025-04-25,2022-09-30,-0.3818181818181818,61.79032258064516,2355435.8870967743
2022-06-30,CTLT,USD,1596783,2022-08-29,2022-08-29 09:21:25,2022,Q4,1313000000.0,825000000.0,488000000.0,0.372,5000000,0.0,0.0,226000000.0,2000000.0,242000000.0,1067000000.0,0.0,32000000.0,100000000.0,343000000.0,0.2650418888,246000000.0,0.1873571973,-35000000.0,211000000.0,0.1607006855,23000000.0,187000000.0,0.1424219345,1.04,1.04,180000000,181000000,https://www.sec.gov/Archives/edgar/data/1596783/000159678322000129/0001596783-22-000129-index.htm,https://www.sec.gov/Archives/edgar/data/1596783/000159678322000129/ctlt-20220630.htm,7.294444444444444,1.038888888888889,0.3833333333333333,-0.9222222222222224,2.988888888888889,26.52777777777778,3.938888888888889,26.52777777777778,23.522222222222226,19312200000.0,23079200000.0,25.81844919786096,14.708453922315307,279.88695652173914,-116.33855421686746,4.044439790575916,4.044439790575916,17.577456207159177,67.28629737609329,334.4811594202898,-139.03132530120482,0.0096829983119478,-0.0085956027795901,0.88,0.399885801294252,10.982507288629735,2.656648451730419,7.6875,0.3670212765957447,0.0,0.0,0.0,0.0038080731150038,0.3869432813094784,3.4057971014492754,0.178979436405179,2.35,0.0091393754760091,24.90154223247137,0.0244162675864122,0.0290282520956224,-20.6125,1819000000.0,709000000.0,-2816000000.0,9105000000.0,1397000000.0,411000000.0,710500000.0,102.61233815689262,45.92727272727273,78.98181818181818,0.8770875083500334,1.9596199524940616,1.1395027624309393,0.0391623036649214,1.3055555555555556,2022-08-29,1.15,bmo,1326940174.0,2025-04-25,2022-06-30,0.0347826086956522,54.36142857142857,3069634.1904761903
2022-03-31,CTLT,USD,1596783,2022-05-03,2022-05-03 09:08:11,2022,Q3,1273000000.0,850000000.0,423000000.0,0.332,6000000,0.0,0.0,207000000.0,5000000.0,212000000.0,1062000000.0,0.0,33000000.0,99000000.0,312000000.0,0.2450903378,211000000.0,0.1657501964,-35000000.0,176000000.0,0.138256088,35000000.0,141000000.0,0.1107619796,0.78,0.78,180000000,181000000,https://www.sec.gov/Archives/edgar/data/1596783/000159678322000039/0001596783-22-000039-index.htm,https://www.sec.gov/Archives/edgar/data/1596783/000159678322000039/ctlt-20220331.htm,7.072222222222222,0.7833333333333333,0.7666666666666667,-0.0555555555555555,4.888888888888889,25.73333333333333,2.905555555555555,25.73333333333333,23.43888888888889,19962000000.0,23376000000.0,35.3936170212766,15.681068342498037,144.65217391304347,-1996.2,4.30958549222798,4.30958549222798,18.36292223095051,74.92307692307692,169.3913043478261,-2337.6,0.007063420498948,-0.000500951808436,0.903713298791019,0.4055415617128463,10.942307692307692,2.8919694072657744,6.393939393939394,0.9787234042553192,0.0,0.0,0.0,0.00471327572663,0.3980817670993993,1.072463768115942,0.1162608012568735,1.494949494949495,0.0078554595443833,21.296713361455566,0.0191698540176086,0.0226943505552873,-19.381944444444443,1979000000.0,523000000.0,-2665000000.0,8908000000.0,1255500000.0,382000000.0,703000000.0,91.6967792615868,42.45882352941177,73.8,0.9814957594448728,2.119700748129676,1.2195121951219512,0.030440414507772,0.8222222222222222,2022-05-03,0.94,bmo,1218584858.0,2025-04-25,2022-03-31,0.1063829787234043,99.3109375,1235510.0
2021-12-31,CTLT,USD,1596783,2022-02-01,2022-02-01 09:17:47,2022,Q2,1217000000.0,812000000.0,405000000.0,0.333,6000000,0.0,0.0,228000000.0,1000000.0,244000000.0,1056000000.0,0.0,32000000.0,98000000.0,245000000.0,0.2136400986,161000000.0,0.1322925226,-46000000.0,115000000.0,0.094494659,18000000.0,93000000.0,0.0764174199,0.53,0.52,175471698,178846154,https://www.sec.gov/Archives/edgar/data/1596783/000159678322000027/0001596783-22-000027-index.htm,https://www.sec.gov/Archives/edgar/data/1596783/000159678322000027/ctlt-20211231.htm,6.935591402324038,0.5300000003419355,0.393225806705307,-0.3077419356824141,5.214516132396462,25.536881736905517,1.840752689359625,25.536881736905517,24.23182797262269,22465641494.94,25850641494.94,60.391509395,18.45985332369761,325.58900717304346,-416.0303980544445,5.013533027212676,5.013533027212676,21.241283068972884,105.51282242832652,374.6469781875362,-478.7155832396296,0.0041396547710843,-0.0024036705122425,0.941754072751618,0.4136038420072527,13.816326530612244,2.845933014354067,5.03125,0.711340206185567,0.0,0.0,0.0,0.0049301561216105,0.4075271978829756,1.7826086956521738,0.1010682004930156,1.2551020408163265,0.0090386195562859,17.45071101442768,0.0156074014481094,0.0153846153846153,-20.185591410872423,1929000000.0,323000000.0,-2748000000.0,8814000000.0,1166500000.0,363000000.0,681000000.0,89.77814297452753,40.23399014778325,78.58374384236454,1.0024711696869852,2.236914600550964,1.1452750352609309,0.0207542959160901,0.7009677423877211,2022-02-01,0.84,bmo,1149843471.0,2025-04-25,2021-12-31,0.0714285714285715,101.82177419354838,1268180.9516129033
2021-09-30,CTLT,USD,1596783,2021-11-02,2021-11-02 09:11:25,2022,Q1,1025000000.0,701000000.0,324000000.0,0.316,6000000,0.0,0.0,183000000.0,4000000.0,187000000.0,888000000.0,26000000.0,0.0,81000000.0,214000000.0,0.2126829268,138000000.0,0.1346341463,-35000000.0,103000000.0,0.1004878049,10000000.0,84000000.0,0.0819512195,0.49,0.49,171000000,172000000,https://www.sec.gov/Archives/edgar/data/1596783/000159678321000183/0001596783-21-000183-index.htm,https://www.sec.gov/Archives/edgar/data/1596783/000159678321000183/ctlt-20210930.htm,5.994152046783626,0.4912280701754385,0.953216374269006,0.0526315789473684,11.807017543859647,25.61403508771929,6.175438596491228,25.61403508771929,25.16959064327485,22754970000.0,25103970000.0,67.723125,22.19997073170732,139.60104294478526,2528.33,5.195198630136986,5.195198630136986,24.49167804878049,117.30827102803738,154.01208588957056,2789.33,0.0036915012412672,0.0003955179901357,0.982648401826484,0.4226652263576549,10.976635514018692,3.5866788321167884,0.0,1.7526881720430108,0.0001757857733936,0.0476190476190476,0.0,0.0058536585365853,0.3264263969360699,0.9447852760736196,0.1502439024390243,1.9012345679012344,0.0204878048780487,16.825649855942928,0.0143484502242713,0.0122466831899693,-15.31140350877193,2835000000.0,1056000000.0,-1872000000.0,8740000000.0,1181000000.0,374000000.0,608000000.0,98.25365853658538,46.60485021398003,83.83737517831669,0.9159964253798034,1.931129476584022,1.0735068912710566,0.0191780821917808,0.9005847953216374,2021-11-02,0.66,bmo,1032390000.0,2025-04-25,2021-09-30,0.0757575757575756,104.40887096774196,1225494.3870967743
2021-06-30,CTLT,USD,1596783,2021-08-30,2021-08-30 09:26:48,2021,Q4,1188000000.0,749000000.0,439000000.0,0.37,6000000,0.0,0.0,184000000.0,2000000.0,186000000.0,935000000.0,0.0,32000000.0,73000000.0,326000000.0,0.2146464646,251000000.0,0.2112794613,-30300000.0,221000000.0,0.186026936,39000000.0,168900000.0,0.1421717172,0.98,0.97,171000000,172000000,https://www.sec.gov/Archives/edgar/data/1596783/000159678321000110/0001596783-21-000110-index.htm,https://www.sec.gov/Archives/edgar/data/1596783/000159678321000110/ctlt-20210630.htm,6.947368421052632,0.987719298245614,0.7853801169590643,-0.3192982456140351,5.654970760233918,22.894736842105264,3.3859649122807016,22.894736842105264,19.140350877192983,18488520000.0,20833520000.0,27.36607460035524,15.562727272727273,137.66582278481013,-338.6175824175824,4.72248275862069,4.72248275862069,17.536632996632996,63.90650306748466,155.12673119880864,-381.5663003663004,0.0091353986149242,-0.0029531839216984,0.8278416347381865,0.355684811237928,7.193251533742331,2.439799331103679,7.84375,0.7362938596491229,0.0002325767557381,0.0254588513913558,0.0,0.005050505050505,0.3661106233538191,1.4065524944154877,0.159006734006734,2.5876712328767124,0.0105218855218855,22.55671522323341,0.0288856738894551,0.0292416897506925,-17.63888888888889,1722000000.0,579000000.0,-2279000000.0,7582000000.0,1147650000.0,375350000.0,559050000.0,94.16666666666669,46.26168224299065,67.6502002670227,0.9557522123893806,1.945454545454545,1.330373001776199,0.0431417624521072,1.1046783625730994,2021-08-30,1.03,bmo,1105849504.0,2025-04-25,2021-06-30,0.1262135922330096,128.496875,939792.46875
2021-03-31,CTLT,USD,1596783,2021-05-04,2021-05-04 09:03:24,2021,Q3,1053300000.0,687700000.0,365600000.0,0.347,3400000,0.0,0.0,172700000.0,-500000.0,172700000.0,860400000.0,27000000.0,0.0,75900000.0,419900000.0,0.2383936201,368600000.0,0.3499477832,-51500000.0,317100000.0,0.3010538308,85300000.0,217000000.0,0.2060191778,1.27,1.26,170000000,172000000,https://www.sec.gov/Archives/edgar/data/1596783/000159678321000061/0001596783-21-000061-index.htm,https://www.sec.gov/Archives/edgar/data/1596783/000159678321000061/ctlt-20210331.htm,6.195882352941177,1.276470588235294,0.4411764705882353,-0.4894117647058824,6.251764705882353,23.954117647058823,4.249411764705882,23.954117647058823,18.96,17902700000.0,20152300000.0,20.625230414746547,16.996772049748408,238.7026666666667,-215.17668269230768,4.396321398752518,4.396321398752518,19.132535839741763,47.99309359371279,268.69733333333335,-242.21514423076923,0.0121210767090997,-0.0046473436967608,0.7915131869750994,0.3675633759450799,5.357466063348416,2.435481039325843,0.0,0.3235547886108714,0.0002625302328699,0.0216589861751152,0.0,0.0032279502515902,0.3820004333397954,2.1093333333333333,0.1501946264122282,2.0843214756258237,0.0079749359156935,26.22930325954101,0.0369337505495334,0.0400420718542985,-15.101911764705882,1635300000.0,722400000.0,-1922400000.0,7343900000.0,990050000.0,361300000.0,520650000.0,89.91455425804614,47.85953177257525,72.64650283553875,1.0009502993442934,1.880503144654088,1.2388758782201406,0.0532881489121359,0.9305882352941176,2021-05-04,0.76,bmo,990110000.0,2025-04-25,2021-03-31,0.0789473684210525,124.8740625,849622.265625
2020-12-31,CTLT,USD,1596783,2021-02-02,2021-02-02 08:15:11,2021,Q2,910800000.0,612600000.0,298200000.0,0.327,6000000,0.0,0.0,165500000.0,8100000.0,165500000.0,778100000.0,25000000.0,0.0,71000000.0,205900000.0,0.2325428195,126600000.0,0.1389986825,-23000000.0,109000000.0,0.119675011,20600000.0,77000000.0,0.0845410628,0.46,0.45,167000000,169000000,https://www.sec.gov/Archives/edgar/data/1596783/000159678321000038/0001596783-21-000038-index.htm,https://www.sec.gov/Archives/edgar/data/1596783/000159678321000038/ctlt-20201231.htm,5.453892215568862,0.4610778443113772,0.4431137724550898,-0.6904191616766467,4.9886227544910176,22.84131736526946,2.980239520958084,22.84131736526946,18.29820359281437,17379690000.0,19602390000.0,56.42756493506493,19.081785243741766,234.86067567567565,-150.7345186470078,4.556217066456941,4.556217066456941,21.5221673254282,95.20344827586209,264.89716216216215,-170.01205550737208,0.0044304587711288,-0.0066341804715734,0.8011010617381046,0.3727449043070955,10.79504613890238,2.45986328125,0.0,0.8371040723981901,0.0002819382854354,0.0636363636363636,0.0,0.0065876152832674,0.4045815493833937,2.558108108108108,0.2078392621870883,2.6661971830985918,0.0125164690382081,15.393556147629944,0.0149445819640903,0.0157744863048777,-15.638023952095809,1494900000.0,497700000.0,-1864700000.0,6941500000.0,884200000.0,343150000.0,446450000.0,91.6798418972332,52.43388834476004,71.42997061704212,0.9816770855787884,1.7164471840851778,1.2599753187988485,0.020186131865251,1.1335329341317366,2021-02-02,0.56,bmo,894580000.0,2025-04-25,2020-12-31,0.1249999999999999,107.1709523809524,961452.1746031746
2020-09-30,CTLT,USD,1596783,2020-11-03,2020-11-03 08:10:27,2021,Q1,845700000.0,596800000.0,248900000.0,0.294,6000000,0.0,0.0,164700000.0,10600000.0,164700000.0,761500000.0,26000000.0,0.0,69000000.0,162000000.0,0.1938039494,81500000.0,0.0963698711,-14600000.0,67400000.0,0.0796972922,-15000000.0,69000000.0,0.081589216,0.42,0.41,164000000,166000000,https://www.sec.gov/Archives/edgar/data/1596783/000159678320000224/0001596783-20-000224-index.htm,https://www.sec.gov/Archives/edgar/data/1596783/000159678320000224/ctlt-20200930.htm,5.15670731707317,0.4207317073170731,0.9128048780487804,0.0006097560975609,6.140243902439025,22.43109756097561,1.9390243902439024,22.43109756097561,18.650609756097563,14048240000.0,16099940000.0,50.89942028985507,16.611375192148515,93.84261857047429,140482.4,3.8188055563106538,3.8188055563106538,19.03741279413504,99.38234567901236,107.54802939211756,160999.4,0.0049116472953195,7.118329413506603e-06,0.8314622013211189,0.3830941108689662,12.664814814814816,2.5618136348809397,0.0,1.816747572815534,0.000576584682494,0.117391304347826,0.0,0.0070947144377438,0.4209188146589514,0.9993319973279892,0.1768948799810807,2.1649782923299568,0.022111859997635,14.571999327856998,0.0147887882856659,0.0149237590569914,-15.028658536585366,1436400000.0,318000000.0,-1949400000.0,6832600000.0,879550000.0,325200000.0,365250000.0,89.4572543455126,49.67493297587132,61.332104557640754,1.0060670949321913,1.811778992106861,1.4674207032210476,0.0187566259820045,0.9121951219512195,2020-11-03,0.37,bmo,727093023.0,2025-04-25,2020-09-30,0.1621621621621621,111.54081967213116,1120681.1311475409
2020-06-30,CTLT,USD,1596783,2020-08-31,2020-08-31 16:28:27,2020,Q4,947600000.0,613000000.0,334600000.0,0.3531025749,5600000,419900000.0,-261900000.0,158000000.0,29300000.0,158000000.0,771000000.0,16100000.0,20500000.0,66400000.0,265900000.0,0.2172857746,170200000.0,0.1796116505,8800000.0,179000000.0,0.1888982693,24800000.0,134300000.0,0.1417264669,0.86,0.85,156300000,158600000,https://www.sec.gov/Archives/edgar/data/1596783/000159678320000155/0001596783-20-000155-index.htm,https://www.sec.gov/Archives/edgar/data/1596783/000159678320000155/ctlt-20200630.htm,6.062699936020474,0.8592450415866922,1.1049264235444658,0.0665387076135636,6.098528470889315,18.54638515674984,-2.946257197696737,18.54638515674984,18.61868202175304,11456790000.0,13521590000.0,21.32686150409531,12.09032292106374,66.33925883034163,1101.614423076923,3.9522526562715607,3.9522526562715607,14.269301392992825,50.85216246709289,78.29525188187608,1300.152884615385,0.0117223061608007,0.0009077586304715,0.9968262729405272,0.371581045457468,7.765325310267018,2.5671742051052395,8.302439024390244,1.1199740596627756,0.0007070043179634,0.0603127326880119,0.4431194596876319,0.0059096665259603,0.4319809683019353,0.9397799652576724,0.1712747994934571,2.444277108433735,0.0132967496834107,18.935614946949105,0.0253298351663836,0.0304038757583989,-19.665547024952016,1399800000.0,-460500000.0,-2584700000.0,6659900000.0,832400000.0,298600000.0,322050000.0,87.23617560151963,47.12887438825449,47.539967373572594,1.031682090364725,1.9096573208722745,1.8931439159975296,0.046329515661653,1.038387715930902,2020-08-31,0.79,bmo,831782222.0,2025-04-25,2020-06-30,0.1392405063291139,96.91546875,1153647.046875
2020-03-31,CTLT,USD,1596783,2020-05-05,2020-05-05 08:31:34,2020,Q3,760600000.0,521800000.0,238800000.0,0.3139626611,5900000,136100000.0,0.0,136100000.0,-26000000.0,136100000.0,657900000.0,0.0,34400000.0,64800000.0,128900000.0,0.1650013148,100800000.0,0.1325269524,-71100000.0,29700000.0,0.0390481199,8800000.0,20900000.0,0.0274783066,0.14,0.14,151300000,153100000,https://www.sec.gov/Archives/edgar/data/1596783/000159678320000056/0001596783-20-000056-index.htm,https://www.sec.gov/Archives/edgar/data/1596783/000159678320000056/ctlt-20200331.htm,5.027098479841375,0.1381361533377396,0.8043621943159286,-0.1956378056840713,4.021150033046927,18.46860541969597,-3.71645736946464,18.46860541969597,21.368803701255786,7860035000.0,10450335000.0,94.01955741626794,10.333992900341835,64.58533278553821,-265.541722972973,2.8128815803600187,2.8128815803600187,13.739593741782803,81.07319627618308,85.86963845521775,-353.0518581081081,0.002659021238455,-0.0037658865386731,1.1447231864867766,0.4518193118255268,20.095422808378583,1.9039363210118856,2.9302325581395348,5.822966507177034,0.001030529762272,0.3875598086124402,0.1789376807783328,0.007757033920589,0.4741228317984067,1.2432210353327855,0.1989219037601893,2.3348765432098766,0.0113068630028924,7.576384195594884,0.011836030924968,0.0056137523502551,-19.544117647058822,829000000.0,-562300000.0,-2539200000.0,5955100000.0,731400000.0,259800000.0,289300000.0,88.30791480410201,47.638942123418936,55.24530471444998,1.0191611952298003,1.889210716871832,1.6290977208866688,0.0074795118634362,1.0,2020-05-05,0.49,bmo,730176000.0,2025-04-25,2020-03-31,0.0204081632653061,84.5534375,1523678.296875
2019-12-31,CTLT,USD,1596783,2020-02-03,2020-02-03 08:33:04,2020,Q2,721400000.0,489200000.0,232200000.0,0.3218741336,4900000,141000000.0,0.0,141000000.0,11100000.0,141000000.0,630200000.0,0.0,34900000.0,61900000.0,155300000.0,0.2276129748,89000000.0,0.1233712226,-30500000.0,58500000.0,0.0810923205,13000000.0,34300000.0,0.0475464375,0.23,0.23,146068025,147690921,https://www.sec.gov/Archives/edgar/data/1596783/000159678320000017/0001596783-20-000017-index.htm,https://www.sec.gov/Archives/edgar/data/1596783/000159678320000017/ctlt-20191231.htm,4.938794784142526,0.234822097443982,0.8263273224923798,0.2875372621763045,1.293233067264379,15.90149521087863,-5.278362598522161,15.90149521087863,20.072154737493022,8223629807.5,10931729807.5,59.938992766034985,11.399542289298584,68.13280702154101,195.80070970238097,3.5405475556464454,3.5405475556464454,15.153492940809535,70.39104834191886,90.56942673985088,260.2792811309524,0.0041709075922554,0.0051072337864352,1.2472553493778793,0.4676125449937856,17.43786220218931,1.9761434432457072,2.5501432664756445,2.6527472527472526,0.0009849665159553,0.2361516034985422,0.1954532852786249,0.0067923482118103,0.4993624198989556,0.652029826014913,0.1090934294427502,1.27140549273021,0.0142777931799279,9.165997234511035,0.0132617242795988,0.011058808356977,-20.655958071590277,642400000.0,-771000000.0,-2572100000.0,5354200000.0,696400000.0,228700000.0,258700000.0,89.38868866093706,44.77923139820114,47.5204415372036,1.0068387997208652,2.009860312243221,1.8939217963608208,0.0147672966805872,0.5387900603160753,2020-02-03,0.45,bmo,705368888.0,2025-04-25,2019-12-31,0.0,67.88603174603175,1555608.4444444445
2019-09-30,CTLT,USD,1596783,2019-11-05,2019-11-05 08:38:39,2020,Q1,664700000.0,487000000.0,177700000.0,0.267338649,4600000,142800000.0,0.0,142800000.0,-7900000.0,142800000.0,629800000.0,0.0,36300000.0,60600000.0,90100000.0,0.1316383331,34400000.0,0.0517526704,-41200000.0,-6800000.0,-0.010230179,-6900000.0,100000.0,0.0001504438,0.0007,0.0007,145663115,145663115,https://www.sec.gov/Archives/edgar/data/1596783/000159678319000205/0001596783-19-000205-index.htm,https://www.sec.gov/Archives/edgar/data/1596783/000159678319000205/ctlt-20190930.htm,4.563269157054619,0.0006865155945621,0.1730019298296621,-0.331587032173519,1.670978957164276,15.487105297727568,-5.786639946564372,15.487105297727568,20.384707549333957,6942304060.9,9631904060.9,17355.760152249997,10.444266678050248,275.48825638492065,-143.73300333126292,3.0773988478655965,3.0773988478655965,14.49060337129532,106.90237581465038,382.2184151150793,-199.41830353830227,1.4404439667690962e-05,-0.0069573443594947,1.3001462830799235,0.4792875234904812,29.851276359600444,2.05716141604417,0.9476584022038568,252.0,0.0017141283204552,119.0,0.2148337595907928,0.0069204152249134,0.5063812402974099,2.9166666666666665,0.1105761997893786,1.2128712871287128,0.0249736723333834,0.4891044206343998,-9.749317831162188e-05,3.310490945807263e-05,-20.48167787706586,651000000.0,-842900000.0,-2596800000.0,5310900000.0,696350000.0,234900000.0,258150000.0,91.57063336843687,39.5482546201232,47.8829568788501,0.9828478485879047,2.2757009345794392,1.8795831725202623,4.432820603750166e-05,0.5045889620031812,2019-11-05,0.24,bmo,613569230.0,2025-04-25,2019-09-30,0.0833333333333334,54.60258064516129,1218279.064516129
2019-06-30,CTLT,USD,1596783,2019-08-27,2019-08-27 17:24:00,2019,Q4,725700000.0,469200000.0,256500000.0,0.3534518396,14700000,143400000.0,0.0,143400000.0,1200000.0,143400000.0,612600000.0,0.0,30900000.0,54700000.0,165400000.0,0.1575031005,109500000.0,0.150888797,-29700000.0,79800000.0,0.1099627945,8700000.0,65700000.0,0.0905332782,0.45,0.44,145300000,147200000,https://www.sec.gov/Archives/edgar/data/1596783/000159678319000183/0001596783-19-000183-index.htm,https://www.sec.gov/Archives/edgar/data/1596783/000159678319000183/ctlt-20190630.htm,4.994494150034412,0.4521679284239504,0.6049552649690296,-0.0061940812112869,2.377150722642808,11.573296627666895,-10.117687543014451,11.573296627666895,20.579490708878183,7949363000.0,10563263000.0,30.24871765601218,10.954062284690645,90.43643913538112,-8832.625555555556,4.727261536631779,4.727261536631779,14.555963896927103,63.86495163240629,120.17364050056882,-11736.958888888888,0.0082648131680488,-0.0001132166187403,1.7598120837297813,0.4785413971539456,15.803506650544136,2.081109288802744,3.5436893203883497,1.2362869198312236,0.0,0.0,0.1976023150062009,0.0202563042579578,0.5096539456662355,1.0102389078498293,0.1223646134766432,1.623400365630713,0.0126774149097423,10.850997886198334,0.0210222219990062,0.0216667216304455,-24.026841018582243,725100000.0,-1470100000.0,-3106600000.0,5413500000.0,657200000.0,229050000.0,256950000.0,88.84663083918976,49.06649616368287,49.33503836317136,1.0129815745393635,1.8342455043002344,1.8242612752721616,0.0390699333967649,0.6111493461803166,2019-08-27,0.64,bmo,673864285.0,2025-04-25,2019-06-30,0.0937499999999999,50.9771875,666104.125
2019-03-31,CTLT,USD,1596783,2019-05-07,2019-05-07 10:56:16,2019,Q3,617500000.0,418800000.0,198700000.0,0.3217813765,12700000,129900000.0,0.0,129900000.0,0.0,129900000.0,548700000.0,0.0,26400000.0,66400000.0,135400000.0,0.2189473684,65800000.0,0.1065587045,-23200000.0,42600000.0,0.0689878543,10900000.0,31700000.0,0.0513360324,0.22,0.22,145145310,146758271,https://www.sec.gov/Archives/edgar/data/1596783/000159678319000040/0001596783-19-000040-index.htm,https://www.sec.gov/Archives/edgar/data/1596783/000159678319000040/ctlt-20190331.htm,4.254357236895908,0.2184018209062352,0.5187904452441487,0.1880873725785559,1.570150630426846,11.166051455606798,-2.363149040089549,11.166051455606798,15.24678957935327,5911768476.299999,7870468476.299999,46.62277978154574,9.573714131659916,78.50954151792828,216.5482958351648,3.647663649225643,3.647663649225643,12.745697937327934,58.12753675258493,104.52149370916334,288.29554858241755,0.0053621856348204,0.0046179075025424,1.3491701116801382,0.4866573190002448,14.46602658788774,2.176817662733156,2.492424242424242,2.3753943217665614,0.0,0.0,0.2103643724696356,0.0205668016194332,0.4370479179185862,0.6374501992031872,0.0777327935222672,0.7228915662650602,0.0106882591093117,7.407458020828601,0.0128605178906989,0.012532616430774,-14.245379337437772,618300000.0,-343000000.0,-1728700000.0,3883500000.0,583500000.0,193350000.0,251250000.0,87.15789473684211,43.47421203438396,55.164756446991404,1.0326086956521738,2.070192782995551,1.6314764316322556,0.0195594496205343,0.3307030726655928,2019-05-07,0.45,bmo,579693877.0,2025-04-25,2019-03-31,0.0888888888888888,53.74078125,750798.1875
2018-12-31,CTLT,USD,1596783,2019-02-05,2019-02-05 10:10:53,2019,Q2,623000000.0,421600000.0,201400000.0,0.3232744783,15300000,123200000.0,0.0,123200000.0,-700000.0,123200000.0,544800000.0,0.0,25500000.0,54600000.0,131400000.0,0.2120385233,78200000.0,0.1255216693,-26900000.0,51300000.0,0.0823434992,2300000.0,49000000.0,0.0786516854,0.34,0.33,145058230,146660339,https://www.sec.gov/Archives/edgar/data/1596783/000159678319000011/0001596783-19-000011-index.htm,https://www.sec.gov/Archives/edgar/data/1596783/000159678319000011/ctlt-20181231.htm,4.29482698086141,0.3377953805171895,0.2985008158447818,0.0020681349827583,1.4332175430515042,10.77498326017076,-3.029128371413328,10.77498326017076,15.341425302101094,4522915611.4,6514915611.4,23.076100058163263,7.259896647512038,104.45532589838338,15076.385371333332,2.8937399944977606,2.8937399944977606,10.457328429213485,49.58078851902587,150.45994483602772,21716.385371333337,0.0108337197086975,6.632889617569928e-05,1.4074856046065258,0.4952944884726225,15.159817351598171,2.0834143496014,3.066666666666667,0.8836734693877552,0.0,0.0,0.197752808988764,0.0245585874799357,0.450828530259366,0.9930715935334872,0.0690208667736757,0.7875457875457875,0.0120385232744783,9.049538128258476,0.0198501042055355,0.020088553624139,-14.622059017264998,557200000.0,-439400000.0,-1807100000.0,3845400000.0,536150000.0,182250000.0,246250000.0,82.19903691813805,39.36432637571158,52.47153700189754,1.094903339191564,2.286334056399132,1.7152156224572823,0.0313499680102367,0.2964326808620234,2019-02-05,0.37,bmo,512244444.0,2025-04-25,2018-12-31,0.2162162162162162,45.79174603174604,850680.4126984127
2018-09-30,CTLT,USD,1596783,2018-11-06,2018-11-06 09:09:53,2019,Q1,551800000.0,403300000.0,148500000.0,0.2691192461,11800000,115500000.0,0.0,115500000.0,200000.0,115500000.0,518800000.0,0.0,28100000.0,52900000.0,67600000.0,0.1484233418,20400000.0,0.0369699166,-33800000.0,-13400000.0,-0.0242841609,1000000.0,-14400000.0,-0.0260964117,-0.1,-0.1,142149315,142149315,https://www.sec.gov/Archives/edgar/data/1596783/000159678318000164/0001596783-18-000164-index.htm,https://www.sec.gov/Archives/edgar/data/1596783/000159678318000164/a10-qfy19xq1.htm,3.8818336901588304,-0.1013019302977295,0.2898360783518373,0.0204010831849594,1.8719752536267933,10.759109180371356,-3.640538120074656,10.759109180371356,16.230820387702888,6440785462.650001,8453785462.650001,-111.81919205989584,11.672318707230882,156.32974423907768,2220.960504362069,4.21131519723421,4.21131519723421,15.320379598858285,125.05599796819529,205.18896754004857,2915.098435396552,-0.0022357521584138,0.0004502556430138,1.4901922322479404,0.5064891772967688,29.77810650887574,2.0538388625592416,0.7259786476868327,-2.861111111111111,0.0,0.0,0.2093149691917361,0.0213845596230518,0.4548868838615049,0.9296116504854368,0.0694092062341428,0.724007561436673,0.0181225081551286,4.952087124208532,0.0057561738373904,-0.0058706021444005,-15.501129921027056,555900000.0,-517500000.0,-1887000000.0,3891000000.0,529550000.0,186100000.0,227900000.0,82.08952519028634,40.19092486982395,55.05331019092487,1.0963639976157362,2.2393114936146583,1.63477908390758,-0.0094154570419772,0.2694349951668778,2018-11-06,0.29,bmo,551800000.0,2025-04-25,2018-09-30,-0.0344827586206894,39.07475409836066,884291.9836065574
2018-06-30,CTLT,USD,1596783,2018-08-28,2018-08-28 09:11:45,2018,Q4,685300000.0,451900000.0,233400000.0,0.3405807675,13800000,124300000.0,0.0,124300000.0,22100000.0,124300000.0,576200000.0,0.0,30000000.0,52600000.0,172000000.0,0.1914490004,97300000.0,0.1419816139,-7900000.0,89400000.0,0.1304538158,6700000.0,82700000.0,0.1206770757,0.62,0.61,133200000,135100000,https://www.sec.gov/Archives/edgar/data/1596783/000159678318000101/0001596783-18-000101-index.htm,https://www.sec.gov/Archives/edgar/data/1596783/000159678318000101/a10-kfy18xq4.htm,5.144894894894895,0.6208708708708709,0.7755255255255256,0.3340840840840841,3.07957957957958,8.158408408408409,-6.421921921921922,8.158408408408409,20.655405405405407,5579748000.0,7890848000.0,16.867436517533253,8.14205165620896,54.014985479186834,125.38759550561798,5.134579920861323,5.134579920861323,11.51444330949949,45.87702325581395,76.38768635043563,177.32242696629214,0.0148214578866285,0.0079752705677747,2.5041869881291987,0.6005826399770475,13.436627906976744,2.149939330906569,3.243333333333333,1.249093107617896,0.0,0.0,0.1813804173354735,0.0201371662045819,0.4286155679636291,0.569215876089061,0.0858018386108273,1.11787072243346,0.0089012111484021,10.675657263260057,0.0236365393472825,0.0319428350714561,-18.864864864864863,663400000.0,-855400000.0,-2204100000.0,3876100000.0,541350000.0,187500000.0,222050000.0,72.99284984678243,38.25846426200487,41.644169063952205,1.2329974811083124,2.3524206142634045,2.161166905786705,0.0761019600625747,0.4414414414414414,2018-08-28,0.61,bmo,623929850.0,2025-04-25,2018-06-30,0.098360655737705,38.57714285714286,976628.015873016
2018-03-31,CTLT,USD,1596783,2018-05-01,2018-05-01 08:58:17,2018,Q3,627900000.0,436200000.0,191700000.0,0.3053033923,13000000,117000000.0,0.0,117000000.0,-100000.0,117000000.0,553200000.0,0.0,29900000.0,51700000.0,114300000.0,0.2011466794,73100000.0,0.1164198121,-40400000.0,32700000.0,0.0520783564,13700000.0,19000000.0,0.0302595955,0.14,0.14,133123679,135109291,https://www.sec.gov/Archives/edgar/data/1596783/000159678318000028/0001596783-18-000028-index.htm,https://www.sec.gov/Archives/edgar/data/1596783/000159678318000028/a10-qfy18xq3.htm,4.716666521813899,0.1427244209499348,0.715124467075463,0.4537134223882139,3.021250637161252,8.025619544363703,-7.079131279116768,8.025619544363703,21.08565524244564,5466058259.740001,7851658259.740001,71.92181920710526,8.705300620703936,57.41657835861345,90.49765330695364,5.116115930119806,5.116115930119806,12.504631724382865,68.69342309483815,82.47540188802522,129.99434204867552,0.0034759966134908,0.0110500102870972,2.5993073755147886,0.6098021562987198,20.871391076115486,2.1782959641255606,2.4448160535117056,5.010526315789473,0.0,0.0,0.186335403726708,0.020703933747412,0.4415361981511165,0.3655462184873949,0.0554228380315336,0.6731141199226306,0.0089186176142697,5.07667881594456,0.0110451192604883,0.0074706090512326,-19.3115531309798,656900000.0,-942400000.0,-2271300000.0,3939100000.0,487350000.0,173600000.0,229550000.0,75.52317247969421,37.73727647867951,48.486932599724895,1.1916872271778327,2.384909786768726,1.8561702127659576,0.0177836016473231,0.2614110446872491,2018-05-01,0.39,bmo,597270731.0,2025-04-25,2018-03-31,0.0512820512820511,42.24476190476191,935256.7777777778
2017-12-31,CTLT,USD,1596783,2018-02-05,2018-02-05 08:56:31,2018,Q2,606300000.0,418900000.0,187400000.0,0.3090879103,13900000,114300000.0,0.0,114300000.0,-500000.0,114300000.0,533200000.0,0.0,27200000.0,46800000.0,102000000.0,0.1774698994,68800000.0,0.1134751773,-40800000.0,28000000.0,0.0461817582,49900000.0,-21900000.0,-0.0361207323,-0.16,-0.16,132983262,132983262,https://www.sec.gov/Archives/edgar/data/1596783/000159678318000010/0001596783-18-000010-index.htm,https://www.sec.gov/Archives/edgar/data/1596783/000159678318000010/a10-qfy18xq2.htm,4.559220392713784,-0.164682379350869,0.6940723111454432,0.3917786285013824,2.551448918436066,7.5611019377762,-7.405443250444556,7.5611019377762,20.826681180372912,5462952402.96,7875852402.96,-62.362470353424655,9.010312391489364,59.18691660845071,104.85513249443378,5.433070515126802,5.433070515126802,12.990025404849083,77.21423924470588,85.32884510249187,151.16799237927063,-0.0040088213084437,0.0095369675876675,2.727399303828941,0.625105422716601,23.655882352941177,2.222107438016529,2.5294117647058822,-4.214611872146119,0.0,0.0,0.1885205343889164,0.0229259442520204,0.4536709899478015,0.4355362946912243,0.0663038099950519,0.8589743589743589,0.0140194623123866,5.293066766688065,-0.0143577546283061,-0.0091371829105473,-19.50922214556596,591500000.0,-984800000.0,-2306100000.0,3838000000.0,440850000.0,165550000.0,215000000.0,66.47204354280059,35.29959417522082,48.14752924325615,1.3539526574363556,2.549604382227632,1.8692547969656403,-0.0217802088513177,0.3022936826440608,2018-02-05,0.34,bmo,444620000.0,2025-04-25,2017-12-31,0.3235294117647058,40.3984375,998577.046875
2017-09-30,CTLT,USD,1596783,2017-11-06,2017-11-06 09:07:24,2018,Q1,543900000.0,403800000.0,140100000.0,0.2575841147,11800000,107000000.0,0.0,107000000.0,-100000.0,107000000.0,510800000.0,0.0,24300000.0,39000000.0,65200000.0,0.1323772752,31900000.0,0.0586504872,-30000000.0,1900000.0,0.0034932892,-1900000.0,3800000.0,0.0069865784,0.03,0.03,125713246,127784521,https://www.sec.gov/Archives/edgar/data/1596783/000159678317000170/0001596783-17-000170-index.htm,https://www.sec.gov/Archives/edgar/data/1596783/000159678317000170/a10-qfy18xq1.htm,4.326513054956834,0.0302275227226254,0.665800961022039,0.3261390609546427,4.8904949920710825,8.263250159016657,-2.386383372838849,8.263250159016657,16.952072019522905,5018472780.320001,6523872780.320001,330.16268291578945,9.226829895789669,59.95785878518519,122.40177512975612,4.831028860531382,4.831028860531382,11.994618092149294,100.05939847116564,77.94352186762247,159.11884830048783,0.0007572024730116,0.0081698161561784,2.0281093569503272,0.5566476432043965,23.088957055214724,2.909866549989061,1.3127572016460904,22.026315789473685,0.0,0.0,0.1967273395844824,0.0216951645523074,0.3537307123229761,0.5101553166069295,0.0785070785070785,1.094871794871795,0.0128700128700128,2.370652988893423,0.0202822990844354,0.0015535568274734,-13.54531088951438,873000000.0,-300000000.0,-1415900000.0,3236800000.0,461350000.0,165000000.0,195400000.0,71.79812465526751,37.17682020802377,45.89153046062407,1.2535146347084585,2.420863309352518,1.9611461874696456,0.003658067000385,0.3396619000673962,2017-11-06,0.18,bmo,466200000.0,2025-04-25,2017-09-30,0.1666666666666666,42.543606557377046,920781.1639344264
2017-06-30,CTLT,USD,1596783,2017-08-28,2017-08-28 17:21:21,2017,Q4,616900000.0,401700000.0,215200000.0,0.3488409791,14700000,107300000.0,0.0,107300000.0,-5100000.0,107300000.0,509000000.0,4300000.0,22600000.0,38700000.0,130500000.0,0.1666396499,96900000.0,0.1570757011,-27700000.0,69200000.0,0.1121737721,7400000.0,61800000.0,0.1001783109,0.49,0.49,125100000,127300000,https://www.sec.gov/Archives/edgar/data/1596783/000159678317000148/0001596783-17-000148-index.htm,https://www.sec.gov/Archives/edgar/data/1596783/000159678317000148/a10-kfy17xq4.htm,4.931254996003197,0.4940047961630695,0.8009592326139089,0.3852917665867306,2.4532374100719423,5.783373301358913,-4.7458033573141485,5.783373301358913,16.804956035171863,4391010000.0,6182410000.0,17.762985436893207,7.117863511103907,43.82245508982036,91.09979253112031,6.069122322045612,6.069122322045612,10.021737720862376,47.374789272030654,61.70069860279441,128.26576763485477,0.0140742107168965,0.0109769734070293,2.8744989633724947,0.6020611990851982,13.7272030651341,2.2597014925373133,4.287610619469026,1.6213592233009708,0.0,0.0,0.173934187064354,0.0238288215269897,0.3813218307616594,0.5189620758483033,0.0842924298913924,1.3436692506459949,0.0072945372021397,8.017656661995252,0.0308710977710032,0.0289176921997098,-15.706235011990408,590800000.0,-593700000.0,-1671000000.0,2903900000.0,445700000.0,150400000.0,195250000.0,71.31139568811801,36.5646004480956,41.426437640029874,1.2620703764320786,2.461397058823529,2.172525689561925,0.0854181064270905,0.4156674660271782,2017-08-28,0.57,amc,540973846.0,2025-04-25,2017-06-30,0.1403508771929826,40.69444444444444,874822.4603174604
2017-03-31,CTLT,USD,1596783,2017-05-04,2017-05-04 17:06:14,2017,Q3,532600000.0,365200000.0,167400000.0,0.3143071724,13800000,100900000.0,0.0,100900000.0,0.0,100900000.0,466100000.0,0.0,22600000.0,36500000.0,93800000.0,0.1933909125,64600000.0,0.1212917762,-29900000.0,34700000.0,0.0651520841,8700000.0,26000000.0,0.0488171235,0.21,0.21,124951928,126799130,https://www.sec.gov/Archives/edgar/data/1596783/000159678317000035/0001596783-17-000035-index.htm,https://www.sec.gov/Archives/edgar/data/1596783/000159678317000035/a10-qfy17xq3.htm,4.262439231830021,0.2080800225827647,0.8267179358769078,0.5570142142984781,2.151227310394122,5.143578096690113,-5.366063659297838,5.143578096690113,16.579175953171365,3538638600.96,5346438600.96,34.025371163076926,6.644082990912505,34.25593998993224,50.84250863448276,5.505894820227167,5.505894820227167,10.038375142621105,56.99827932793177,51.75642401703775,76.81664656551725,0.0073474584245326,0.0196685810133643,3.18811264975883,0.6237063192499696,19.272921108742004,2.379902589079723,2.858407079646017,3.973076923076923,0.0,0.0,0.1894479909876079,0.0259106271122793,0.399732131985876,0.3262342691190706,0.0632745024408561,0.9232876712328768,0.0086368757040931,4.907260594934672,0.0179824862403895,0.0131845841784989,-15.757660017859028,538300000.0,-670500000.0,-1714100000.0,2820400000.0,384450000.0,132600000.0,193250000.0,68.0322944048066,33.910186199342824,50.66812705366922,1.3229011425732735,2.6540697674418605,1.7762645914396886,0.0404543332814688,0.2697037215784297,2017-05-04,0.37,amc,518584210.0,2025-04-25,2017-03-31,0.027027027027027,37.03666666666667,1141181.746031746
2016-12-31,CTLT,USD,1596783,2017-02-06,2017-02-06 17:21:52,2017,Q2,483700000.0,335800000.0,147900000.0,0.305768038,12500000,96200000.0,0.0,96200000.0,800000.0,96200000.0,432000000.0,0.0,22800000.0,35500000.0,85200000.0,0.1730411412,47900000.0,0.0990283233,-21000000.0,26900000.0,0.0556129833,9500000.0,17400000.0,0.0359727104,0.14,0.14,124889681,126414644,https://www.sec.gov/Archives/edgar/data/1596783/000159678317000017/0001596783-17-000017-index.htm,https://www.sec.gov/Archives/edgar/data/1596783/000159678317000017/a10-qfy17xq2.htm,3.87301813990541,0.1393229597567792,0.3819370793332397,0.1705505197022642,2.048207649757709,4.708155191780817,-5.640177750153754,4.708155191780817,16.392066851383824,3367025799.76,5135625799.76,48.37680746781609,6.96097953227207,70.58754297190775,158.07632862723003,5.726234353333333,5.726234353333333,10.61737812644201,60.277298119248826,107.66511110607966,241.1091924769953,0.0051677655696134,0.0063260578524578,3.442857142857143,0.6417905716006721,20.75821596244132,2.6362007168458783,2.1008771929824563,2.7413793103448274,0.0,0.0,0.1988836055406243,0.0258424643373992,0.409726405224614,0.5534591194968553,0.0545792846805871,0.7436619718309859,0.0101302460202604,3.8417401808354863,0.0118602216822372,0.0093452924432031,-15.576346936141183,547800000.0,-704400000.0,-1683700000.0,2745200000.0,371300000.0,136650000.0,184750000.0,68.1558817448832,34.198927933293625,48.48421679571173,1.3205023205023203,2.6316614420062696,1.8562741846323936,0.0295918367346938,0.2113865596309754,2017-02-06,0.26,amc,483700000.0,2025-04-25,2016-12-31,0.0384615384615384,32.87904761904762,930447.3333333334
2016-09-30,CTLT,USD,1596783,2016-11-07,2016-11-07 16:52:25,2017,Q1,442200000.0,318100000.0,124100000.0,0.2806422433,11800000,98200000.0,0.0,98200000.0,2100000.0,98200000.0,416300000.0,0.0,22100000.0,35800000.0,62700000.0,0.144278607,24800000.0,0.0560832203,-20000000.0,4800000.0,0.0108548168,200000.0,4600000.0,0.0104025328,0.04,0.04,124819466,126259721,https://www.sec.gov/Archives/edgar/data/1596783/000159678316000167/0001596783-16-000167-index.htm,https://www.sec.gov/Archives/edgar/data/1596783/000159678316000167/a10-qfy17xq1.htm,3.542716646456411,0.0368532260825406,0.3869588738666771,0.1650383602826821,1.1208187671624874,4.9231103103741845,-5.904527744094018,4.9231103103741845,15.69787199698483,3225335001.44,5030535001.440001,175.28994573043477,7.293837633288105,66.77712218302278,156.56966026407767,5.248714404296176,5.248714404296176,11.3761533275441,80.2318182047847,104.15186338385094,244.2007282252428,0.0014262084397268,0.0063869334474722,3.1526444263628965,0.6193216329401234,28.791068580542262,1.7139991083370485,1.1221719457013577,10.5,0.0,0.0,0.222071460877431,0.0266847580280416,0.4320514050062338,0.5734989648033126,0.0626413387607417,0.7737430167597765,0.0156037991858887,2.02045321380969,0.0093136870705645,0.0025892153551728,-16.000509087260475,320300000.0,-737000000.0,-1744700000.0,2598300000.0,395550000.0,144700000.0,171700000.0,76.5875169606513,41.22288588494184,53.360578434454574,1.1751262290725486,2.183253260123541,1.6866383881230116,0.0074857607811228,0.2219205135839949,2016-11-07,0.15,amc,386925000.0,2025-04-25,2016-09-30,0.0666666666666667,27.970967741935485,683020.3870967742
2016-06-30,CTLT,USD,1596783,2016-08-29,2016-08-29 17:16:57,2016,Q4,532200000.0,344400000.0,187800000.0,0.3528748591,13400000,89700000.0,-200000.0,89500000.0,8500000.0,89500000.0,433900000.0,0.0,21800000.0,35100000.0,134200000.0,0.2006764374,90800000.0,0.1706125517,-25800000.0,77500000.0,0.1456219466,19400000.0,61900000.0,0.116309658,0.47,0.46,124800000,125900000,https://www.sec.gov/Archives/edgar/data/1596783/000159678316000114/0001596783-16-000114-index.htm,https://www.sec.gov/Archives/edgar/data/1596783/000159678316000114/a10-kfy16xq4.htm,4.264423076923077,0.4959935897435897,0.2716346153846153,0.016826923076923,1.1105769230769231,5.095352564102564,-5.245192307692308,5.095352564102564,15.082532051282053,2869152000.0,4598052000.0,11.587851373182552,5.391116121758738,84.63575221238938,1366.2628571428572,4.511954709860041,4.511954709860041,8.639706877113866,34.2626825633383,135.63575221238938,2189.548571428571,0.0215743188231226,0.0007319235788135,2.925774492844787,0.6018892950729514,12.88301043219076,2.0199386503067487,4.165137614678899,0.5476575121163166,0.0,0.0,0.1685456595264938,0.0251785043216835,0.4174889198020122,0.9380530973451328,0.0597519729425028,0.905982905982906,0.0043216835776024,7.540782433459063,0.0272675491417318,0.0343774297456403,-15.44951923076923,399000000.0,-654600000.0,-1665000000.0,2595300000.0,379250000.0,139400000.0,166950000.0,70.14656144306652,37.55226480836237,40.45296167247387,1.2830279652844745,2.396659707724426,2.224806201550388,0.0973423494260103,0.2548076923076923,2016-08-29,0.53,amc,542434615.0,2025-04-25,2016-06-30,-0.0188679245283019,24.786984126984127,783704.7619047619
2016-03-31,CTLT,USD,1596783,2016-05-04,2016-05-04 16:27:46,2016,Q3,438000000.0,311800000.0,126200000.0,0.2881278539,13800000,93200000.0,0.0,93200000.0,600000.0,93200000.0,405000000.0,0.0,21700000.0,34800000.0,70300000.0,0.1561643836,31500000.0,0.0719178082,-19000000.0,14000000.0,0.0319634703,4200000.0,10700000.0,0.0244292237,0.09,0.09,124809898,125772759,https://www.sec.gov/Archives/edgar/data/1596783/000159678316000070/0001596783-16-000070-index.htm,https://www.sec.gov/Archives/edgar/data/1596783/000159678316000070/a10-qfy16xq3.htm,3.509337055944073,0.0857303801337935,0.3998080344557288,0.1970997524571328,1.0728315794313044,4.830546372211601,-5.878540177959283,4.830546372211601,15.163060224598532,3328679979.6600003,5065579979.66,77.77289672102805,7.599725980958905,66.70701362044089,135.31219429512197,5.52111457896832,5.52111457896832,11.565251095114156,72.05661421991465,101.5146288509018,205.91788535203253,0.0032144874440867,0.0073903169275265,3.1030021562448167,0.6118324230630866,24.70697012802276,1.958277254374159,1.4516129032258065,5.091836734693878,0.0,0.0,0.2127853881278538,0.0315068493150684,0.4371259443372469,0.5070140280561122,0.0577625570776255,0.7270114942528736,0.0077625570776255,3.0525076538366624,0.0089137728908113,0.0062169542734297,-15.812648128275852,356000000.0,-733700000.0,-1727300000.0,2598900000.0,337850000.0,131800000.0,174800000.0,70.62328767123287,38.99615137908915,51.69660038486209,1.2743671806808263,2.307920059215396,1.740926856504746,0.0177475534914579,0.2027082819985959,2016-05-04,0.31,amc,678899999.0,2025-04-25,2016-03-31,-0.3548387096774193,24.86703125,1219506.6875
2015-12-31,CTLT,USD,1596783,2016-02-09,2016-02-09 16:26:01,2016,Q2,454900000.0,302800000.0,152100000.0,0.3343591998,14400000,93000000.0,0.0,93000000.0,-400000.0,93000000.0,395800000.0,0.0,22300000.0,35200000.0,97300000.0,0.2064189932,58600000.0,0.1288195208,-18800000.0,39800000.0,0.0874917564,9200000.0,30700000.0,0.0674873599,0.25,0.24,124818241,125826680,https://www.sec.gov/Archives/edgar/data/1596783/000159678316000056/0001596783-16-000056-index.htm,https://www.sec.gov/Archives/edgar/data/1596783/000159678316000056/a10-qfy16xq2.htm,3.644499364479908,0.2459576401176812,0.2131098771052221,-0.1818644439958098,0.9253455190095172,4.86627591555308,-6.028766260213521,4.86627591555308,15.18207583136827,3124200572.23,4881400572.23,25.441372738029315,6.867884309144867,117.4511493319549,-137.6299811555066,5.143563668472177,5.143563668472177,10.73071130408881,50.16855675467625,183.51129970789472,-215.03967278546253,0.0098265137881614,-0.0072658587293571,3.083141257820217,0.6169939377965208,18.059609455292907,1.9973544973544977,2.62780269058296,0.869281045751634,0.0,0.0,0.2044405363816223,0.0316553088590899,0.4480429625724829,1.8533834586466165,0.1083754671356342,1.400568181818182,0.0057155418773356,5.189431486964274,0.0181663123893326,0.0183250761057721,-15.847443323608443,339300000.0,-752500000.0,-1748300000.0,2601200000.0,320100000.0,127950000.0,166300000.0,65.68476588261157,38.19352708058124,50.67701453104359,1.3701807228915663,2.356420233463035,1.7759530791788856,0.0505432993085281,0.394974321101032,2016-02-09,0.34,amc,429627777.0,2025-04-25,2015-12-31,0.0294117647058822,26.36921875,1537977.5625
2015-09-30,CTLT,USD,1596783,2015-11-03,2015-11-03 16:41:01,2016,Q1,423000000.0,301500000.0,121500000.0,0.2872340426,13400000,82200000.0,0.0,82200000.0,-600000.0,82200000.0,383700000.0,0.0,22700000.0,35500000.0,74200000.0,0.1754137116,37100000.0,0.0877068558,-23400000.0,13800000.0,0.0326241135,4900000.0,9100000.0,0.0215130024,0.0729,0.0721,124753234,126190457,https://www.sec.gov/Archives/edgar/data/1596783/000159678315000039/0001596783-15-000039-index.htm,https://www.sec.gov/Archives/edgar/data/1596783/000159678315000039/a10-qfy16xq1.htm,3.390693663300143,0.0729440007944002,0.3599105094141287,0.0937851438785146,1.2135957934365051,4.787050249935805,-6.324485343602395,4.787050249935805,15.28297054006632,3031503586.2000003,4764003586.200001,83.28306555494505,7.166675144680852,67.5167836570156,259.10287061538463,5.076194886470194,5.076194886470194,11.262419825531916,64.20490008355796,106.1025297594655,407.1797936923078,0.0030018107322798,0.0038594709415026,3.154554588077696,0.6163787462374035,23.349056603773583,1.9586285066591105,1.6343612334801765,5.044943820224719,0.0,0.0,0.1943262411347517,0.0316784869976359,0.4535401125507132,0.7394209354120267,0.0784869976359338,0.9352112676056338,0.0059101654846335,2.802980277805822,0.0096436304841412,0.0054484492875104,-15.99637889948408,338300000.0,-789000000.0,-1768000000.0,2608800000.0,340300000.0,127799999.5,147500000.0,65.57446808510639,38.02985074626866,48.38805970149254,1.3724853990914991,2.366562009419152,1.859962985811228,0.0152377762893503,0.2661253655356141,2015-11-03,0.21,amc,555187500.0,2025-04-25,2015-09-30,-0.238095238095238,24.354754098360655,565119.3114754099
2015-06-30,CTLT,USD,1596783,2015-09-02,2015-09-02 16:12:54,2015,Q4,510100000.0,328400000.0,181700000.0,0.3562046658,15100000,86900000.0,0.0,86900000.0,-3900000.0,86900000.0,415300000.0,0.0,22600000.0,36200000.0,121500000.0,0.1782003529,89200000.0,0.174867673,-26500000.0,62700000.0,0.1229170751,-90800000.0,153700000.0,0.3013134679,1.23,1.22,124959350,126200000,https://www.sec.gov/Archives/edgar/data/1596783/000159678315000026/0001596783-15-000026-index.htm,https://www.sec.gov/Archives/edgar/data/1596783/000159678315000026/a10-kfy15xq4.htm,4.082127507865557,1.2299999959986987,0.6170006486109283,0.3585165895949362,1.2107937501275414,5.073649950964054,-6.3716720677564345,5.073649950964054,15.232153496317002,3665057735.5,5401657735.5,5.9613821332140535,7.184978897275044,47.53641680285343,81.809324453125,5.78084816324921,5.78084816324921,10.589409401097823,44.45808835802469,70.06041161478599,120.57271731026786,0.0419365835662699,0.0122235455027254,2.966561514195583,0.5979525656514275,14.293004115226337,1.848370927318296,3.946902654867257,0.5022801302931597,0.0,0.0,0.1703587531856498,0.0296020388159184,0.4546957461690087,0.4189364461738002,0.0633209174671633,0.8922651933701657,0.0050970397961184,11.849610201865424,0.0868364862153214,0.0896105410447761,-16.12004223773571,338500000.0,-796200000.0,-1773900000.0,2653900000.0,352000000.0,124549999.5,143250000.0,65.70476377180945,35.133982673568816,36.42204628501827,1.369763694951665,2.5616224848800506,2.471030850263356,0.2424290220820189,0.258484059015992,2015-09-02,0.58,amc,485013114.0,2025-04-25,2015-06-30,0.0517241379310345,26.385625,508326.953125
2015-03-31,CTLT,USD,1596783,2015-05-05,2015-05-05 16:54:00,2015,Q3,446600000.0,294400000.0,152200000.0,0.3407971339,13400000,80900000.0,0.0,80900000.0,-1300000.0,80900000.0,375300000.0,0.0,23000000.0,34400000.0,99400000.0,0.2337662338,65800000.0,0.1473354232,-23800000.0,42000000.0,0.0940438871,11200000.0,31500000.0,0.0705329154,0.25,0.25,124233579,126264631,https://www.sec.gov/Archives/edgar/data/1596783/000159678315000017/0001596783-15-000017-index.htm,https://www.sec.gov/Archives/edgar/data/1596783/000159678315000017/a10-qfy15xq3.htm,3.594841294880509,0.2535546367862428,0.7590540396489744,0.4580082169249909,0.934529947012152,3.768707331533932,-7.609053909651915,3.768707331533932,15.332408639696355,3869875985.85,5635575985.85,30.713301475,8.665194773510972,41.037921376988336,68.0118802434095,8.265433545173003,8.265433545173003,12.618844571988358,56.69593547132797,59.76220557635207,99.04351468980668,0.0081397957234748,0.0147033135449435,4.019222554463904,0.6327292290104569,17.763581488933603,1.7873563218390804,2.860869565217391,3.061688311688312,0.0,0.0,0.1811464397671294,0.0300044782803403,0.4752698295282606,0.3966065747613997,0.083743842364532,1.087209302325581,0.0047021943573667,4.636852102290581,0.0205333333333333,0.0201845444059976,-16.61628053072511,287700000.0,-945300000.0,-1852800000.0,2548500000.0,334000000.0,119650000.0,148950000.0,66.82489923869234,36.95991847826087,46.95652173913044,1.3468033775633292,2.435070306038048,1.9166666666666667,0.0672789406236651,0.3010458227239835,2015-05-05,0.43,amc,417473913.0,2025-04-25,2015-03-31,0.0697674418604651,30.356875,1022227.71875
2014-12-31,CTLT,USD,1596783,2015-02-12,2015-02-11 17:37:34,2015,Q2,455800000.0,299700000.0,156100000.0,0.3424747696,13400000,88100000.0,0.0,88100000.0,3600000.0,88100000.0,387800000.0,0.0,23900000.0,35200000.0,101200000.0,0.1570864414,62400000.0,0.1369021501,-20300000.0,42100000.0,0.0923650724,-4100000.0,46500000.0,0.1020184291,0.37,0.37,125675676,126000000,https://www.sec.gov/Archives/edgar/data/1596783/000159678315000008/0001596783-15-000008-index.htm,https://www.sec.gov/Archives/edgar/data/1596783/000159678315000008/a10-qfy15xq2.htm,3.626795689565258,0.3699999990451613,0.319870966916462,0.0007956989226777,0.6691827939720014,3.9180214952653207,-7.819333313154408,3.9180214952653207,15.58058060495334,3503837846.88,5353937846.879999,18.837837886451613,7.687226517946467,87.16014544477612,35038.378468799994,7.11583640714866,7.11583640714866,11.746243630715224,52.90452417865612,133.1825335044776,53539.3784688,0.0132711620891377,2.8540133525027485e-05,3.928107229894395,0.6366479049405879,18.281620553359684,1.83982683982684,2.6108786610878663,0.8701298701298701,0.0,0.0,0.1932865291794646,0.0293988591487494,0.4855337217339784,0.9975124378109452,0.087977182974989,1.1392045454545454,0.006143045195261,5.711175786465474,0.0282193025714796,0.0297504798464491,-17.005279526007882,291000000.0,-982700000.0,-1908200000.0,2631200000.0,334300000.0,117550000.0,143350000.0,66.42387011847302,35.55555555555556,43.333333333333336,1.3549346016646848,2.53125,2.076923076923077,0.0944354183590576,0.3190752679937843,2015-02-11,0.34,amc,352209090.0,2025-04-25,2014-12-31,0.2941176470588234,30.15396825396825,690776.2380952381
2014-09-30,CTLT,USD,1596783,2014-11-14,2014-11-13 18:10:36,2015,Q1,418300000.0,293000000.0,125300000.0,0.2995457805,11600000,81400000.0,0.0,81400000.0,-41300000.0,81400000.0,374400000.0,0.0,35500000.0,35000000.0,36200000.0,0.0062156347,42500000.0,0.1016017213,-76800000.0,-34300000.0,-0.0819985656,-14000000.0,-19500000.0,-0.0466172603,-0.19,-0.18,104737393,108333333,https://www.sec.gov/Archives/edgar/data/1596783/000159678314000015/0001596783-14-000015-index.htm,https://www.sec.gov/Archives/edgar/data/1596783/000159678314000015/a10-qfy15xq1.htm,3.9937980889022127,-0.1861799252536293,-0.3799980012868947,-0.6778858816927017,0.6034139115912499,4.802487302696182,-8.743773104988398,4.802487302696182,17.684228592552422,2621576946.79,4375076946.79,-33.60996085628205,6.267217180946689,-65.86876750728644,-36.92361896887324,5.211882597992048,5.211882597992048,10.459184668395888,120.85847919309391,-109.92655645201005,-61.62080206746479,-0.0074382710848433,-0.0270829357448142,3.6117296222664015,0.6155592450784401,48.43922651933702,1.6395656779661016,1.1971830985915493,1.9605911330049264,0.0,0.0,0.1945971790580923,0.0277312933301458,0.4807373022058076,-0.7839195979899497,0.0745876165431508,0.8914285714285715,0.003585943103036,4.485292784040779,0.0108432388776521,-0.0127243066884176,-19.71358977781698,241500000.0,-915800000.0,-1829200000.0,2513600000.0,367950000.0,132400000.0,138600000.0,71.4750179297155,35.84641638225256,43.74061433447099,1.2591812161348586,2.5107112253641817,2.057584269662921,-0.0387673956262425,0.2978878804058069,2014-11-13,0.2,amc,643538461.0,2025-04-25,2014-09-30,-0.35,28.807377049180328,627108.7049180327
2014-06-30,CTLT,USD,1596783,2014-09-08,2014-09-08 15:45:22,2014,Q4,519600000.0,329300000.0,190300000.0,0.366243264,14600000,78600000.0,0.0,78600000.0,-7600000.0,78600000.0,407900000.0,0.0,40300000.0,34000000.0,127500000.0,0.2003464203,101100000.0,0.1945727483,-47900000.0,53200000.0,0.1023864511,26200000.0,27200000.0,0.05234796,0.23,0.23,117301370,117301370,https://www.sec.gov/Archives/edgar/data/1596783/000159678314000008/0001596783-14-000008-index.htm,https://www.sec.gov/Archives/edgar/data/1596783/000159678314000008/a10-kfy14xq4.htm,4.429615783686073,0.2318813497233664,0.72462921788552,0.2097162207056916,0.6342636918903846,-3.1696134495274864,-15.571003134916497,-3.1696134495274864,23.451559005662084,2344854386.3,4981054386.299999,21.551970462316177,4.512806748075442,27.586522191764704,95.31928399593497,-6.306762738838084,-6.306762738838084,9.586324838914548,39.067093225882346,58.60063983882352,202.4818856219512,0.0115998674198782,0.0104910565635663,-7.290478752017213,0.8771600543654132,20.67607843137255,1.5176600441501105,2.508684863523573,3.1481481481481484,0.0,0.0,0.151270207852194,0.0280985373364126,0.4707462300174746,0.7105882352941176,0.1162432640492686,1.776470588235294,0.0021170130869899,4.066561263217339,0.0219386652881562,0.016630999694283,-25.723697856214297,234500000.0,-1826500000.0,-2774500000.0,2562200000.0,373950000.0,139200000.0,151050000.0,69.92494226327945,40.47676890373519,36.84178560583055,1.287094377012633,2.223497636731938,2.442878338278932,-0.07315761161915,0.5149129971798283,2014-09-08,,bmo,,2025-04-25,2014-06-30,,26.29421875,434610.796875
2014-03-31,CTLT,USD,1596783,2014-03-31,2014-03-30 20:00:00,2014,Q3,453100000.0,301400000.0,151700000.0,0.3348046789,13200000,87600000.0,0.0,87600000.0,-700000.0,87600000.0,389000000.0,0.0,40400000.0,35100000.0,98500000.0,0.2173913043,60200000.0,0.1328625028,-49500000.0,14600000.0,0.0322224674,6600000.0,6700000.0,0.0147870227,0.0571,0.0571,117321337,117321337,,,3.862042588212237,0.0571081115449613,0.450898373243053,0.2616744812582557,0.4747644497096039,-3.412848934716794,-15.78570486287588,-3.4094394952215725,23.368298300248657,2345253526.63,4990753526.629999,87.50945994888059,5.176017494217612,44.33371505916824,76.39262301726383,-5.863133816574999,-5.863133816574999,11.014684455153386,50.66754849370557,94.34316685500944,162.5652614537459,0.0028568339942451,0.0130902691975115,-6.753,0.8738919443545778,26.85786802030457,1.5180256472296152,1.49009900990099,6.6125,0.0,0.0,0.1933348046788788,0.0291326418009269,0.4696214817211258,0.4196597353497164,0.0489958066651953,0.6324786324786325,0.0024277201500772,2.093059876705748,0.0143343913479328,0.0040868610467244,-26.37116213566506,214100000.0,-1852000000.0,-2864000000.0,2503300000.0,330750000.0,125400000.0,159950000.0,68.36901346281175,38.90842733908427,49.95686794956868,1.3163858221963975,2.3131235610130467,1.801554094441124,-0.01675,0.1892238919847972,2014-09-04,,amc,,2025-04-25,2014-03-31,,22.09441860465116,1216035.3488372094
2013-12-31,CTLT,USD,1596783,2013-12-31,2013-12-30 19:00:00,2014,Q2,440700000.0,303300000.0,137400000.0,0.3117767189,12900000,87500000.0,0.0,87500000.0,-500000.0,87500000.0,390800000.0,0.0,41500000.0,37300000.0,83200000.0,0.1967324711,44500000.0,0.1009757204,-45500000.0,4400000.0,0.0099841162,23300000.0,-19200000.0,-0.0435670524,-0.16,-0.16,117321337,117321337,,,3.756349963860368,-0.1636530957706354,0.1295587008184197,-0.0494368726807128,0.5472150389830623,-3.527917517680522,-15.909297044577665,-3.529622237428133,23.629972781506915,2345253526.63,5011853526.629999,-30.537155294661456,5.321655381506693,154.29299517302633,-404.3540563155172,-5.663495596788215,-5.663495596788215,11.37248360932607,60.23862411814903,329.72720569934205,-864.1126770051723,-0.008186748162613,-0.0024730801741227,-6.594542381067375,0.8886719385596668,32.05048076923077,1.5076354679802957,1.072289156626506,-0.8042328042328042,0.0,0.0,0.1985477649194463,0.0292716133424098,0.4727130723420872,1.381578947368421,0.0476514635806671,0.5630026809651475,0.0024960290447016,3.6051014044350818,-0.0825086231591174,-0.0118496574708387,-26.494115047461484,206100000.0,-1866500000.0,-2874700000.0,2496900000.0,306150000.0,122650000.0,148900000.0,64.79918311776719,35.7566765578635,45.281899109792285,1.388906397730854,2.51701244813278,1.9875491480996068,0.0463656121709731,0.1789955734991325,2013-12-30,,bmo,,2025-04-25,2013-12-31,,,
2013-09-30,CTLT,USD,1596783,2013-09-30,2013-09-29 20:00:00,2014,Q1,414300000.0,295100000.0,119200000.0,0.2877142168,10800000,81100000.0,0.0,81100000.0,1000000.0,81100000.0,376200000.0,0.0,40900000.0,36500000.0,72600000.0,0.1824764663,35100000.0,0.0847212165,-42900000.0,-4800000.0,-0.0115858074,-6600000.0,1500000.0,0.0036205648,0.0128,0.0128,117321337,117321337,,,3.531326957175744,0.0127853981070808,0.214794688198959,0.0545510319235451,0.8165607591055666,-3.298632711626871,-15.441351473858502,-3.297780351753066,23.39386909646282,2345253526.63,4953153526.629999,390.8755877716667,5.660761589741732,93.0656161361111,366.4458635359375,-6.061652950710777,-6.061652950710777,11.95547556512189,68.22525518774104,196.55371137420636,773.9302385359374,0.0006395897002041,0.0027289160542043,-6.988110622899974,0.8889071541294056,35.921487603305785,1.769583931133429,0.8581907090464548,14.0,0.0,0.0,0.1957518706251508,0.0260680666183924,0.4683719095213046,0.746031746031746,0.0453777455949794,0.5150684931506849,0.002896451846488,0.9740006570863416,-0.0056813276933701,0.0009276437847866,-25.902790385008995,268200000.0,-1811600000.0,-2811900000.0,2520100000.0,326500000.0,137800000.0,140950000.0,64.08399710354816,38.06167400881057,44.2832937987123,1.404406779661017,2.364583333333333,2.0323691460055096,-0.0038769707934866,0.1602436562754139,2013-09-29,,bmo,,2025-04-25,2013-09-30,,,
2013-06-30,CTLT,USD,1596783,2013-06-30,2013-06-29 20:00:00,2013,Q4,505200000.0,331500000.0,173700000.0,0.343824228,13000000,0.0,0.0,88900000.0,-4800000.0,88900000.0,420400000.0,0.0,42500000.0,37300000.0,117300000.0,0.2321852732,78500000.0,0.1553840063,-53600000.0,31200000.0,0.0617577197,18200000.0,19200000.0,0.0380047506,0.16,0.16,117321337,117321337,,,4.306122082464846,0.1636530957706354,0.4645361312239393,0.143196458799306,0.9069109057289384,-3.497232562223528,-15.392766961051594,-3.5006420017187496,23.304371309713257,2345253526.63,4930453526.629999,30.537155294661456,4.64222788327395,43.03217480055045,139.59842420416663,-5.710381121572924,-5.710381121572924,9.759409197604906,42.032851889428805,90.46703718587156,293.479376585119,0.008186748162613,0.0071634046422864,-6.553688823959094,0.8805286574195237,22.03921568627451,1.652205703144041,1.847058823529412,4.1923076923076925,0.0,0.0,0.0,0.0257323832145684,0.4565558754252813,0.691743119266055,0.0746239113222486,1.0107238605898123,0.001187648456057,3.590270918361833,0.0143400996682596,0.0115579099446183,-25.77408404406438,267600000.0,-1805900000.0,-2789200000.0,2477700000.0,,,,63.77672209026129,40.94117647058823,37.1131221719457,1.411173184357542,2.1982758620689653,2.4250182882223847,-0.0467494521548575,0.3213396724246332,2013-06-29,,bmo,,2025-04-25,2013-06-30,,,
2013-03-31,CTLT,USD,1596783,2013-03-31,2013-03-30 20:00:00,2013,Q3,447000000.0,309600000.0,137400000.0,0.3073825503,12500000,0.0,0.0,83700000.0,-8300000.0,83700000.0,393300000.0,0.0,53600000.0,39100000.0,78700000.0,0.1890380313,47900000.0,0.1071588367,-67700000.0,-14000000.0,-0.0313199105,-100000.0,-18800000.0,-0.0420581655,-0.16,-0.16,117321337,117321337,,,3.8100486359101073,-0.1602436562754139,0.490106927438101,0.2173517678203752,,,,,,2345253526.63,,-31.18688200305851,5.246652184854585,40.78701785443478,91.9707265345098,0.0,0.0,,,,,-0.0080161909092253,0.0108730249034705,0.0,0.0,,0.0,0.8936567164179104,-4.136690647482014,0.0,0.0,0.0,0.0279642058165548,0.0,0.5565217391304348,0.0715883668903803,0.8184143222506394,0.0013422818791946,,0.0,0.0,,,,,,,,,,,,0.0,0.0,0.0,0.0,0.2727551596177258,2013-03-30,,bmo,,2025-04-25,2013-03-31,,,
2012-12-31,CTLT,USD,1596783,2012-12-31,2012-12-30 19:00:00,2013,Q2,436100000.0,296100000.0,140000000.0,0.3210272873,12900000,0.0,0.0,86200000.0,0.0,86200000.0,382300000.0,0.0,53200000.0,38500000.0,72100000.0,0.1841320798,45600000.0,0.1045631736,-73400000.0,-19600000.0,-0.0449438202,8000000.0,-27400000.0,-0.0628296262,-0.23,-0.23,117321337,117321337,,,3.7171414096653193,-0.2335466054226777,0.1159209428375334,-0.1244445415755874,,,,,,2345253526.63,,-21.39829860063869,5.37778841235955,172.44511225220586,-160.6338031938356,0.0,0.0,,,,,-0.0116831718570624,-0.0062253397486536,0.0,0.0,,0.0,0.8571428571428571,-0.4927536231884058,0.0,0.0,0.0,0.0295803714744324,0.0,2.073529411764706,0.0646640678743407,0.7324675324675325,0.0013758312313689,,0.0,0.0,,,,,,,,,,,,0.0,0.0,0.0,0.0,0.2403654844131208,2012-12-30,,bmo,,2025-04-25,2012-12-31,,,
2012-09-30,CTLT,USD,1596783,2012-09-30,2012-09-29 20:00:00,2013,Q1,412000000.0,294500000.0,117500000.0,0.2851941748,11100000,81800000.0,0.0,81800000.0,0.0,81800000.0,376300000.0,0.0,53900000.0,37300000.0,73000000.0,0.177184466,32400000.0,0.0786407767,-57200000.0,-21500000.0,-0.052184466,-2000000.0,-19700000.0,-0.047815534,-0.17,-0.17,117321337,117321337,,,3.51172268007822,-0.1679148951396624,0.1031355447304525,-0.1065449842256741,1.1847802245894965,0.0,0.0,-2.989226077435513,0.4594219719811069,2345253526.63,2484253526.63,-29.762100591751263,5.692362928713592,193.82260550661155,-187.6202821304,-6.68734966247505,-6.68734966247505,6.02974156949029,34.030870227808215,205.31020881239667,-198.7402821304,-0.0083999447293477,-0.0053299141683678,0.0,0.0,1.904109589041096,0.0,0.601113172541744,-0.6205128205128205,0.0,0.0,0.1985436893203883,0.0269417475728155,0.0,2.0330578512396693,0.0597087378640776,0.6595174262734584,0.0024271844660194,3.3605878392299013,-0.0837925477947759,0.0,1.1847802245894965,139000000.0,0.0,139000000.0,139000000.0,,,,0.0,0.0,0.0,0.0,0.0,0.0,0.056173367550613,0.2096805289561267,2012-09-29,,bmo,,2025-04-25,2012-09-30,,,
