date,symbol,reportedCurrency,cik,fillingDate,acceptedDate,calendarYear,period,revenue,costOfRevenue,grossProfit,grossProfitRatio,researchAndDevelopmentExpenses,generalAndAdministrativeExpenses,sellingAndMarketingExpenses,sellingGeneralAndAdministrativeExpenses,otherExpenses,operatingExpenses,costAndExpenses,interestIncome,interestExpense,depreciationAndAmortization,ebitda,ebitdaratio,operatingIncome,operatingIncomeRatio,totalOtherIncomeExpensesNet,incomeBeforeTax,incomeBeforeTaxRatio,incomeTaxExpense,netIncome,netIncomeRatio,eps,epsdiluted,weightedAverageShsOut,weightedAverageShsOutDil,link,finalLink,revenuePerShare,netIncomePerShare,operatingCashFlowPerShare,freeCashFlowPerShare,cashPerShare,bookValuePerShare,tangibleBookValuePerShare,shareholdersEquityPerShare,interestDebtPerShare,marketCap,enterpriseValue,peRatio,priceToSalesRatio,pocfratio,pfcfRatio,pbRatio,ptbRatio,evToSales,enterpriseValueOverEBITDA,evToOperatingCashFlow,evToFreeCashFlow,earningsYield,freeCashFlowYield,debtToEquity,debtToAssets,netDebtToEBITDA,currentRatio,interestCoverage,incomeQuality,dividendYield,payoutRatio,salesGeneralAndAdministrativeToRevenue,researchAndDdevelopementToRevenue,intangiblesToTotalAssets,capexToOperatingCashFlow,capexToRevenue,capexToDepreciation,stockBasedCompensationToRevenue,grahamNumber,roic,returnOnTangibleAssets,grahamNetNet,workingCapital,tangibleAssetValue,netCurrentAssetValue,investedCapital,averageReceivables,averagePayables,averageInventory,daysSalesOutstanding,daysPayablesOutstanding,daysOfInventoryOnHand,receivablesTurnover,payablesTurnover,inventoryTurnover,roe,capexPerShare,report_date,epsEstimated,time,revenueEstimated,updatedFromDate,fiscalDateEnding,surprise(%),QuarterAvgPrice,QuarterAvgVolume
2025-03-31,CTRA,USD,858470,2025-05-05,2025-05-05 17:22:33,2025,Q1,924000000.0,282000000.0,642000000.0,0.6948051948,0,76000000.0,0.0,76000000.0,0.0,76000000.0,358000000.0,-8000000.0,53000000.0,506000000.0,1216000000.0,1.316017316,702000000.0,0.7597402597,-45000000.0,657000000.0,0.711038961,141000000.0,516000000.0,0.5584415584,0.68,0.68,756000000,756000000,https://www.sec.gov/Archives/edgar/data/858470/000085847025000103/0000858470-25-000103-index.htm,https://www.sec.gov/Archives/edgar/data/858470/000085847025000103/ctra-3312025xxexx991earnin.htm,1.2222222222222223,0.6825396825396826,1.5132275132275133,1.5132275132275133,0.246031746031746,22.98148148148148,22.98148148148148,22.98148148148148,0.0701058201058201,21848400000.0,21662400000.0,10.58546511627907,23.645454545454545,19.098251748251748,19.098251748251748,1.2575342465753423,1.2575342465753423,23.444155844155844,17.814473684210526,18.93566433566433,18.93566433566433,0.0236172900532762,0.0523608136064883,0.0,0.0,-0.1529605263157894,0.1156716417910447,13.245283018867925,2.2170542635658914,0.008147049669541,0.3449612403100775,0.0822510822510822,0.0,0.0,0.0,0.0,0.0,0.0162337662337662,18.78642845726388,0.026687761544771,0.0231733057888354,-6.226190476190476,-1422000000.0,17374000000.0,-4707000000.0,20659000000.0,485500000.0,29500000.0,23000000.0,0.0,0.0,0.0,0.0,0.0,0.0,0.029699551053298,0.0,2025-05-05,0.78,amc,2028537060.0,2025-05-11,2025-03-31,0.0256410256410256,27.8885,6622578.75
2024-12-31,CTRA,USD,858470,2025-02-25,2025-02-25 17:29:26,2024,Q4,1446000000.0,899000000.0,547000000.0,0.3782849239,0,84000000.0,0.0,84000000.0,0.0,170000000.0,1069000000.0,11000000.0,29000000.0,481000000.0,835000000.0,0.5774550484,326000000.0,0.2254495159,-18000000.0,308000000.0,0.2130013831,11000000.0,297000000.0,0.2053941909,0.4,0.4,736000000,736000000,https://www.sec.gov/Archives/edgar/data/858470/000085847025000075/0000858470-25-000075-index.htm,https://www.sec.gov/Archives/edgar/data/858470/000085847025000075/cog-20241231.htm,1.9646739130434785,0.4035326086956521,0.8505434782608695,0.2581521739130434,2.7690217391304346,17.828804347826086,17.828804347826086,17.828804347826086,5.205163043478261,18797440000.0,20561440000.0,15.822760942760942,12.999612724757952,30.027859424920127,98.9338947368421,1.4325133363816491,1.4325133363816491,14.219529737206086,24.624479041916167,32.845750798722044,108.2181052631579,0.0158000238330325,0.0101077593544652,0.2897424173144338,0.1758150289017341,2.112574850299401,2.9234154929577465,11.241379310344827,2.107744107744108,0.0082458036839058,0.5218855218855218,0.0580912863070539,0.0,0.0,0.0,0.0,0.0,0.0124481327800829,12.723063247074563,0.015251911254046,0.0137341040462427,-7.763247282608695,2185000000.0,13122000000.0,-5182000000.0,20326000000.0,871000000.0,68500000.0,46000000.0,60.43568464730291,5.906562847608455,4.60511679644049,1.4891864057672504,15.23728813559322,19.543478260869566,0.022633744855967,0.0,2025-02-24,0.4329,amc,1409337848.0,2025-05-11,2024-12-31,0.1319011319011318,24.8575,5921815.1875
2024-09-30,CTRA,USD,858470,2024-11-01,2024-11-01 16:06:19,2024,Q3,1359000000.0,883000000.0,476000000.0,0.3502575423,0,75000000.0,0.0,75000000.0,0.0,75000000.0,1032000000.0,16000000.0,24000000.0,480000000.0,818000000.0,0.6019131714,327000000.0,0.2406181015,-8000000.0,319000000.0,0.2347314202,67000000.0,252000000.0,0.1854304636,0.34,0.34,738000000,738000000,https://www.sec.gov/Archives/edgar/data/858470/000085847024000121/0000858470-24-000121-index.htm,https://www.sec.gov/Archives/edgar/data/858470/000085847024000121/ctra-20240930.htm,1.8414634146341464,0.3414634146341463,1.0230352303523036,0.4864498644986449,1.1422764227642277,17.67208672086721,17.67208672086721,17.661246612466126,3.2330623306233064,17675100000.0,19194100000.0,17.534821428571426,13.00596026490066,23.41072847682119,49.23426183844011,1.3560764155286174,1.3560764155286174,14.123693892568063,23.46466992665037,25.42264900662252,53.46545961002786,0.0142573450786699,0.0203110590604862,0.1812183520024551,0.117360628043327,1.856968215158924,1.6064814814814814,13.625,2.996031746031746,0.0088259755248909,0.6190476190476191,0.0551876379690949,0.0,0.0,0.5245033112582781,0.2913907284768212,13.2,0.0132450331125827,11.648607875503396,0.0134731001521045,0.0125211169631322,-7.641937669376694,655000000.0,13042000000.0,-5349000000.0,18874000000.0,848500000.0,406500000.0,45500000.0,51.05960264900662,7.950169875424688,4.688561721404303,1.7626459143968871,11.32051282051282,19.195652173913043,0.0193340494092373,0.5365853658536586,2024-10-31,0.34,amc,1284102799.0,2025-04-25,2024-09-30,-0.0588235294117647,24.66953125,5689173.3125
2024-06-30,CTRA,USD,858470,2024-08-02,2024-08-02 16:30:11,2024,Q2,1299000000.0,908000000.0,391000000.0,0.3010007698,0,68000000.0,5000000.0,68000000.0,-54000000.0,68000000.0,976000000.0,25000000.0,39000000.0,447000000.0,762000000.0,0.5866050808,323000000.0,0.2486528099,-15000000.0,281000000.0,0.2163202463,61000000.0,220000000.0,0.169361047,0.3,0.29,742000000,748000000,https://www.sec.gov/Archives/edgar/data/858470/000085847024000106/0000858470-24-000106-index.htm,https://www.sec.gov/Archives/edgar/data/858470/000085847024000106/ctra-20240630.htm,1.7506738544474394,0.2964959568733153,0.7520215633423181,0.1037735849056603,1.7911051212938005,17.570080862533693,22.138814016172507,17.570080862533693,4.048517520215634,19692680000.0,21578680000.0,22.378045454545457,15.159876828329484,35.29154121863799,255.7490909090909,1.510522359438521,1.510522359438521,16.61176289453426,28.318477690288717,38.67146953405018,280.2425974025974,0.0111716637857315,0.003910082325006,0.2274296233796118,0.1427952225004816,2.4750656167979,1.4036036036036037,8.282051282051283,2.536363636363636,0.0079217252298823,0.7090909090909091,0.052347959969207,0.0,-0.1632633403968406,0.8620071684587813,0.3702848344880677,1.0760626398210291,0.0100076982294072,10.826486207341938,0.0127679774955861,0.0091082222406226,-7.65633423180593,672000000.0,16427000000.0,-5390000000.0,15574000000.0,902000000.0,761500000.0,48500000.0,64.15704387990762,72.85242290748899,4.46035242290749,1.4028077753779695,1.235374149659864,20.177777777777777,0.0168750479404771,0.6482479784366577,2024-08-01,0.39,amc,1322946243.0,2025-04-25,2024-06-30,-0.0512820512820513,27.717142857142857,6205012.873015873
2024-03-31,CTRA,USD,858470,2024-05-03,2024-05-03 14:26:07,2024,Q1,1365000000.0,917000000.0,448000000.0,0.3282051282,0,75000000.0,0.0,75000000.0,0.0,75000000.0,992000000.0,21000000.0,23000000.0,432000000.0,888000000.0,0.6505494505,373000000.0,0.2732600733,-3000000.0,437000000.0,0.3201465201,85000000.0,352000000.0,0.2578754579,0.47,0.47,750000000,755000000,https://www.sec.gov/Archives/edgar/data/858470/000085847024000069/0000858470-24-000069-index.htm,https://www.sec.gov/Archives/edgar/data/858470/000085847024000069/ctra-20240331.htm,1.82,0.4693333333333333,1.1413333333333333,0.5306666666666666,2.064,17.462666666666667,21.984,17.462666666666667,4.014666666666667,21007500000.0,22697500000.0,14.920099431818183,15.39010989010989,24.541471962616825,52.78266331658291,1.6039932809040238,1.6039932809040238,16.628205128205128,25.56024774774775,26.515771028037385,57.028894472361806,0.0167559205045816,0.0189456146614304,0.2281438497365809,0.1426048775831623,1.9031531531531527,1.492100643651258,16.217391304347824,2.4318181818181817,0.0075211234083065,0.4488636363636363,0.0549450549450549,0.0,-0.1618384002290841,0.5350467289719626,0.3355311355311355,1.0601851851851851,0.0087912087912087,13.579608241771924,0.0150661173696626,0.0144594150509365,-7.498,841000000.0,16488000000.0,-5306000000.0,15721000000.0,886000000.0,775500000.0,55500000.0,57.89010989010989,77.3391494002181,5.103598691384951,1.5546697038724373,1.1637055837563453,17.634615384615383,0.026876383904711,0.6106666666666667,2024-05-02,0.41,amc,1385233500.0,2025-04-25,2024-03-31,0.2439024390243903,25.6472131147541,7097958.229508197
2023-12-31,CTRA,USD,858470,2024-02-23,2024-02-23 13:38:25,2023,Q4,1429000000.0,941000000.0,488000000.0,0.3414975507,0,76000000.0,0.0,76000000.0,-90000000.0,76000000.0,1017000000.0,15000000.0,23000000.0,456000000.0,1048000000.0,0.733379986,412000000.0,0.2883135059,-8000000.0,569000000.0,0.3981805458,153000000.0,416000000.0,0.2911126662,0.55,0.55,751000000,754251820,https://www.sec.gov/Archives/edgar/data/858470/000085847024000019/0000858470-24-000019-index.htm,https://www.sec.gov/Archives/edgar/data/858470/000085847024000019/cog-20231231.htm,1.902796271637816,0.5539280958721704,1.0119840213049267,0.3861517976031957,1.284953395472703,17.3728362183755,17.3728362183755,17.3728362183755,3.394141145139814,19165520000.0,20726520000.0,11.517740384615385,13.41184044786564,25.21778947368421,66.088,1.468959914156511,1.468959914156511,14.504212736179149,19.777213740458016,27.271736842105263,71.47075862068965,0.0217056463899753,0.0151313400314731,0.1936077259140032,0.1221470019342359,1.4895038167938932,1.213855421686747,17.91304347826087,1.8269230769230769,0.0078787322232843,0.3629807692307692,0.053184044786564,0.0,0.0,0.618421052631579,0.3289013296011197,1.030701754385965,0.0097970608817354,14.71476459012294,0.0152769776698811,0.0201160541586073,-7.946737683089214,355000000.0,13047000000.0,-5618000000.0,18625000000.0,810500000.0,642000000.0,61500000.0,56.30510846745976,72.97555791710946,5.642933049946865,1.5984340044742729,1.2332896461336829,15.94915254237288,0.0318847244577297,0.625832223701731,2024-02-22,0.55,amc,1528380000.0,2025-04-25,2023-12-31,-0.0545454545454545,26.78761904761905,6583611.746031746
2023-09-30,CTRA,USD,858470,2023-11-07,2023-11-07 16:45:23,2023,Q3,1356000000.0,793000000.0,563000000.0,0.4151917404,0,80000000.0,0.0,80000000.0,0.0,147000000.0,940000000.0,10000000.0,17000000.0,421000000.0,855000000.0,0.6305309735,424000000.0,0.3126843658,-7000000.0,417000000.0,0.3075221239,94000000.0,323000000.0,0.23820059,0.43,0.42,753000000,758000000,https://www.sec.gov/Archives/edgar/data/858470/000085847023000056/0000858470-23-000056-index.htm,https://www.sec.gov/Archives/edgar/data/858470/000085847023000056/ctra-20230930.htm,1.800796812749004,0.4289508632138114,1.0066401062417,0.2788844621513944,1.1248339973439574,16.98406374501992,16.98406374501992,16.98406374501992,2.900398406374502,20368650000.0,21688650000.0,15.765208978328172,15.02112831858407,26.87156992084433,96.99357142857144,1.5926694815857378,1.5926694815857378,15.9945796460177,25.36684210526316,28.612994722955143,103.27928571428572,0.0158577028914532,0.0103099616322142,0.1694424896395339,0.1078055818118501,1.543859649122807,1.0445121951219511,24.94117647058824,2.346749226006192,0.0074133533641159,0.4674922600619195,0.0589970501474926,0.0,0.0,0.7229551451187335,0.4041297935103244,1.3333333333333333,0.0140117994100294,12.80312063900265,0.0171437105157446,0.0160688522959056,-7.819057104913679,73000000.0,12789000000.0,-5599000000.0,18001000000.0,665500000.0,573500000.0,64500000.0,48.25221238938053,59.12988650693568,7.263556116015132,1.8651994497936728,1.5220729366602688,12.390625,0.0252560794432715,0.7277556440903055,2023-11-06,0.44,amc,1364730000.0,2025-04-25,2023-09-30,0.1363636363636363,27.25015873015873,5730200.603174604
2023-06-30,CTRA,USD,858470,2023-08-08,2023-08-08 16:54:39,2023,Q2,1185000000.0,783000000.0,402000000.0,0.3392405063,0,55000000.0,0.0,55000000.0,0.0,123000000.0,906000000.0,10000000.0,16000000.0,395000000.0,681000000.0,0.5746835443,276000000.0,0.2329113924,-6000000.0,270000000.0,0.2278481013,61000000.0,209000000.0,0.176371308,0.28,0.27,755000000,760000000,https://www.sec.gov/Archives/edgar/data/858470/000085847023000037/0000858470-23-000037-index.htm,https://www.sec.gov/Archives/edgar/data/858470/000085847023000037/cog-20230630.htm,1.5695364238410596,0.2768211920529801,0.8556291390728477,0.0649006622516556,1.113907284768212,16.766887417218545,16.766887417218545,16.766887417218545,2.8966887417218543,19101500000.0,20431500000.0,22.84868421052632,16.11940928270042,29.56888544891641,389.8265306122449,1.5089264554862152,1.5089264554862152,17.241772151898733,30.00220264317181,31.62770897832817,416.9693877551021,0.0109415490930031,0.0025652435672591,0.171498538589146,0.1092107248855576,1.9530102790014685,1.742826780021254,17.25,3.090909090909091,0.0079574902494568,0.7272727272727273,0.0464135021097046,0.0,0.0,0.9241486068111456,0.5037974683544304,1.4668304668304668,0.0059071729957805,10.21920592030919,0.0112096355760766,0.010513607324312,-7.805960264900662,699000000.0,12659000000.0,-5580000000.0,18500000000.0,615000000.0,343000000.0,60500000.0,45.87341772151899,71.95402298850574,7.471264367816092,1.9619205298013245,1.2507987220447283,12.046153846153846,0.0165099928904336,0.7907284768211921,2023-08-07,0.36,amc,1401140000.0,2025-04-25,2023-06-30,0.0833333333333334,24.863225806451613,7271981.580645162
2023-03-31,CTRA,USD,858470,2023-05-05,2023-05-05 11:23:27,2023,Q1,1777000000.0,736000000.0,1041000000.0,0.5858187957,0,69000000.0,0.0,69000000.0,95000000.0,164000000.0,900000000.0,17000000.0,21000000.0,366000000.0,1259000000.0,0.7084974676,877000000.0,0.4935284187,-5000000.0,872000000.0,0.4907146877,195000000.0,677000000.0,0.3809791784,0.88,0.88,769318181,768000000,https://www.sec.gov/Archives/edgar/data/858470/000085847023000028/0000858470-23-000028-index.htm,https://www.sec.gov/Archives/edgar/data/858470/000085847023000028/cog-20230331.htm,2.3098375209203588,0.8800000009358937,1.941979322597083,1.312850813803918,1.2647562790408042,16.434032513785088,16.434032513785088,16.434032513785088,3.3783161040360232,18879068161.74,20484068161.74,6.971590901676513,10.62412389518289,12.636591808393574,18.69214669479208,1.4932427558127026,1.4932427558127026,11.527331548531231,16.27010973926926,13.710888997148594,20.281255605683167,0.0358598207390339,0.0534984031704938,0.2039073004824804,0.1280103282188787,1.2748212867355044,1.6583953680727874,41.76190476190476,2.206794682422452,0.02309436018053,0.6440177252584933,0.0388294879009566,0.0,0.0,0.323962516733601,0.2723691615081598,16.689655172413794,0.0090039392234102,18.038676340546893,0.0357380789803666,0.033616366254531,-7.832259978787633,796000000.0,12643000000.0,-5491000000.0,18843000000.0,968000000.0,431500000.0,59500000.0,31.705120990433315,7.33695652173913,6.8478260869565215,2.8386581469648564,12.266666666666667,13.142857142857142,0.0535474175433045,0.6291285087931647,2023-05-04,0.7,amc,1613410000.0,2025-04-25,2023-03-31,0.2428571428571429,24.580967741935485,9412788.225806452
2022-12-31,CTRA,USD,858470,2023-02-27,2023-02-27 16:31:43,2022,Q4,2280000000.0,794000000.0,1486000000.0,0.651754386,0,84000000.0,0.0,84000000.0,96000000.0,180000000.0,974000000.0,10000000.0,11000000.0,439000000.0,1745000000.0,0.7653508772,1295000000.0,0.5679824561,-7000000.0,1288000000.0,0.5649122807,256000000.0,1032000000.0,0.4526315789,1.32,1.32,781000000,781873560,https://www.sec.gov/Archives/edgar/data/858470/000085847023000011/0000858470-23-000011-index.htm,https://www.sec.gov/Archives/edgar/data/858470/000085847023000011/cog-20221231.htm,2.9193341869398206,1.321382842509603,1.9001280409731112,1.2535211267605637,0.8617157490396927,16.208706786171575,16.208706786171575,16.208706786171575,2.9603072983354672,19189170000.0,20817170000.0,4.648539244186047,8.416302631578947,12.930707547169812,19.600786516853933,1.5158519630302552,1.5158519630302552,9.130337719298243,11.929610315186247,14.02774258760108,21.26370786516853,0.0537803354704763,0.0510183608775158,0.1817679121573584,0.1141708841917237,0.9329512893982808,1.853310980720872,117.72727272727272,1.437984496124031,0.0277760841141122,0.5164728682170543,0.0368421052631578,0.0,0.0,0.3402964959568733,0.2214912280701754,0.3296344647519582,0.0048245614035087,21.95228709147664,0.0543791570490107,0.0512057159869008,-7.436619718309859,1018000000.0,12659000000.0,-5284000000.0,18497000000.0,1399500000.0,883000000.0,60000000.0,51.71052631578948,91.02015113350126,7.141057934508816,1.7404580152671756,0.9887920298879204,12.603174603174605,0.0815230270953471,0.646606914212548,2023-02-22,1.1,amc,2069554107.0,2025-04-25,2022-12-31,0.0545454545454543,27.58142857142857,9438591.174603175
2022-09-30,CTRA,USD,858470,2022-11-04,2022-11-04 12:58:20,2022,Q3,2520000000.0,373000000.0,2147000000.0,0.851984127,0,107000000.0,0.0,107000000.0,534000000.0,641000000.0,1014000000.0,13000000.0,29000000.0,422000000.0,1954000000.0,0.7753968254,1506000000.0,0.5976190476,9000000.0,1515000000.0,0.6011904762,319000000.0,1196000000.0,0.4746031746,1.51,1.5,792000000,797000000,https://www.sec.gov/Archives/edgar/data/858470/000085847022000042/0000858470-22-000042-index.htm,https://www.sec.gov/Archives/edgar/data/858470/000085847022000042/cog-20220930.htm,3.1818181818181817,1.5101010101010102,2.236111111111111,1.6553030303030305,0.9823232323232324,15.983585858585858,15.98611111111111,15.983585858585858,3.428030303030303,20687040000.0,22595040000.0,4.324214046822743,8.209142857142858,11.680993788819876,15.7795881006865,1.6341764752350108,1.6341764752350108,8.966285714285714,11.563480040941656,12.758351214003389,17.234965675057207,0.0578139743530248,0.063373010348508,0.2121810569555257,0.1322826889928589,0.9764585465711362,1.6607773851590106,51.93103448275862,1.4807692307692308,0.0250881711448327,0.4339464882943143,0.0424603174603174,0.0,-9.849790691947795e-05,0.2597402597402597,0.1825396825396825,1.108433734939759,0.0095238095238095,23.304048057729183,0.062389538701981,0.0588959472103215,-7.225694444444445,935000000.0,12661000000.0,-5296000000.0,18797000000.0,1592000000.0,952000000.0,51500000.0,53.17857142857143,232.3592493297587,13.753351206434315,1.6924110141034252,0.387331256490135,6.543859649122807,0.0944782368275535,0.5808080808080808,2022-11-03,1.37,amc,2395166213.0,2025-04-25,2022-09-30,0.0364963503649633,28.635625,7720195.65625
2022-06-30,CTRA,USD,858470,2022-08-03,2022-08-03 16:06:16,2022,Q2,2572000000.0,768000000.0,1804000000.0,0.701399689,0,87000000.0,0.0,87000000.0,0.0,192000000.0,960000000.0,0.0,21000000.0,414000000.0,2023000000.0,0.7865474339,1609000000.0,0.6255832037,-21000000.0,1588000000.0,0.6174183515,359000000.0,1229000000.0,0.4778382582,1.53,1.53,803000000,803000000,https://www.sec.gov/Archives/edgar/data/858470/000085847022000032/0000858470-22-000032-index.htm,https://www.sec.gov/Archives/edgar/data/858470/000085847022000032/cog-20220630.htm,3.202988792029888,1.5305105853051058,1.0946450809464507,0.5043586550435866,1.3188044831880448,15.181818181818182,19.19053549190535,15.181818181818182,4.2851805728518055,20709370000.0,23070370000.0,4.212646460537022,8.051854587869363,23.56014789533561,51.13424691358025,1.69874251497006,1.69874251497006,8.969817262830482,11.40403855659911,26.246154721274173,56.96387654320988,0.0593451176931022,0.0195563650656683,0.28053482076942,0.165641497554124,1.1670785961443402,1.803821656050956,76.61904761904762,0.7152156224572823,0.0233710634365024,0.3938161106590724,0.0338258164852255,0.0,-0.1559064270838378,0.5392491467576792,0.1842923794712286,1.144927536231884,0.0069984447900466,22.86500606183236,0.0645877862495688,0.0514958518394368,-7.599937733499377,1262000000.0,15410000000.0,-5624000000.0,15450000000.0,1394500000.0,907500000.0,43500000.0,59.31181959564542,110.2734375,5.390625,1.5174041297935104,0.8161530286928799,16.695652173913043,0.1008120744811746,0.5902864259028643,2022-08-02,1.23,amc,2238539103.0,2025-04-25,2022-06-30,0.0975609756097561,30.33209677419355,11056800.725806452
2022-03-31,CTRA,USD,858470,2022-05-03,2022-05-03 16:31:12,2022,Q1,1679000000.0,693000000.0,986000000.0,0.587254318,0,76000000.0,0.0,76000000.0,82000000.0,158000000.0,851000000.0,0.0,21000000.0,360000000.0,1159000000.0,0.6902918404,799000000.0,0.4758784991,-21000000.0,778000000.0,0.4633710542,170000000.0,608000000.0,0.3621203097,0.75,0.75,810000000,814000000,https://www.sec.gov/Archives/edgar/data/858470/000085847022000018/0000858470-22-000018-index.htm,https://www.sec.gov/Archives/edgar/data/858470/000085847022000018/cog-20220331.htm,2.0728395061728397,0.7506172839506173,1.6320987654320989,1.297530864197531,1.7864197530864196,14.466666666666669,14.466666666666669,14.466666666666669,4.277777777777778,21845700000.0,23842700000.0,8.982606907894736,13.011137581893983,16.524735249621784,20.78563273073264,1.864285714285714,1.864285714285714,14.200536033353186,20.57178602243313,18.035325264750377,22.685727878211228,0.0278315641064374,0.0481101544010949,0.2939068100358423,0.1694298224036995,1.723037100949094,1.5654008438818563,38.04761904761905,2.174342105263158,0.020873673079828,0.75,0.0452650387135199,0.0,0.0,0.2049924357034795,0.1614055985705777,0.7527777777777778,0.0119118522930315,15.63092850492017,0.0332664523736805,0.0299109558715009,-7.803703703703704,938000000.0,11718000000.0,-6012000000.0,18284000000.0,1065500000.0,792500000.0,40000000.0,58.6420488385944,113.50649350649353,5.324675324675325,1.5347349177330896,0.7929061784897025,16.902439024390244,0.0518859873698583,0.3345679012345679,2022-05-02,0.81,amc,1795526325.0,2025-04-25,2022-03-31,0.2469135802469135,23.36629032258065,10552778.612903226
2021-12-31,CTRA,USD,858470,2022-03-01,2022-03-01 16:45:05,2021,Q4,2225000000.0,756000000.0,1469000000.0,0.6602247191,0,127000000.0,0.0,127000000.0,74812000.0,202000000.0,958000000.0,0.0,24000000.0,410000000.0,1710000000.0,0.7685393258,1239000000.0,0.5568539326,-24349000.0,1215000000.0,0.5460674157,276000000.0,939000000.0,0.4220224719,1.16,1.16,810000000,810000000,https://www.sec.gov/Archives/edgar/data/858470/000085847022000009/0000858470-22-000009-index.htm,https://www.sec.gov/Archives/edgar/data/858470/000085847022000009/cog-20211231.htm,2.746913580246914,1.1592592592592592,1.1765432098765432,0.845679012345679,1.2790123456790123,14.491358024691358,14.491358024691358,14.491358024691358,3.887654320987654,15390000000.0,17479000000.0,4.097444089456869,6.91685393258427,16.14900314795383,22.46715328467153,1.3111262566024875,1.3111262566024875,7.8557303370786515,10.221637426900584,18.34102833158447,25.516788321167883,0.0610136452241715,0.0445094217024041,0.2662293406031692,0.157035175879397,1.2216374269005847,1.7508196721311475,51.625,1.0149094781682642,0.0423651721897335,0.6943556975505857,0.0570786516853932,0.0,0.0,0.2812172088142707,0.1204494382022472,0.6536585365853659,0.0130337078651685,19.44178288662589,0.0510338510978067,0.0471859296482412,-7.813271604938271,916000000.0,11738000000.0,-6026000000.0,18291000000.0,688718500.0,445498000.0,25890500.0,41.94606741573033,84.64285714285714,4.642857142857143,2.145612343297975,1.0632911392405062,19.384615384615383,0.0799965922644402,0.3308641975308642,2022-02-23,1.02,amc,1852436423.0,2025-04-25,2021-12-31,-0.1862745098039216,20.86125,10023297.390625
2021-09-30,CTRA,USD,858470,2021-11-03,2021-11-03 15:04:27,2021,Q3,440396000.0,267437000.0,172959000.0,0.3927351747,0,65098000.0,0.0,65098000.0,-47000.0,77303000.0,344740000.0,0.0,13000000.0,97289000.0,193082000.0,0.4384281419,95840000.0,0.2176223217,-12624000.0,83216000.0,0.1889572112,20502000.0,62714000.0,0.1424036549,0.16,0.16,400000000,403000000,https://www.sec.gov/Archives/edgar/data/858470/000085847021000060/0000858470-21-000060-index.htm,https://www.sec.gov/Archives/edgar/data/858470/000085847021000060/cog-20210930.htm,1.10099,0.156785,0.612985,0.1527325,0.190675,5.81528,5.81528,5.81528,2.475895,8704000000.0,9605088000.0,34.69719679816309,19.76403055431929,35.498421657952484,142.47131422585238,3.7418662557950784,3.7418662557950784,21.810116349830608,49.746159662733966,39.17342186187264,157.22076178940304,0.0072051930147058,0.0070189568014705,0.420168074452133,0.2065991544163576,4.666866927005107,0.950028969335422,7.372307692307692,3.909717128551839,0.0050508961397058,0.701007749465829,0.1478169647317414,0.0,0.0,0.7508381118624436,0.4180351320175478,1.892310538704273,0.0217009237141118,4.529276452481125,0.0169211191193221,0.0132568202951911,-5.166491875,-23287000.0,2326112000.0,-1961862000.0,4233588000.0,272780500.0,168247000.0,15088000.0,69.57222590577571,60.57366781709337,4.301162516779653,1.293619671187327,1.4857941287584169,20.924575541819888,0.0269608686082183,0.4602525,2021-11-03,0.53,bmo,449031215.0,2025-04-25,2021-09-30,-0.0188679245283019,17.14984375,9245405.765625
2021-06-30,CTRA,USD,858470,2021-07-30,2021-07-30 12:53:50,2021,Q2,324667000.0,241191000.0,83476000.0,0.2571126724,0,23037000.0,0.0,23037000.0,-46000.0,29588000.0,270779000.0,0.0,13000000.0,91549000.0,145411000.0,0.4478773636,53908000.0,0.1660408973,-12604000.0,41304000.0,0.1272195819,10840000.0,30464000.0,0.0938315258,0.08,0.08,400000000,403000000,https://www.sec.gov/Archives/edgar/data/858470/000085847021000049/0000858470-21-000049-index.htm,https://www.sec.gov/Archives/edgar/data/858470/000085847021000049/cog-20210630.htm,0.8116675,0.07616,0.447355,0.06905,0.3953675,5.7497375,5.7497375,5.7497375,2.728005,6984000000.0,7904055000.0,57.31355042016806,21.511271549002515,39.029406176302935,252.86024619840697,3.036660369277728,3.036660369277728,24.34511360871293,54.35665114743726,44.171044248974525,286.171433743664,0.0043619702176403,0.0039547537227949,0.4688048802227927,0.2338545345941182,6.327272352160428,1.0459010679088634,4.146769230769231,5.873883928571429,0.0062948167239404,1.4431131827731092,0.0709557793061814,0.0,0.0,0.8456483106257894,0.4660837103863343,1.652907186315525,0.0111683663569133,3.138909074822016,0.0091701277884946,0.0066074302791825,-4.97496125,17382000.0,2299895000.0,-1914606000.0,4200175000.0,202763000.0,162799500.0,16632500.0,56.86183073734011,58.39695511026531,6.490913840068659,1.5827840720734776,1.5411762450638349,13.865536073584364,0.0132458220918781,0.378305,2021-07-30,0.28,amc,,2025-04-25,2021-06-30,-0.0714285714285714,17.015238095238097,9301609.412698412
2021-03-31,CTRA,USD,858470,2021-04-30,2021-04-30 14:58:48,2021,Q1,459680000.0,247726000.0,211954000.0,0.4610903237,0,29155000.0,0.0,29155000.0,-46000.0,36587000.0,284313000.0,377000.0,12377000.0,94148000.0,269000000.0,0.5851896972,175438000.0,0.3816524539,-12423000.0,163015000.0,0.3546271319,36661000.0,126354000.0,0.2748738253,0.32,0.31,399000000,402000000,https://www.sec.gov/Archives/edgar/data/858470/000085847021000022/0000858470-21-000022-index.htm,https://www.sec.gov/Archives/edgar/data/858470/000085847021000022/cog-20210331.htm,1.1520802005012531,0.3166766917293233,0.7281378446115289,0.4183208020050125,0.4352355889724311,5.77937343358396,5.77937343358396,5.77937343358396,2.7346040100250626,7493220000.0,8398291000.0,14.825846431454485,16.300948485903238,25.79181969317825,44.89377508837098,3.249487200614059,3.249487200614059,18.269863818308387,31.220412639405204,28.90709297242597,50.31628422503145,0.0168624436490587,0.0222748030886588,0.4677988005047767,0.2370391302551698,3.3645762081784385,1.3072848564863595,14.174517249737416,2.299309875429349,0.0053230787298384,0.3156765911645061,0.0634245562130177,0.0,0.0,0.4254922950362617,0.2689196832579185,1.3130071801843906,0.0240950226244343,6.4171130060451205,0.0313349054441876,0.0277649108342789,-4.794452380952381,96823000.0,2305970000.0,-1832967000.0,4204976000.0,210648500.0,90050500.0,15570000.0,39.236381830838845,61.43517434584985,5.765644300557875,2.293789483138891,1.4649588115978025,15.609703843730308,0.0547942948086922,0.3098170426065162,2021-04-29,0.36,amc,,2025-04-25,2021-03-31,0.0555555555555556,18.41344262295082,5825604.409836066
2020-12-31,CTRA,USD,858470,2021-02-26,2021-02-26 13:33:39,2020,Q4,456778000.0,260575000.0,196203000.0,0.4295368866,0,24534000.0,0.0,24534000.0,-58000.0,32959000.0,293534000.0,0.0,10981000.0,96497000.0,259275000.0,0.5676170919,162892000.0,0.3566108701,-11127000.0,151853000.0,0.3324437692,20647000.0,131206000.0,0.2872423803,0.33,0.33,398583000,398583000,https://www.sec.gov/Archives/edgar/data/858470/000085847021000013/0000858470-21-000013-index.htm,https://www.sec.gov/Archives/edgar/data/858470/000085847021000013/cog-20201231.htm,1.1460047217267169,0.3291811241322384,0.772341018056465,0.5279126304935233,0.3515277871861068,5.55896011621168,5.55896011621168,5.55896011621168,2.872438112011802,6488931240.0,7482742240.0,12.364013917046478,14.205875151605374,21.07877170756427,30.838436248021782,2.92860528941778,2.92860528941778,16.381573193104746,28.860253553177127,24.307086882231797,35.56149094417276,0.0202199707697935,0.0324270657551304,0.5117662217973766,0.2506722622941542,3.833038279818725,1.0653185589888936,14.833985975776342,2.346249409325793,0.0061424599099311,0.3037818392451564,0.053710993086357,0.0,0.0,0.3164772838014306,0.2132874175201082,1.0096168792812212,0.0144315181554278,6.416607877326531,0.0325396769750122,0.029005210972311,-5.003740124390654,25489000.0,2215707000.0,-1892110000.0,4070095000.0,257224000.0,73368000.0,15099500.0,43.52344027076611,3.79929003166075,5.274105343950877,2.0678512415400983,23.688636363636363,17.064505566470203,0.0592163133482901,0.2444283875629417,2021-02-23,0.21,amc,,2025-04-25,2020-12-31,0.2380952380952382,17.56890625,5657079.03125
2020-09-30,CTRA,USD,858470,2020-10-30,2020-10-30 12:24:44,2020,Q3,291041000.0,266828000.0,24213000.0,0.083194464,0,24262000.0,0.0,24262000.0,-57000.0,31777000.0,298605000.0,0.0,14389000.0,99649000.0,92059000.0,0.316309386,-7533000.0,-0.0258829512,-14446000.0,-21979000.0,-0.0755185695,-7018000.0,-14961000.0,-0.0514051285,-0.0375,-0.0375,398580000,398580000,https://www.sec.gov/Archives/edgar/data/858470/000085847020000049/0000858470-20-000049-index.htm,https://www.sec.gov/Archives/edgar/data/858470/000085847020000049/cog-20200930.htm,0.7301946911535953,-0.0375357519193135,0.3237994881830498,-0.0456094134176326,0.0004265141251442,5.3150885644036325,5.3150885644036325,5.3150885644036325,2.9507275829193635,6919348800.0,8080890800.0,-115.6231000601564,23.77448125865428,53.61342631334263,-380.6231805929919,3.2661732329850346,3.2661732329850346,27.76547221869084,87.77947620547693,62.61344181001085,-444.5178942736124,-0.0021621976912046,-0.0026272703581585,0.5483684590141649,0.2628721031926966,12.617364950738114,1.6296431025423386,-0.5235249148655223,-8.626428714658111,0.0057602241413238,-2.66405988904485,0.0833628251689624,0.0,0.0,1.1408569657523633,0.5059046663528506,1.4775762927876848,0.036905453183572,,-0.0011618417461608,-0.0033853739445455,-5.20100795323398,124624000.0,2118488000.0,-1978265000.0,4159304000.0,283407000.0,148696500.0,16438500.0,90.77679777076082,45.783201163296205,5.035491027928104,0.9914427718333656,1.965786526787293,17.87313282872262,-0.0070621122234348,0.3694089016006824,2020-10-29,0.07,bmo,307108562.0,2025-04-25,2020-09-30,0.2857142857142855,18.69296875,4579711.375
2020-06-30,CTRA,USD,858470,2020-07-31,2020-07-31 11:10:49,2020,Q2,332348000.0,247294000.0,85054000.0,0.2559184951,0,23166000.0,0.0,23166000.0,-48000.0,31097000.0,278391000.0,0.0,14543000.0,94622000.0,148290000.0,0.4461889345,53716000.0,0.1616257658,-14591000.0,39125000.0,0.1177229892,8751000.0,30374000.0,0.0913921552,0.08,0.08,398576000,401279000,https://www.sec.gov/Archives/edgar/data/858470/000085847020000032/0000858470-20-000032-index.htm,https://www.sec.gov/Archives/edgar/data/858470/000085847020000032/cog-06302020x10q.htm,0.8338384649351692,0.0762062944080928,0.3423086186825097,-0.115523764601983,0.2939564850869094,5.434293585163181,5.434293585163181,5.434293585163181,3.186054855284814,6847535680.0,7985713680.0,56.36017383288338,20.60351101857089,50.18862822129057,-148.7139902269519,3.161404464216873,3.161404464216873,24.02816830551109,53.85200404612584,58.53083995426427,-173.4328087740254,0.0044357563683406,-0.0067243169151328,0.5795725627995469,0.2772478008423387,7.675352350124755,1.2164357557133418,3.693598294712233,4.49186804503852,0.0058207801846751,1.3122407322051757,0.0697040451574855,0.0,0.0,1.3374842416957402,0.5490660392119104,1.9285261355710088,0.0231624682561652,3.0525179735992545,0.0096416293198348,0.0067082314642425,-5.095156883505279,82546000.0,2165979000.0,-1897957000.0,4119986000.0,282754500.0,167909000.0,18098500.0,73.99921166969563,58.83333198541008,6.531982175062881,1.216229172842081,1.5297450775407189,13.778359705816804,0.0140232199850506,0.4578323832844927,2020-07-30,0.02018,bmo,105331838.0,2025-04-25,2020-06-30,1.4777006937561945,19.391587301587304,6642182.650793651
2020-03-31,CTRA,USD,858470,2020-05-01,2020-05-01 12:45:45,2020,Q1,386457000.0,260711000.0,125746000.0,0.3253816078,0,33429000.0,0.0,33429000.0,-66000.0,39357000.0,300068000.0,0.0,14211000.0,100135000.0,186470000.0,0.4825116378,86401000.0,0.2235720921,-14277000.0,72124000.0,0.1866287841,18214000.0,53910000.0,0.1394980554,0.14,0.13,398343000,399897000,https://www.sec.gov/Archives/edgar/data/858470/000085847020000019/0000858470-20-000019-index.htm,https://www.sec.gov/Archives/edgar/data/858470/000085847020000019/cog-03312020x10q.htm,0.9701613935728756,0.1353356278383202,0.5143732913594565,0.1410718903055909,0.5092144207379068,5.443537353486819,5.443537353486819,5.443537353486819,3.1881895753157456,6847516170.000001,7900456170.000001,31.75438772954925,17.718701356166406,33.41930906748269,121.85276572648814,3.1578730674069995,3.1578730674069995,20.44329943564226,42.36851059151606,38.55818372157719,140.59001993059883,0.0078729277392856,0.0082066253813607,0.5791297249809191,0.2776942511070447,5.646699200943852,1.3993315718650643,6.079867708113433,3.800723427935448,0.0058148091967192,0.7385828232238917,0.0865012148828977,0.0,0.0,0.7257402499792579,0.3847827830780656,1.4850152294402557,0.0407936717409698,4.071345265560077,0.0149721591213322,0.0119212547059766,-4.826562786342423,154612000.0,2168395000.0,-1811991000.0,4110738000.0,315533000.0,172454500.0,16090500.0,68.06014640697413,60.12208920989141,6.299734188430867,1.3223597766280693,1.4969539678802948,14.286317058468958,0.0248617064695316,0.3733014010538656,2020-04-30,0.13,bmo,347449816.0,2025-04-25,2020-03-31,0.0769230769230769,15.826290322580643,10981260.193548389
2019-12-31,CTRA,USD,858470,2020-02-25,2020-02-25 15:44:15,2019,Q4,461368000.0,277763000.0,183605000.0,0.3979578124,0,22500000.0,0.0,22500000.0,-144000.0,30700000.0,308463000.0,0.0,14650000.0,106439000.0,261865000.0,0.5675837943,222209000.0,0.4816307156,-14794000.0,207415000.0,0.4495652061,60475000.0,146940000.0,0.3184876281,0.36,0.36,404581000,404581000,https://www.sec.gov/Archives/edgar/data/858470/000085847020000012/0000858470-20-000012-index.htm,https://www.sec.gov/Archives/edgar/data/858470/000085847020000012/cog-12312019x10k.htm,1.1403600267931515,0.3631905601103363,0.6500058084784011,0.2355721104055801,0.4948996616252369,5.317815221179442,5.317815221179442,5.317815221179442,3.1402265553745727,7043755210.0,8099354210.0,11.984066983122364,15.267108273655737,26.784376036200477,73.90518330045747,3.2739008927313997,3.2739008927313997,17.55508446619618,30.92950264449239,30.79836569320861,84.98084326604273,0.0208610315973771,0.0135308506838357,0.5837014120931244,0.2798657082463739,4.031080900463979,2.3575429192562045,15.167849829351535,1.7897100857492854,0.0057913710490799,0.2776167143051585,0.0487680116523035,0.0,0.0,0.6375846071944634,0.3634235577673354,1.5752872537321847,0.0136312011236149,6.592120788997063,0.0363026805223539,0.0327461504776315,-4.633068532630055,327214000.0,2151487000.0,-1767510000.0,4182920000.0,315542500.0,169345000.0,16063500.0,66.09392068804078,55.32529530571026,4.5142081558738925,1.361698611053722,1.626742333731581,19.93705139247775,0.068296949969951,0.414433698072821,2020-02-20,0.3,bmo,281150630.0,2025-04-25,2019-12-31,0.0,17.37109375,7473624.5
2019-09-30,CTRA,USD,858470,2019-10-25,2019-10-25 11:32:21,2019,Q3,429111000.0,275751000.0,153360000.0,0.3573900459,0,18391000.0,0.0,18391000.0,-143000.0,27479000.0,303230000.0,0.0,13554000.0,110889000.0,240523000.0,0.5605146454,129777000.0,0.3024322378,-13697000.0,116080000.0,0.2705127578,25722000.0,90358000.0,0.2105702254,0.22,0.22,412456000,414462000,https://www.sec.gov/Archives/edgar/data/858470/000085847019000038/0000858470-19-000038-index.htm,https://www.sec.gov/Archives/edgar/data/858470/000085847019000038/cog-09302019x10q.htm,1.0403800647826678,0.2190730647632717,0.6567342940822779,0.1737833853792889,0.1995752274181973,5.366817308997808,6.872294256841942,5.366817308997808,3.081419593847586,7246851920.0,8421931920.0,20.050388233471303,16.888059080284588,26.753589934803635,101.10287563827116,3.273821147319993,3.273821147319993,19.62646476086607,35.01507930634492,31.09169547464873,117.4967482351628,0.012468586497625,0.0098909155025207,0.5680383235091092,0.2830274171021222,4.885520303671583,1.430462879725902,9.574811863656484,2.99778658226167,0.005109115021078,0.4097589588082959,0.042858374639662,0.0,-0.1397681346669172,0.7353825025657685,0.4642062310218102,1.7963549134720307,0.0038731237372148,5.143327240989173,0.0238301695380608,0.017844588285665,-4.65134523440076,126894000.0,2834519000.0,-1807410000.0,3331247000.0,298751000.0,174322000.0,18788000.0,61.2988946915833,54.81314664316721,5.938509742485068,1.4682157068707722,1.641941860880542,15.155317394888703,0.0408199221531133,0.4829509087029889,2019-10-24,0.27,bmo,195189694.0,2025-04-25,2019-09-30,0.0740740740740739,19.17609375,7979781.84375
2019-06-30,CTRA,USD,858470,2019-07-26,2019-07-26 11:42:07,2019,Q2,534117000.0,255929000.0,278188000.0,0.5208371948,0,22889000.0,0.0,22889000.0,-143000.0,31033000.0,286962000.0,0.0,14567000.0,96147000.0,346809000.0,0.649312791,250805000.0,0.4695694015,-14710000.0,236095000.0,0.4420286192,55086000.0,181009000.0,0.3388939128,0.43,0.43,422141000,424349000,https://www.sec.gov/Archives/edgar/data/858470/000085847019000032/0000858470-19-000032-index.htm,https://www.sec.gov/Archives/edgar/data/858470/000085847019000032/cog-06302019x10q.htm,1.265257342925705,0.428788011588545,0.7737935902932906,0.2387827763709282,0.5718326341198794,5.554551678230733,7.395881944658301,5.554551678230733,2.923482912107566,9713464410.0,10691625410.0,13.415720226618566,18.186023680204897,29.736612306750345,96.36373422619047,4.14254854990012,4.14254854990012,20.01738459925447,30.82856964496308,32.731135496709015,106.06771240079364,0.0186348549147564,0.0103773479518004,0.5201095699256739,0.2672277429268916,2.8204602533382928,2.6976917094681787,17.217340564289145,1.804606400786701,0.0039215668470236,0.2104425746786071,0.0428539065410762,0.0,-0.1703214629965977,0.6914128271850605,0.4228474285596602,2.349007249316151,0.0123268871801496,7.320438259484426,0.0443518644854525,0.0338902795902662,-4.1192735365671656,397304000.0,3122105000.0,-1587595000.0,3319578000.0,318635000.0,178020500.0,18829000.0,51.432832132285625,63.54567086965525,6.815523055222347,1.7498550297311908,1.416304191431196,13.205149373097363,0.0771957912047233,0.5350108139223624,2019-07-26,0.34,bmo,829444384.0,2025-04-25,2019-06-30,0.0588235294117645,25.455396825396825,6214681.047619048
2019-03-31,CTRA,USD,858470,2019-04-26,2019-04-26 15:54:07,2019,Q1,641681000.0,247925000.0,393756000.0,0.6136320072,0,31090000.0,0.0,31090000.0,-144000.0,42981000.0,290906000.0,0.0,12181000.0,92258000.0,445073000.0,0.6936047662,352959000.0,0.5500536871,-12325000.0,340634000.0,0.530846324,77871000.0,262763000.0,0.4094916321,0.62,0.62,423116000,425189000,https://www.sec.gov/Archives/edgar/data/858470/000085847019000016/0000858470-19-000016-index.htm,https://www.sec.gov/Archives/edgar/data/858470/000085847019000016/cog-03312019x10q.htm,1.5165604704147326,0.6210188222615075,1.3832778717892966,0.9208751264428668,0.7442143525652539,5.485349171385625,7.164612068558031,5.485349171385625,2.910594257839458,10946010920.0,11850459920.0,10.414338129797574,17.05833727350506,18.70195463080506,28.092842620182378,4.716199314156899,4.716199314156899,18.467836697673768,26.62587917038329,20.247263171743093,30.41410317808627,0.0240053661484927,0.0355962553708104,0.5253640875524949,0.2720797081900513,2.032136301235977,2.830414247966211,28.976192430834907,2.2274330860889853,0.002704638266522,0.1126680697053999,0.0484508657728684,0.0,-0.1585441366563822,0.3342804470285518,0.3049022801049119,2.1206833011771336,0.0225563792600996,8.754790936819013,0.0640824935031465,0.0506085241531797,-3.7520544011571295,439876000.0,3031462000.0,-1480417000.0,3303975000.0,401844500.0,208639000.0,14676500.0,46.570102589916175,63.65033780377131,6.634788746596754,1.9325703615582697,1.413975213728834,13.564862942496031,0.1132140913656067,0.4624027453464298,2019-04-26,0.63,bmo,11664533100.0,2025-04-25,2019-03-31,0.1587301587301587,25.079672131147543,5995025.622950819
2018-12-31,CTRA,USD,858470,2019-02-26,2019-02-26 14:57:51,2018,Q4,716301000.0,292802000.0,423499000.0,0.5912305023,0,30629000.0,0.0,30629000.0,-116000.0,83491000.0,376293000.0,0.0,15624000.0,129269000.0,469278000.0,0.6551407858,340677000.0,0.4756059254,-15740000.0,324937000.0,0.4536319229,49893000.0,275044000.0,0.3839782438,0.64,0.64,430978000,430978000,https://www.sec.gov/Archives/edgar/data/858470/000085847019000008/0000858470-19-000008-index.htm,https://www.sec.gov/Archives/edgar/data/858470/000085847019000008/cog-12312018x10k.htm,1.6620361132122754,0.6381857078551574,0.7333344161418912,0.160295885172793,0.0053065353683946,4.845163790263076,4.845163790263076,4.845163790263076,2.88118651068036,9632358300.0,10856175300.0,8.755288517473568,13.447361235011538,30.477227725905,139.42965520236234,4.612847153880524,4.612847153880524,15.155884607169332,23.133782747113653,34.34944138762415,157.1445674830641,0.0285541703738325,0.0071720753992301,0.5871698467405978,0.2920109392404406,2.607872092874586,1.8956256266013145,21.804723502304142,1.14909250883495,0.0031336043635336,0.1097424412094064,0.0427599570571589,0.0,0.0,0.7814150247903028,0.3447810347884478,1.9104889803433152,0.0209004315225024,8.341017406238427,0.0737216881576978,0.0655049300650252,-4.0584542598462106,257281000.0,2088159000.0,-1566125000.0,3720887000.0,380136500.0,214460500.0,11776000.0,59.2612044377992,74.36598793724087,3.4044849420427457,1.5187001488379193,1.2102306779808134,26.43571686529433,0.131716023540353,0.5730385309690982,2019-02-22,0.58,bmo,,2025-04-25,2018-12-31,-0.0517241379310343,24.13984126984127,7752290.174603174
2018-09-30,CTRA,USD,858470,2018-10-26,2018-10-26 11:43:52,2018,Q3,545173000.0,361141000.0,184032000.0,0.3375662404,0,20724000.0,0.0,20724000.0,-115000.0,33625000.0,394766000.0,0.0,14191000.0,121172000.0,297108000.0,0.5449793001,176051000.0,0.3229268507,-14306000.0,161745000.0,0.2966856392,39408000.0,122337000.0,0.224400328,0.28,0.28,440772000,443110000,https://www.sec.gov/Archives/edgar/data/858470/000085847018000056/0000858470-18-000056-index.htm,https://www.sec.gov/Archives/edgar/data/858470/000085847018000056/cog-09302018x10q.htm,1.2368594193823563,0.2775516593613024,0.5494722895283729,-0.0409281896309202,0.7170986360295118,4.751088998393727,5.499868412694092,4.751088998393727,2.949459130797782,9829215600.0,10798986600.0,20.0863508178229,18.029534844902443,40.58439419964326,-544.8567405764967,4.693660760204513,4.693660760204513,19.80836651851797,36.34700714891554,44.588535542049286,-598.6134478935699,0.0124462627516279,-0.0018353448264986,0.6140199326981344,0.3076895834764083,3.264035300294842,1.6931641254527476,12.405820590515114,1.9797279623332464,0.0026926868915155,0.2163450141821362,0.0380136213642275,0.0,-0.0789752582110306,1.074486357930898,0.4773383861636581,2.147624863829928,0.0112037830193351,5.447029859817336,0.0343194160014295,0.0271312310881766,-3.507747202635376,253766000.0,2424188000.0,-1465032000.0,3289962000.0,255338000.0,175894000.0,16473000.0,47.64672865310644,46.59781082734998,3.1091457353222145,1.8889019780402536,1.9314212063193248,28.94685796729721,0.0584185350885109,0.5904004791592933,2018-10-26,0.28,bmo,682224889.0,2025-04-25,2018-09-30,-0.1071428571428572,23.33888888888889,5580756.476190476
2018-06-30,CTRA,USD,858470,2018-07-27,2018-07-27 11:18:54,2018,Q2,453447000.0,294838000.0,158609000.0,0.3497850907,0,21228000.0,0.0,21228000.0,-118000.0,81120000.0,375958000.0,0.0,23328000.0,84910000.0,162821000.0,0.3590739381,78029000.0,0.1720796477,-23446000.0,54583000.0,0.1203734946,12152000.0,42431000.0,0.0935743317,0.09,0.09,451055000,453114000,https://www.sec.gov/Archives/edgar/data/858470/000085847018000043/0000858470-18-000043-index.htm,https://www.sec.gov/Archives/edgar/data/858470/000085847018000043/cog-06302018x10q.htm,1.0053031226790523,0.0940705678908337,0.6072430191440068,0.09507931405261,1.6428018756027536,4.775856602853311,5.363671836028866,4.775856602853311,3.427298223054838,10735109000.0,11516687000.0,63.25038886663054,23.674451479445228,39.19353413654619,250.31732966469244,4.983399205449514,4.983399205449514,25.398088420476924,70.732196706813,42.04705001825483,268.5418784684979,0.0039525448693627,0.0039949291618743,0.7068008433859103,0.346298027388661,4.800228471757329,1.6714735993933074,3.3448645404663924,6.45518606679079,0.0025217256760038,0.6380005184888407,0.0468147324825172,0.0,-0.0603034996622474,0.843424607520993,0.5094619657865197,2.720692497938994,0.011423606286953,3.179389833427315,0.0147585495401071,0.0091017573077795,-2.9370348405405107,396669000.0,2419311000.0,-1255123000.0,3357025000.0,236738500.0,162404000.0,16459000.0,44.073794732350194,50.30742305944281,6.248516134283912,2.04202974911847,1.7890004004708566,14.40341963849536,0.0196971089614859,0.5121637050913969,2018-07-27,0.19,bmo,307630413.0,2025-04-25,2018-06-30,-0.3157894736842105,23.34109375,5887259.765625
2018-03-31,CTRA,USD,858470,2018-04-27,2018-04-27 12:50:05,2018,Q1,473227000.0,219273000.0,253954000.0,0.5366430909,0,24060000.0,0.0,24060000.0,-114000.0,34867000.0,254140000.0,0.0,20058000.0,82128000.0,259058000.0,0.5474286125,177044000.0,0.3741206651,-20172000.0,156872000.0,0.3314941878,39641000.0,117231000.0,0.2477267781,0.26,0.26,459715000,459715000,https://www.sec.gov/Archives/edgar/data/858470/000085847018000022/0000858470-18-000022-index.htm,https://www.sec.gov/Archives/edgar/data/858470/000085847018000022/cog-03312018x10q.htm,1.0293921233807903,0.2550079940832907,0.593324124729452,0.2534244042504595,2.098970014030432,5.234799821628617,6.130530872388327,5.234799821628617,2.693601470476273,11023965700.0,11277268700.0,23.509066927689776,23.295301620575326,40.41635760375421,94.62387835506382,4.580881947180073,4.580881947180073,23.83056905037117,43.53182955168341,41.34502383047368,96.7980970447113,0.0106341949159003,0.0105681569745812,0.5062218576564627,0.2684273602090251,0.977784897590501,2.4214295648699,8.826602851729984,2.3266883332906825,0.0025078996753409,0.2358335252620893,0.0508424075549366,0.0,-0.0907326170605021,0.572873588502713,0.3301946000545193,1.9026032534580168,0.0109545735978716,5.480474937783617,0.0305420950319128,0.0236821595650422,-2.1147189019283688,725627000.0,2818297000.0,-895767000.0,3460098000.0,262045000.0,155343500.0,10227000.0,47.815953020432055,65.67238100450125,5.10924737655799,1.8822170073979791,1.3704391195110062,17.615118894601544,0.048713991513042,0.3398997204789924,2018-04-27,0.27,bmo,407817244.0,2025-04-25,2018-03-31,0.037037037037037,25.69950819672131,5994267.934426229
2017-12-31,CTRA,USD,858470,2018-03-01,2018-02-28 17:49:51,2017,Q4,400503000.0,291773000.0,108730000.0,0.2714836094,0,26885000.0,0.0,26885000.0,-18000.0,38713000.0,330486000.0,0.0,20410000.0,143128000.0,-295496000.0,-0.7378122012,-438806000.0,-1.0956372362,66800000.0,-459234000.0,-1.1466430963,-414793000.0,-44441000.0,-0.1109629641,-0.0961,-0.0961,462371000,462371000,https://www.sec.gov/Archives/edgar/data/858470/000085847018000006/0000858470-18-000006-index.htm,https://www.sec.gov/Archives/edgar/data/858470/000085847018000006/cog-12312017x10k.htm,0.8661940303349475,-0.0961154570680254,0.3873793987944746,0.0029586630649413,1.0382290411812158,5.458614402719894,5.458614402719894,5.458614402719894,2.678154555540897,13223810600.0,13961654600.0,-74.38969982673657,33.018006357006065,73.82942946631456,9666.528216374269,5.239424859493523,5.239424859493523,34.860299673161,-47.24820166770447,77.94886244996175,10205.887865497076,-0.0033606803170638,0.0001034497575154,0.4825423302382617,0.2576269042405207,-2.4969678100549584,1.214121101499881,-21.499559039686428,-4.030354852501069,0.0017491932317905,-0.52048783780743,0.0671280864313126,0.0,0.0,0.992362363424207,0.4438044159469467,1.2418604326197529,0.0184967403490111,,-0.009648103775154,-0.0094008390335038,-3.276344104625939,134907000.0,2523905000.0,-1438482000.0,3207111000.0,230661500.0,153805000.0,10501500.0,61.27369832435713,46.48014038310605,2.4695225397826395,1.4688194520849378,1.9363108471314328,36.444291781164125,-0.0176080319980347,0.3844207357295332,2018-02-23,0.11,bmo,,2025-04-25,2017-12-31,0.1818181818181818,27.447301587301588,4990830.301587301
2017-09-30,CTRA,USD,858470,2017-10-30,2017-10-30 16:15:52,2017,Q3,385416000.0,293237000.0,92179000.0,0.2391675488,0,23244000.0,0.0,23244000.0,5083000.0,38904000.0,332141000.0,0.0,20331000.0,146267000.0,191336000.0,0.4964402101,39986000.0,0.1037476389,-15248000.0,24738000.0,0.0641851921,7151000.0,17587000.0,0.0456312141,0.04,0.04,462498000,462498000,https://www.sec.gov/Archives/edgar/data/858470/000085847017000024/0000858470-17-000024-index.htm,https://www.sec.gov/Archives/edgar/data/858470/000085847017000024/cog-09302017x10q.htm,0.8333354955048454,0.03802611038318,0.4088666329367911,-0.0094703112229674,1.103260987074539,5.718065807852142,7.419552084549554,5.718065807852142,2.821378687042971,12371821500.0,13146116500.0,175.86600187638595,32.09991671336945,65.4247567424643,-2824.616780821918,4.678155323652705,4.678155323652705,34.10890180999232,68.70696836977882,69.5193892120571,-3001.3964611872148,0.0014215368367543,-0.0003540303260922,0.4857271097189209,0.2504600521840926,4.046781577957102,1.638460274647791,1.96675028281934,10.75226019218741,0.0018691669613888,1.314891681355547,0.0603088610747867,0.0,-0.1534353487759043,1.0231623479640402,0.5020030304917285,1.322786411152208,0.0202716026319613,2.211855676965078,0.0057690683814425,0.0029729364234156,-3.9479689641901152,279795000.0,3431528000.0,-1766143000.0,3727633000.0,191229500.0,168504500.0,12038500.0,44.053101064823466,48.163260434392654,3.9890259414739617,2.042988979767085,1.8686442568105783,22.561898899746097,0.0066501701206309,0.4183369441597585,2017-10-27,0.07,bmo,525540382.0,2025-04-25,2017-09-30,0.0,25.406190476190478,5115971.777777778
2017-06-30,CTRA,USD,858470,2017-07-28,2017-07-28 11:25:05,2017,Q2,460457000.0,295547000.0,164910000.0,0.3581441915,0,23957000.0,0.0,23957000.0,315000.0,36226000.0,331773000.0,0.0,20619000.0,144322000.0,202077000.0,0.4388618264,57440000.0,0.1247456331,-20304000.0,37136000.0,0.0806503105,15609000.0,21527000.0,0.0467513796,0.05,0.05,464768000,466745000,https://www.sec.gov/Archives/edgar/data/858470/000085847017000023/0000858470-17-000023-index.htm,https://www.sec.gov/Archives/edgar/data/858470/000085847017000023/cog-06302017x10q.htm,0.9907244044340402,0.0463177327182594,0.5606410079867805,0.1627026817681079,1.1113803015698154,5.684623295923988,6.951160579041586,5.684623295923988,3.3174185830349767,11656381440.0,12661058440.0,135.3693203883495,25.31480993882165,44.73450861195542,154.14619923564183,4.411901843695248,4.411901843695248,27.496722690718133,62.65462393048195,48.590227656504254,167.43223845858844,0.0018467995501698,0.006487347757899,0.575773334983579,0.2914499376276354,4.971753341548024,3.1388862820042487,2.785780105727727,12.104241185487991,0.0019968461155643,1.0812468063362288,0.052028745355158,0.0,-0.1127791213610452,0.7097916858555157,0.4016639990270536,1.281502473635343,0.021532955303101,2.433972967095868,0.0066793535623807,0.0037063723882402,-4.10957617564032,501402000.0,3230677000.0,-1841604000.0,4115741000.0,194095000.0,181194500.0,11587500.0,37.88093133560788,54.83919647298061,3.374082633219082,2.3758655562779274,1.641161902223407,26.673916967509022,0.0081478983403298,0.3979383262186725,2017-07-27,0.15,bmo,733280271.0,2025-04-25,2017-06-30,-0.0666666666666665,23.614444444444445,6563079.714285715
2017-03-31,CTRA,USD,858470,2017-04-28,2017-04-28 10:39:47,2017,Q1,517843000.0,287261000.0,230582000.0,0.4452739537,0,23700000.0,0.0,23700000.0,-424000.0,38956000.0,326217000.0,0.0,20771000.0,135100000.0,324796000.0,0.6272094052,190120000.0,0.3671383025,-21195000.0,168925000.0,0.3262089089,63205000.0,105720000.0,0.204154541,0.23,0.23,465348000,466888000,https://www.sec.gov/Archives/edgar/data/858470/000085847017000013/0000858470-17-000013-index.htm,https://www.sec.gov/Archives/edgar/data/858470/000085847017000013/cog-03312017x10q.htm,1.1128080490299732,0.2271848165244075,0.5788743048213381,0.1310718000292254,1.1550173203709913,5.817536553289151,7.018678494374103,5.817536553289151,3.3128776743426425,11126470680.0,12109855680.0,26.311177355278097,21.486185349613685,41.30430354371923,182.4191015509722,4.109987067718833,4.109987067718833,23.38518755684638,37.28449759233488,44.95488005702025,198.54175295930747,0.0095016652666,0.0054818820589387,0.5617914441564448,0.2899995194863538,3.027700464291432,3.3348024688607145,9.153146213470704,2.548032538781688,0.0008363838154651,0.0880249716231555,0.0457667671475717,0.0,-0.1065804055687718,0.7735746794467254,0.4024076795476621,1.542442635085122,0.0159951954549931,5.45318800573281,0.0237021597519483,0.0182171050897095,-3.970981931801576,523918000.0,3266128000.0,-1788896000.0,4293329000.0,197863500.0,172907000.0,12699500.0,33.78352126030477,57.11687280904822,3.7894110234246905,2.664020701292288,1.575716519020323,23.750392724266227,0.0390517213675194,0.4478025047921126,2017-04-28,0.16,bmo,,2025-04-25,2017-03-31,0.1875,22.68758064516129,6777137.935483871
2016-12-31,CTRA,USD,858470,2017-02-27,2017-02-27 11:04:42,2016,Q4,316491000.0,281693000.0,34798000.0,0.109949414,0,18843000.0,0.0,18843000.0,20039000.0,38882000.0,320575000.0,0.0,20515000.0,141218000.0,-302259000.0,-0.9550318966,-443477000.0,-1.4012309987,-20917000.0,-463992000.0,-1.4660511673,-171232000.0,-292760000.0,-0.9250184049,-0.63,-0.63,464556096,465150000,https://www.sec.gov/Archives/edgar/data/858470/000085847017000007/0000858470-17-000007-index.htm,https://www.sec.gov/Archives/edgar/data/858470/000085847017000007/cog-12312016x10k.htm,0.6812761746645986,-0.6301930004164664,0.3007774544411532,0.020682109400196,1.073157804391399,5.527140903130028,5.527140903130028,5.527140903130028,3.3172420150525803,10852030402.56,11874018402.56,-9.267002324907772,34.288590836895835,77.66539564410854,1129.4786014321398,4.22641658850622,4.22641658850622,37.517712676063454,-39.2842509323461,84.97952022901637,1235.8470443963363,-0.0269774400863213,0.0008853642722686,0.5921834879678712,0.2968295790647232,-3.3811664830493053,2.7767559306781684,-21.617206921764563,-0.477278316709933,0.0008571667839969,-0.0317734663205355,0.0595372380257258,0.0,0.0,0.9312378335050956,0.4111333339652628,0.9214122845529606,0.0092609268510005,,-0.0575189825403581,-0.0571510115334708,-4.087129124660114,458069000.0,2567667000.0,-1839021000.0,4708194000.0,169101000.0,161825500.0,13395500.0,57.255561769529,52.24059525795813,4.250584856563706,1.5718996935577596,1.72279813343608,21.173556825015037,-0.1140179002962611,0.2800953450409571,2017-02-24,,amc,,2025-04-25,2016-12-31,,22.48777777777778,7205374.158730159
2016-09-30,CTRA,USD,858470,2016-10-28,2016-10-28 11:52:35,2016,Q3,310429000.0,272726000.0,37703000.0,0.1214545033,0,19776000.0,0.0,19776000.0,11759000.0,31535000.0,304261000.0,0.0,21483000.0,139490000.0,142686000.0,0.4596413351,3196000.0,0.0102954299,-21885000.0,-18287000.0,-0.0589088004,-8027000.0,-10260000.0,-0.0330510358,-0.0221,-0.0221,465149000,465149000,https://www.sec.gov/Archives/edgar/data/858470/000085847016000066/0000858470-16-000066-index.htm,https://www.sec.gov/Archives/edgar/data/858470/000085847016000066/cog-09302016x10q.htm,0.6673754001406002,-0.022057448258515,0.2266048083517324,0.0425046597971832,1.0774891486383933,6.155554456743968,7.712640465743235,6.155554456743968,3.31436378450776,12000844200.0,13019841200.0,-292.41823099415205,38.65890171343528,113.8546008253878,606.9922715087755,4.191336488256352,4.191336488256352,41.94144619220498,91.2482037480902,123.52204544376453,658.5322543118709,-0.0008549398549812,0.0016474674339993,0.5309316336331092,0.2748032735825403,7.141534558400965,3.3321559439528774,0.1487687939300842,-10.273391812865498,0.000775195464999,-0.9067251461988304,0.0637053883496709,0.0,-0.1309268516307445,0.812428252929178,0.2758569592402771,0.6139078070112552,0.0163902212744299,,0.0003360968026774,-0.00163997367091,-4.424582768102264,458882000.0,3587527000.0,-2013026000.0,4457203000.0,127453500.0,151321500.0,14236000.0,39.678348350186354,52.84710661983089,4.450730770076927,2.268239575037082,1.7030260643678734,20.22139838362868,-0.0035833406094473,0.1841001485545491,2016-10-28,-0.0378,bmo,,2025-04-25,2016-09-30,0.0582010582010582,25.0146875,5276188.359375
2016-06-30,CTRA,USD,858470,2016-07-29,2016-07-29 10:56:39,2016,Q2,246816000.0,283591000.0,-36775000.0,-0.1489976339,0,20247000.0,0.0,20247000.0,12711000.0,32958000.0,316549000.0,0.0,21963000.0,147533000.0,72140000.0,0.29228251,-70684000.0,-0.2863833787,-26974000.0,-97356000.0,-0.3944476857,-34446000.0,-62910000.0,-0.254886231,-0.14,-0.14,449357142,465068000,https://www.sec.gov/Archives/edgar/data/858470/000085847016000061/0000858470-16-000061-index.htm,https://www.sec.gov/Archives/edgar/data/858470/000085847016000061/cog-06302016x10q.htm,0.5492646648531515,-0.1400000002670481,0.189501828369738,0.0400394214720192,1.1516229556222342,6.403812760585877,8.006573532996166,6.403812760585877,3.475658566477174,11566452835.08,12588811835.08,-45.96428562660944,46.8626541029755,135.82982402564764,642.8664314739884,4.019480419294001,4.019480419294001,51.00484504683651,174.50529297310786,147.8358249181483,699.6894083526012,-0.0054390054493802,0.001555533079721,0.5351159073936292,0.2764307141049139,14.171874133629055,2.885194100398267,-3.2183217228976004,-1.353584485773327,0.0008040494464987,-0.1478302336671435,0.0820327693504473,0.0,-0.129291065206347,0.7887122155154191,0.2721136393102554,0.4552337443148312,0.0298076299753662,,-0.0085182992253082,-0.0100005055095774,-4.627393904868658,430748000.0,3597811000.0,-2033633000.0,4473216000.0,109459500.0,145247500.0,15466500.0,43.04550758459743,45.2238963859925,4.755616363001647,2.090810517755489,1.9900983150995435,18.92499165832499,-0.0218619759042173,0.1494624068977187,2016-07-29,-0.08,bmo,,2025-04-25,2016-06-30,-0.1249999999999999,23.98875,5341782.9375
2016-03-31,CTRA,USD,858470,2016-05-03,2016-05-03 10:00:06,2016,Q1,281941000.0,300140000.0,-18199000.0,-0.0645489659,0,28376000.0,0.0,28376000.0,12377000.0,40753000.0,340893000.0,0.0,24375000.0,161887000.0,106298000.0,0.3770221429,-55589000.0,-0.1971653644,-24878000.0,-79964000.0,-0.2836196225,-28770000.0,-51194000.0,-0.1815769966,-0.12,-0.12,426616666,431841000,https://www.sec.gov/Archives/edgar/data/858470/000085847016000049/0000858470-16-000049-index.htm,https://www.sec.gov/Archives/edgar/data/858470/000085847016000049/cog-03312016x10q.htm,0.660876666266948,-0.1200000001875219,0.1455404932539602,-0.0706653124517174,1.357931009661962,6.9009493407836064,9.004648215032462,6.9009493407836064,3.768176745350122,9688464484.86,10692340484.86,-47.31249992606555,34.363446553924405,156.03904791206315,-321.37408315454275,3.2908515739692805,3.2908515739692805,37.92403547146389,100.58835053208904,172.2071265076502,-354.67344959233094,-0.0052840158603047,-0.0031116385932064,0.537758061996019,0.2776210880865722,9.44397824982596,3.6146041267516624,-2.280574358974359,-1.2128374418877212,0.0008548310222886,-0.1617767707153182,0.1006451704434615,0.0,-0.157376635801798,1.4855371235303592,0.3271500065616565,0.569761623848734,0.0376177994686831,,-0.0064433650643841,-0.0077564539517931,-4.912383685451238,521305000.0,3841533000.0,-2037961000.0,4461646000.0,110550000.0,154200500.0,16498500.0,32.19960913808208,44.37749050443127,4.78216832144999,2.795064983989452,2.02805519142668,18.81991472284926,-0.0173889119107626,0.2162058057056777,2016-04-29,-0.14,amc,,2025-04-25,2016-03-31,-0.0714285714285714,20.05262295081967,10872702.68852459
2015-12-31,CTRA,USD,858470,2016-02-22,2016-02-22 15:27:31,2015,Q4,280792000.0,292628000.0,-11836000.0,-0.0421521981,0,15835000.0,0.0,15835000.0,17011000.0,32846000.0,325474000.0,0.0,24666000.0,149876000.0,-7657000.0,-0.0272692954,-157671000.0,-0.561522408,-24667000.0,-182337000.0,-0.6493667911,-71213000.0,-111124000.0,-0.3957520157,-0.27,-0.27,411747269,413875000,https://www.sec.gov/Archives/edgar/data/858470/000085847016000036/0000858470-16-000036-index.htm,https://www.sec.gov/Archives/edgar/data/858470/000085847016000036/cog-12312015x10k.htm,0.68195230701093,-0.2698840001292152,0.3783461645740751,0.0486220589844397,0.0012483385773227,4.879663209132299,4.879663209132299,4.879663209132299,4.9293976009346645,7283809188.610001,9288295188.61,-16.3866698206733,25.940230450333345,46.756123509047846,363.8266327977023,3.6252501949095857,3.6252501949095857,33.07891673769196,-1213.0462568381874,59.623291300141865,463.9508086218781,-0.0152563030033473,0.0027485618419694,0.99791557584457,0.3810411412305709,-261.78477210395715,0.614666825159625,-6.392240330819752,-1.4018843814117563,0.001136493253138,-0.0744933587703826,0.0563940568107353,0.0,0.0,0.8714879030446198,0.4835002421721416,0.9058354906722892,0.0235191885808712,,-0.0190417900480449,-0.0211186113606513,-7.658826147551205,-90766000.0,2009188000.0,-3107925000.0,4886113000.0,119986000.0,96859500.0,17666000.0,38.53603379013647,49.33441092445016,5.243551539838977,2.335476465744537,1.824284476363251,17.163939233972666,-0.0553079154364847,0.3297241055896354,2016-02-19,-0.01436,amc,,2025-04-25,2015-12-31,0.392757660167131,20.06203125,7162711.9375
2015-09-30,CTRA,USD,858470,2015-10-23,2015-10-23 10:28:55,2015,Q3,305296000.0,284285000.0,21011000.0,0.0688217337,0,11102000.0,0.0,11102000.0,16337000.0,27439000.0,311724000.0,0.0,24510000.0,144326000.0,143302000.0,0.4693870866,-1024000.0,-0.0033541219,-24510000.0,-25534000.0,-0.0836368639,-10020000.0,-15514000.0,-0.050816257,-0.0375,-0.0375,413846000,413846000,https://www.sec.gov/Archives/edgar/data/858470/000085847015000027/0000858470-15-000027-index.htm,https://www.sec.gov/Archives/edgar/data/858470/000085847015000027/cog-09302015x10q.htm,0.7377043634588711,-0.0374873745306225,0.3536653731098041,-0.0685858991025647,0.0211987067653185,5.126875697723308,5.074431068561736,5.126875697723308,4.981345717972386,9046673560.0,11074900560.0,-145.78241523784968,29.63246672082176,61.80983964526554,-318.7244067080045,4.263805344394711,4.263805344394711,36.27594387086631,77.28364265676683,75.66735144811189,-390.18110766629087,-0.0017148844707512,-0.0031375068207943,0.9600624394069576,0.3713986907512427,14.153514954431898,0.8111188508387145,-0.0417788657690738,-9.43425293283486,0.0009147008505521,-0.5333891968544541,0.036364708348619,0.0,0.0039572102032719,1.1939287934792262,0.5723854881819611,1.2107797624821584,-0.014939599601698,,-0.0001187542823024,-0.0028398482290212,-7.865759847866115,-50164000.0,2100033000.0,-3147514000.0,5112944000.0,129048500.0,125972500.0,19353000.0,35.29974188983806,10.546036547830523,5.788099970100427,2.5495937132024418,8.53401176753122,15.549144013564511,-0.0073119335714087,0.4222512722123688,2015-10-23,,amc,,2025-04-25,2015-09-30,,25.60390625,6186410.109375
2015-06-30,CTRA,USD,858470,2015-07-24,2015-07-24 10:34:01,2015,Q2,306297000.0,289805000.0,16492000.0,0.0538431653,0,19978000.0,0.0,19978000.0,16909000.0,36887000.0,326692000.0,0.0,24168000.0,152512000.0,133550000.0,0.4360147177,-18962000.0,-0.0619072338,-24168000.0,-43130000.0,-0.1408110429,-15622000.0,-27508000.0,-0.089808258,-0.0665,-0.0665,413713000,413713000,https://www.sec.gov/Archives/edgar/data/858470/000085847015000015/0000858470-15-000015-index.htm,https://www.sec.gov/Archives/edgar/data/858470/000085847015000015/cog-06302015x10q.htm,0.7403610715641036,-0.0664905381266723,0.4138376120644021,-0.1900834636571729,0.0368153768433672,5.186967777178865,5.106288659046247,5.186967777178865,4.880600802972109,13048508020.0,15028277020.0,-118.58830176675876,42.60083520243424,76.21346895625256,-165.9271111393693,6.0806238548014,6.0806238548014,49.06439508059171,112.52921767128416,87.7768647859354,-191.1022001525941,-0.002108133738956,-0.0060267426650974,0.9296729228916696,0.3624030866933579,14.824178210408087,0.9144384834966218,-0.7845911949685535,-6.2240075614366726,0.0006340954833547,-0.300785226116039,0.0652242757846142,0.0,0.006063303372256,1.459318965013726,0.8157115479420302,1.6382317456986992,0.0232192936920701,,-0.0023141347473206,-0.0050274675767818,-7.806851609690776,-23859000.0,2112538000.0,-3104011000.0,5142174000.0,161817500.0,269924000.0,17255000.0,40.6528957188611,67.89727575438657,6.342437156018702,2.213864434710959,1.3255318273087775,14.190128776379572,-0.0128187683022075,0.603921075721575,2015-07-24,0.04406,amc,,2025-04-25,2015-06-30,-0.3191103041307309,33.36571428571428,5345760.079365079
2015-03-31,CTRA,USD,858470,2015-04-24,2015-04-24 11:24:59,2015,Q1,464765000.0,336488000.0,128277000.0,0.276004002,0,22529000.0,0.0,22529000.0,20012000.0,42541000.0,379029000.0,0.0,23566000.0,175497000.0,262792000.0,0.5654298409,87295000.0,0.1878261057,-23566000.0,63729000.0,0.1371209106,23474000.0,40255000.0,0.086613665,0.1,0.1,413344000,414771000,https://www.sec.gov/Archives/edgar/data/858470/000085847015000006/0000858470-15-000006-index.htm,https://www.sec.gov/Archives/edgar/data/858470/000085847015000006/cog-03312015x10q.htm,1.1244024347758768,0.0973886157776573,0.6468728226368352,-0.3093331462413873,0.0337442904699233,5.263245625919331,5.286809533947511,5.263245625919331,4.598024889680266,12206048320.0,14069100320.0,75.80454800645883,26.262838897077017,45.650395203847694,-95.46341980744717,5.6106064772232624,5.6106064772232624,30.27142818413607,53.53701908733903,52.6181752630142,-110.0343366624694,0.0032979551567103,-0.0104752166014692,0.8627778689432603,0.3405097995890299,7.089454777923224,0.8675517571869118,3.704277348722736,6.642181095516085,0.0006769594698769,0.2052664265308657,0.0484739599582584,0.0,-0.0017669501587624,1.4781977777029782,0.8504125740965864,2.252129666034177,0.0096607963164179,3.396035134555752,0.0107916325208831,0.0072898480151349,-7.685704280212123,-53343000.0,2185271000.0,-2987389000.0,4995721000.0,212145000.0,360645500.0,14056500.0,35.87897109291792,85.9149509046385,3.767831245096408,2.508433136695074,1.047547592733839,23.88642010364165,0.018503528563831,0.9562059688782224,2015-04-24,0.03251,amc,,2025-04-25,2015-03-31,2.6911719470932023,28.34032786885246,6577001.819672131
2014-12-31,CTRA,USD,858470,2015-02-27,2015-02-27 11:15:10,2014,Q4,618004000.0,317126000.0,300878000.0,0.486854454,0,21252000.0,0.0,21252000.0,19001000.0,40253000.0,357379000.0,0.0,23471000.0,173765000.0,-318265000.0,-0.5149885761,-489295000.0,-0.7917343577,-23474000.0,-512766000.0,-0.8297130763,-290995000.0,-221771000.0,-0.3588504282,-0.54,-0.54,412600279,413035000,https://www.sec.gov/Archives/edgar/data/858470/000162828015001120/0001628280-15-001120-index.htm,https://www.sec.gov/Archives/edgar/data/858470/000162828015001120/cog-12312014x10k.htm,1.4978273924046477,-0.5374960010630531,0.7105787730211399,-0.5373384636029294,0.0507852298374233,5.193241762204432,5.193241762204432,5.193241762204432,4.303126028666597,12217094261.19,13948140261.19,-13.772195486774644,19.76863298811982,41.67025687258898,-55.10493293456199,5.701640970288878,5.701640970288878,22.56966016593744,-43.8255549972193,47.574535740880336,-62.91277755762136,-0.0181525160777795,-0.018147195663726,0.8176473690375796,0.3221940976689478,-5.439008373525207,0.8285212156675711,-20.84678965531933,-1.3220168552245335,0.0006761018474122,-0.0372456272461232,0.0343881269376897,0.0,0.0,1.7561983048245988,0.8331515653620365,2.9631456277155928,0.0081633775833166,,-0.0428493108918844,-0.0407838511610389,-7.483657687977472,-85571000.0,2142733000.0,-2881536000.0,4840140000.0,215139500.0,389931500.0,13878500.0,34.80691063488262,113.54111614941696,3.9805629308224497,2.585693425770577,0.7926643937651846,22.609867389134465,-0.1034991293828955,1.2479172366240692,2015-02-20,0.22,amc,,2025-04-25,2014-12-31,0.0454545454545455,31.4528125,6663630.296875
2014-09-30,CTRA,USD,858470,2014-10-24,2014-10-24 10:55:37,2014,Q3,512017000.0,283461000.0,228556000.0,0.4463836162,0,19579000.0,0.0,19579000.0,19745000.0,39324000.0,322785000.0,0.0,17422000.0,154014000.0,344355000.0,0.6725460287,190341000.0,0.3717474224,-17422000.0,172919000.0,0.3377212085,72131000.0,100788000.0,0.1968450266,0.24,0.24,416173000,418093000,https://www.sec.gov/Archives/edgar/data/858470/000144530514004439/0001445305-14-004439-index.htm,https://www.sec.gov/Archives/edgar/data/858470/000144530514004439/cog-09302014x10q.htm,1.2302984576125793,0.2421781326515655,0.860944847455265,0.0268494111823688,0.7448512998200267,5.686267489721822,5.739574648043002,5.686267489721822,3.915251590083931,13604695370.0,14906708370.0,33.74582135274041,26.57078841132228,37.96991188996991,1217.5313558260248,5.748938131927245,5.748938131927245,29.11369811939838,43.288781548111686,41.603754291072896,1334.053013245033,0.0074083246451993,0.0008213340832783,0.6811830780939213,0.2775833852223697,3.781019587344455,1.358498674880023,10.9253243026059,3.555006548398619,0.0006129501450204,0.0827380243679803,0.0382389647218744,0.0,-0.0038202155094033,0.9688140172256924,0.6779618645474662,2.2538730245302374,0.0090133726028627,5.566373770634529,0.0206425133051687,0.0172894556586737,-7.161656330420282,155155000.0,2388656000.0,-2852847000.0,5263183000.0,201685000.0,317734000.0,12822500.0,33.62056337973153,120.5838898472806,4.359647358895933,2.676933131175825,0.7463683591065519,20.6438715315709,0.0425900000464827,0.8340954362728962,2014-10-24,0.22,amc,,2025-04-25,2014-09-30,-0.0909090909090908,33.4390625,5052526.09375
2014-06-30,CTRA,USD,858470,2014-07-25,2014-07-25 11:40:07,2014,Q2,533187000.0,284175000.0,249012000.0,0.4670256402,0,20127000.0,0.0,20127000.0,17492000.0,37619000.0,321794000.0,0.0,16334000.0,157563000.0,368216000.0,0.6905944819,210653000.0,0.3950827758,-16334000.0,194319000.0,0.3644481205,75899000.0,118420000.0,0.2220984383,0.28,0.28,417291000,417291000,https://www.sec.gov/Archives/edgar/data/858470/000110465914053505/0001104659-14-053505-index.htm,https://www.sec.gov/Archives/edgar/data/858470/000110465914053505/a14-13645_110q.htm,1.2777342430102734,0.2837827798826239,0.789784586775176,0.1213972982882448,0.1093002245435439,5.756028766496282,5.95445384635662,5.756028766496282,2.8980591481723783,14246314740.0,15393704740.0,30.07582068062827,26.71917121010077,43.2269767879358,281.2253689446879,5.931172581818273,5.931172581818273,28.871117900473944,41.80618099159189,46.70845265042328,303.87509850369145,0.0083123251283721,0.0035558669680212,0.4966820556225616,0.2290301141003839,3.116078606035588,0.8452258337084112,12.896596057303784,2.783060293869279,0.0005859059098676,0.0704864043235939,0.0377484822398145,0.0,-0.0158959953710191,0.8462906211123585,0.5231035265300917,1.7701617765592177,0.0106154126038331,6.0624163086936695,0.0264865003704517,0.0223783444447111,-6.221895511765171,-56051000.0,2484740000.0,-2500887000.0,4686672000.0,228586500.0,276683000.0,11153000.0,35.801698090913696,80.97577197149644,3.773238321456849,2.513847241867044,1.1114435566193812,23.852190700016788,0.0493018348925597,0.6683872884869312,2014-07-24,0.25,amc,,2025-04-25,2014-06-30,0.1200000000000001,35.834761904761905,6455314.0
2014-03-31,CTRA,USD,858470,2014-04-25,2014-04-25 09:43:35,2014,Q1,509803000.0,272877000.0,236926000.0,0.4647403016,0,21636000.0,0.0,21636000.0,19518000.0,41154000.0,314031000.0,0.0,16557000.0,147418000.0,341905000.0,0.67066102,194487000.0,0.3814944204,-16557000.0,177930000.0,0.3490171694,70899000.0,107031000.0,0.2099458026,0.26,0.26,416900000,416900000,https://www.sec.gov/Archives/edgar/data/858470/000110465914030311/0001104659-14-030311-index.htm,https://www.sec.gov/Archives/edgar/data/858470/000110465914030311/a14-9350_110q.htm,1.2228424082513791,0.2567306308467258,0.6125641640681219,-0.1998632765651235,0.0610002398656752,5.442050851523147,5.693374910050371,5.442050851523147,2.9708731110578075,14124572000.000002,15321141000.000002,32.991778082985306,27.705941314586227,55.30849172599049,-169.51588396961225,6.22559416006146,6.22559416006146,30.05306167284225,44.8111054240213,59.9939736390762,-183.87649268509296,0.0075776455385692,-0.0058991522008596,0.5386128559219425,0.237476376250419,3.499711908278615,0.8640910898046359,11.746512049284291,2.386019003840009,0.0005898939805043,0.0778466051891508,0.0424399228721682,0.0,-0.0203617530886989,1.3262732106916022,0.664376239449356,2.297555251054824,0.0059415107404232,5.60675269962558,0.0248221843263747,0.0203847138358024,-6.386548932597745,-58798000.0,2373568000.0,-2503154000.0,4546994000.0,233774500.0,293243000.0,13930000.0,43.26488859422169,98.1821480007476,3.427478314405392,2.0802087541263217,0.9166635873490434,26.25837182448037,0.0471753458119324,0.8124274406332453,2014-04-24,0.26,amc,,2025-04-25,2014-03-31,0.0,36.93311475409836,7210744.5245901635
2013-12-31,CTRA,USD,858470,2014-02-28,2014-02-28 09:05:12,2013,Q4,487463000.0,300235000.0,187228000.0,0.3840865871,0,22597000.0,0.0,22597000.0,14183000.0,36780000.0,337015000.0,0.0,16190000.0,182030000.0,349228000.0,0.7164195026,167198000.0,0.3429962889,-16190000.0,151008000.0,0.3097835118,73062000.0,77946000.0,0.1599013669,0.19,0.19,418774000,418774000,https://www.sec.gov/Archives/edgar/data/858470/000104746914001538/0001047469-14-001538-index.htm,https://www.sec.gov/Archives/edgar/data/858470/000104746914001538/a2218428z10-k.htm,1.1640240320554762,0.1861290337986599,0.6157259046645684,-0.2229388643994135,0.0558773944896292,5.264419472078019,5.524098917315784,5.264419472078019,2.7776079699312755,16231680240.0,17355280240.0,52.06065814794858,33.29828159265421,62.95008819080861,-173.85932284358566,7.362635178594593,7.362635178594593,35.6032770487196,49.69613043627659,67.30766042272639,-185.89432675314103,0.0048020906552801,-0.0057517766872913,0.5202753150001679,0.2302713467762011,3.217382340476709,0.9288903053407044,10.327239036442249,3.308059425756293,0.0005176297139771,0.1077925743463423,0.046356338840076,0.0,-0.0218320123346744,1.3620748497188289,0.720487503666945,1.929412734164698,0.018830147108601,4.69541046891499,0.0188715310066176,0.0153140764902225,-6.154840080807309,-29006000.0,2313349000.0,-2397579000.0,4408474000.0,201463500.0,312075000.0,19153500.0,41.07560984115717,86.57248488683864,5.236298233050777,2.191081285172334,1.0395912756534778,17.187714678268833,0.0353560415893662,0.838664769063982,2014-02-20,0.18,amc,,2025-04-25,2013-12-31,0.0,35.695,5310655.15625
2013-09-30,CTRA,USD,858470,2013-10-25,2013-10-25 12:35:06,2013,Q3,435850000.0,268619000.0,167231000.0,0.3836893427,0,24697000.0,0.0,24697000.0,15423000.0,40120000.0,308739000.0,0.0,15796000.0,168980000.0,300512000.0,0.6894849145,131532000.0,0.3017827234,-16074000.0,115736000.0,0.2655408971,45847000.0,69889000.0,0.1603510382,0.17,0.17,420986000,423453000,https://www.sec.gov/Archives/edgar/data/858470/000110465913077893/0001104659-13-077893-index.htm,https://www.sec.gov/Archives/edgar/data/858470/000110465913077893/a13-19491_110q.htm,1.03530758742571,0.1660126465013088,0.6572878908087205,-0.1015781997501104,0.0663489997292071,5.531618628647983,5.459086525442651,5.531618628647983,2.7977082373285573,15711197520.0,16845265520.0,56.20053770979696,36.04725827693014,56.77877307929991,-367.40166779692726,6.746669014151037,6.746669014151037,38.64922684409774,56.05521749547439,60.87718693645671,-393.9215097163435,0.0044483560155763,-0.0027218167135613,0.4989835678956892,0.2309500034980379,3.773786071770844,0.7257089760639963,8.326918207141048,3.959263975732948,0.0005361144489003,0.1205196812087739,0.0566639899047837,0.0,0.0060688970368438,1.154541413542747,0.7329861190776643,1.8905906024381585,0.021404152804864,4.545565925107712,0.0171471550078433,0.0139754046156488,-6.007250241100654,-109517000.0,2298199000.0,-2412902000.0,4611194000.0,192710500.0,177241500.0,19557500.0,37.2618790868418,112.3576887710847,6.98204520156802,2.415337127530466,0.8010132727397428,12.89020586400499,0.0300115856942012,0.7588660905588309,2013-10-24,0.17,amc,,2025-04-25,2013-09-30,0.0588235294117645,37.48546875,4155956.03125
2013-06-30,CTRA,USD,858470,2013-07-26,2013-07-26 09:09:04,2013,Q2,449680000.0,247719000.0,201961000.0,0.4491215976,0,21608000.0,0.0,21608000.0,15893000.0,37501000.0,285220000.0,0.0,16701000.0,151389000.0,316125000.0,0.702999911,164736000.0,0.3663405088,-16701000.0,148035000.0,0.329200765,58921000.0,89114000.0,0.1981720334,0.21,0.21,420698000,420698000,https://www.sec.gov/Archives/edgar/data/858470/000110465913056880/0001104659-13-056880-index.htm,https://www.sec.gov/Archives/edgar/data/858470/000110465913056880/a13-13232_110q.htm,1.068890272832293,0.2118241588978317,0.6590998768712949,0.0318399421913106,0.1123775249704063,5.434399497977172,5.58264122957561,5.434399497977172,2.5759594768693934,14854846380.000002,15874569380.000002,41.67371675606527,33.0342607632094,53.57306417293586,1108.9844255319151,6.497498024049083,6.497498024049083,35.30192443515389,50.21611508105971,57.25063069366205,1185.1115625233297,0.0059989849588737,0.000901725918757,0.466704953677237,0.212637227736663,3.225695531830763,0.8155346679045533,9.863840488593498,3.111542518571717,0.0002831399189467,0.0471979711380927,0.048051948051948,0.0,-0.0124284167833148,0.9516917794880302,0.5868328589219001,1.7431055096473325,0.021570894858566,5.0892617158494415,0.0215650071161643,0.0175410866403388,-5.993735411150041,-91198000.0,2348606000.0,-2328502000.0,4404644000.0,188815500.0,15070000.0,14777000.0,41.02317203344601,6.951667009797391,6.639942838458091,2.1938820315168077,12.94653496393854,13.554333552199608,0.0389783929165822,0.6272599346799842,2013-07-24,0.19,amc,,2025-04-25,2013-06-30,0.2105263157894737,34.4175,4075625.96875
2013-03-31,CTRA,USD,858470,2013-04-26,2013-04-26 11:48:56,2013,Q1,373285000.0,234760000.0,138525000.0,0.371097151,0,35704000.0,0.0,35704000.0,15711000.0,51415000.0,286175000.0,0.0,16255000.0,148653000.0,235667000.0,0.6313326279,87014000.0,0.2331033928,-16255000.0,70759000.0,0.1895575767,27935000.0,42824000.0,0.1147219953,0.1,0.1,420300000,420300000,https://www.sec.gov/Archives/edgar/data/858470/000110465913033398/0001104659-13-033398-index.htm,https://www.sec.gov/Archives/edgar/data/858470/000110465913033398/a13-8283_110q.htm,0.8881394242207946,0.1018891268141803,0.5060314061384725,-0.1129764453961456,0.0486723768736616,5.051663097787295,5.140423507018796,5.051663097787295,2.5416488222698077,14033817000.0,15065360000.0,81.9272896039604,37.59544851788848,65.98404682981875,-295.5483320697498,6.6097044386482,6.6097044386482,40.35886788914636,63.9264725226697,70.83414439194114,-317.27234436862943,0.0030514862777532,-0.0033835413416036,0.4954752559092018,0.2244105809162266,4.377121107325166,0.5340917221149031,5.353060596739465,4.96649075284887,0.0002993483526256,0.098099196712124,0.0956480972983109,0.0,-0.0079580429008182,1.2232597503350024,0.6969714829151988,1.7501765857399447,0.047296301753352,3.403081646808038,0.0122027105689217,0.0090630080535145,-5.731692243635498,-208384000.0,2160520000.0,-2325742000.0,4167082000.0,172540000.0,12521500.0,12725500.0,41.62902340035094,4.219372976657011,4.323649684784461,2.1619531915140078,21.330183536252957,20.8157474729562,0.0201694223945395,0.6190078515346181,2013-04-24,0.12,amc,,2025-04-25,2013-03-31,0.0833333333333334,28.72716666666667,4488140.2
2012-12-31,CTRA,USD,858470,2013-02-28,2013-02-28 16:22:23,2012,Q4,369879000.0,202936000.0,166943000.0,0.4513448993,0,27989000.0,1000.0,27989000.0,-318492000.0,44918000.0,247854000.0,0.0,16662000.0,115984000.0,238008000.0,0.6434752987,105618000.0,0.2855474358,-33069000.0,88956000.0,0.2405002717,48089000.0,40867000.0,0.1104874837,0.095,0.095,419700000,419700000,https://www.sec.gov/Archives/edgar/data/858470/000104746913001948/0001047469-13-001948-index.htm,https://www.sec.gov/Archives/edgar/data/858470/000104746913001948/a2212957z10-k.htm,0.8812937812723374,0.0973719323326185,0.4693376221110317,-0.1472432690016678,0.073233261853705,5.078501310459853,5.107374314986895,5.078501310459853,2.450945913747915,10437939000.0,11419203000.0,63.85310274793843,28.21987460764196,52.98957259837243,-168.9041554742872,4.897114026292936,4.897114026292936,30.87280705311737,47.978231824140366,57.97108858214752,-184.78272759636235,0.0039152365232255,-0.0059205174508109,0.4747948224844436,0.2192225700467017,4.122819401028537,0.6086157711887494,6.338854879366223,4.820050407419189,0.0004019950681834,0.1026745295715369,0.0756706923074843,0.0,-0.0026250386401442,1.3137256892796767,0.699631501112526,2.231161194647538,0.0252893513824791,3.3356151507551437,0.0114244525256118,0.0088295580078864,-5.522347510126281,-173829000.0,2143565000.0,-2214556000.0,4125030000.0,138026500.0,42941000.0,15934500.0,41.95347667750805,6.225263137146687,6.285577719083849,2.1452334139508986,14.45722020374724,14.318492909052424,0.019173359694142,0.6165808911126995,2013-02-21,0.1,amc,,2025-04-25,2012-12-31,0.4000000000000001,23.57790322580645,4786855.193548387
2012-09-30,CTRA,USD,858470,2012-10-26,2012-10-26 14:56:33,2012,Q3,296874000.0,66957000.0,229917000.0,0.7744598719,0,23829000.0,0.0,23829000.0,130187000.0,154016000.0,220973000.0,0.0,16219000.0,110448000.0,186223000.0,0.6272795866,75775000.0,0.255242965,-16219000.0,59556000.0,0.20061036,22948000.0,36608000.0,0.1233115733,0.09,0.09,419312000,422452000,https://www.sec.gov/Archives/edgar/data/858470/000110465912071549/0001104659-12-071549-index.htm,https://www.sec.gov/Archives/edgar/data/858470/000110465912071549/a12-18967_110q.htm,0.7080026328843438,0.0873049185332163,0.3910453314000076,-0.2239406456290304,0.0894345976265883,5.008888369519594,4.961198343953906,5.008888369519594,2.5714002938146296,9581279200.0,10605778200.0,65.43159418706294,32.273891280475894,58.4331231322803,-102.0359655381732,4.561890446400897,4.561890446400897,35.724846904747466,56.95203170392487,64.68121119717021,-112.94638182766955,0.0038207841808847,-0.0098004658918612,0.5056451808728998,0.2368982655790166,5.501463299377628,0.5442815959688946,4.671989641778161,4.47895326285886,0.0004376242370642,0.1145378059440559,0.0802663756341073,0.0,0.0044606917295514,1.5726718302128435,0.8686210311445259,2.3347729248152977,0.0354729615931337,3.1367600001378597,0.0112366405904013,0.0082026646112204,-5.3863841244705615,-188116000.0,2080290000.0,-2157976000.0,4050802000.0,96400500.0,154631000.0,14840500.0,31.41757109076578,96.5701868363278,23.78601191809669,2.8646390180828685,0.9319646461131604,3.78373643761302,0.0174299988525377,0.614985977029038,2012-10-25,0.07,amc,,2025-04-25,2012-09-30,0.5714285714285713,20.99142857142857,5838954.634920635
2012-06-30,CTRA,USD,858470,2012-07-27,2012-07-27 08:54:50,2012,Q2,265657000.0,82939000.0,182718000.0,0.6877966701,0,46872000.0,0.0,46872000.0,141714000.0,172342000.0,255281000.0,0.0,18495000.0,114616000.0,192695000.0,0.7253526163,78079000.0,0.2939090632,-18495000.0,59584000.0,0.224289215,23647000.0,35937000.0,0.1352759385,0.085,0.085,419024000,419024000,https://www.sec.gov/Archives/edgar/data/858470/000110465912051649/0001104659-12-051649-index.htm,https://www.sec.gov/Archives/edgar/data/858470/000110465912051649/a12-12340_110q.htm,0.6339899385238077,0.0857635839474588,0.3803171178739165,-0.1513469395547749,0.1160816564206346,5.086415097941884,5.201007579518119,5.086415097941884,2.363814483179961,8254772800.0,9178131800.0,57.42530539555333,31.07304832923657,51.79887802612919,-130.16450849916427,3.8730617970938335,3.8730617970938335,34.54880466165017,47.63035781935182,57.59297574076631,-144.72439685893596,0.0043534814186527,-0.0076825857642017,0.4560532625168322,0.220398567681407,4.791816082410026,0.8680040720649888,4.221627466882941,4.434482566713972,0.0005077062811468,0.1166207529843893,0.176438038523359,0.0,-0.010887734592961,1.397949322925164,0.8386001498172455,1.9437076847909545,0.107119330565353,3.132915053985524,0.011572393076666,0.0080608603140857,-5.14851953587384,-44992000.0,2179347000.0,-1982995000.0,3968665000.0,92143500.0,125734500.0,11689000.0,30.208238442804067,257.62946261710414,13.005341274912888,2.979319703477744,0.3493389268670735,6.920233625365039,0.0168613025669417,0.5316640574286914,2012-07-24,0.03882,amc,,2025-04-25,2012-06-30,-0.2272024729520866,16.886507936507936,8879684.952380951
2012-03-31,CTRA,USD,858470,2012-04-27,2012-04-27 16:03:38,2012,Q1,272136000.0,73451000.0,198685000.0,0.7300945116,0,22549000.0,0.0,22549000.0,128940000.0,151489000.0,224940000.0,0.0,16917000.0,110357000.0,157018000.0,0.576983567,46661000.0,0.1714620631,-16917000.0,29744000.0,0.109298292,11426000.0,18318000.0,0.0673119323,0.045,0.045,418256000,418256000,https://www.sec.gov/Archives/edgar/data/858470/000110465912029890/0001104659-12-029890-index.htm,https://www.sec.gov/Archives/edgar/data/858470/000110465912029890/a12-6720_110q.htm,0.6506445813090548,0.0437961439883707,0.315070196243449,-0.1357230978156918,0.0772923759611338,5.080515282506408,5.080515282506408,5.080515282506408,2.4600173099728395,6520611040.0,7500283040.0,88.99185282236053,23.960854278742985,49.481036879647895,-114.86622580020082,3.068586380141518,3.068586380141518,27.560789605197403,47.76702696506133,56.91518470177569,-132.12399880212095,0.0028092459261302,-0.0087057792056248,0.4762451551938017,0.2298540426828963,6.239233718427187,1.0545484457743812,2.758231364899214,7.194016814062671,0.0006405841376485,0.2280270771918331,0.082859305641297,0.0,0.0,1.4307709819395964,0.6928410794602698,1.708518716529083,-0.0054017109092512,2.237500172977602,0.0070421365485634,0.0041605398753609,-5.184560412761562,17573000.0,2124956000.0,-1938111000.0,4028776000.0,105444500.0,16152500.0,16335500.0,31.45780051150895,17.218009285101633,13.959918857469605,2.860975609756097,5.227085112439511,6.447028877380848,0.0086204137873913,0.4507932940591408,2012-04-25,0.07,amc,,2025-04-25,2012-03-31,0.0,17.095161290322583,10427418.516129032
2011-12-31,CTRA,USD,858470,2012-02-28,2012-02-28 15:23:32,2011,Q4,268025000.0,70972000.0,197053000.0,0.7352038056,0,26413000.0,0.0,26413000.0,104362000.0,125418000.0,196390000.0,0.0,17735000.0,92499000.0,194962000.0,0.7274022946,98609000.0,0.3679097099,-84360000.0,80874000.0,0.3017405093,54511000.0,26363000.0,0.0983602276,0.065,0.065,417202000,417202000,https://www.sec.gov/Archives/edgar/data/858470/000104746912001751/0001047469-12-001751-index.htm,https://www.sec.gov/Archives/edgar/data/858470/000104746912001751/a2207418z10-k.htm,0.6424346000258867,0.0631900134706928,0.303145718381024,-0.2296657254759085,0.0716942871798313,5.044961433550175,5.044961433550175,5.044961433550175,2.3195837987353847,7914321940.0,8834410940.0,75.0514161893563,29.52829750956068,62.57716619357491,-82.59830656355344,3.760187317557089,3.760187317557089,32.96114519167988,45.313501810609246,69.85214978691104,-92.20087187033616,0.003331049734881,-0.0121067857393731,0.4513561589685894,0.2193239144101121,4.71932479149783,1.0071531758236638,5.56013532562729,4.79736752266434,0.0003953592011699,0.1186890718051815,0.0985467773528588,0.0,0.0,1.757608343282756,0.829362932562261,2.4031611152553,0.039205298013245,2.678208649688469,0.0080599265681138,0.0060863540585197,-5.031970724013787,2456000.0,2104768000.0,-1880925000.0,3937040000.0,108690500.0,48042500.0,24787000.0,38.87402294562074,23.14673392323733,26.982753762047004,2.3151707279150724,3.888237549991782,3.335463859385281,0.0125253709672514,0.5328114438569326,2012-02-20,0.07,amc,,2025-04-25,2011-12-31,0.4285714285714285,19.08111111111111,8313853.46031746
2011-09-30,CTRA,USD,858470,2011-10-28,2011-10-28 15:42:13,2011,Q3,262117000.0,75454000.0,186663000.0,0.7121361835,0,27949000.0,0.0,27949000.0,117525000.0,125284000.0,200738000.0,0.0,18517000.0,90293000.0,155526000.0,0.5933457197,65233000.0,0.2488697795,-18517000.0,46716000.0,0.1782257541,18234000.0,28482000.0,0.1086613993,0.0675,0.0675,417140000,417140000,https://www.sec.gov/Archives/edgar/data/858470/000110465911058807/0001104659-11-058807-index.htm,https://www.sec.gov/Archives/edgar/data/858470/000110465911058807/a11-25540_110q.htm,0.6283669751162679,0.0682792347892793,0.3707747998273961,-0.2639593421872752,0.1508558277796423,4.898043822217961,4.898043822217961,4.898043822217961,2.933108788416359,6457327200.0,7599399200.0,56.67901832736466,24.63528576933201,41.75041024148968,-58.64539542994151,3.1604453863359385,3.1604453863359385,28.99239347314367,48.86256445867572,49.13457601913814,-69.01768445526211,0.0044108032809611,-0.0170516370922012,0.5897698184683604,0.2694304642454594,7.343286653035506,1.072877772279455,3.522870875411784,5.430271750579314,0.0004845658123069,0.1098588582262481,0.1066279562180247,0.0,0.0,1.711912843888404,1.010132879591938,2.9323757101879435,0.0871977017896588,2.7431333167149368,0.0095069391842605,0.0063683970810283,-5.456062712758307,21060000.0,2043170000.0,-2119190000.0,4124377000.0,109463000.0,82057000.0,26170000.0,34.889305157620456,92.83643014286852,33.750894584780134,2.5795870566468526,0.9694470140816116,2.6665959852982755,0.0139401028793492,0.6347341420146714,2011-10-26,0.09,amc,,2025-04-25,2011-09-30,0.0,17.38703125,8778128.625
2011-06-30,CTRA,USD,858470,2011-07-29,2011-07-29 12:15:21,2011,Q2,240696000.0,53041000.0,187655000.0,0.7796348921,0,26006000.0,0.0,26006000.0,93694000.0,81037000.0,134078000.0,0.0,18044000.0,83225000.0,189843000.0,0.7887251969,106618000.0,0.4429570911,-18044000.0,88574000.0,0.367991159,33897000.0,54677000.0,0.2271620633,0.13,0.13,417056000,417056000,https://www.sec.gov/Archives/edgar/data/858470/000119312511202290/0001193125-11-202290-index.htm,https://www.sec.gov/Archives/edgar/data/858470/000119312511202290/d10q.htm,0.5771311286733676,0.1311022980127369,0.3104810864727998,-0.1715764789380802,0.0942655182997007,4.71447239699225,4.71447239699225,4.71447239699225,2.668811862195964,6914788479.999999,7970474479.999999,31.616531997000564,28.72830657759165,53.40099839367354,-96.63329206087454,3.516830432728325,3.516830432728325,33.114278924452414,41.984558187554974,61.55376930680835,-111.386370026692,0.0079072556099358,-0.0103484004184608,0.5569120928247853,0.2576373595346998,5.560837112772132,0.8225261924359314,5.908778541343382,2.3682352726009106,0.000452363801011,0.0572086983557986,0.1080450028251404,0.0,0.0,1.5526149141233163,0.8352652308305912,2.41568038449985,0.0442051384318808,3.729176680739899,0.016605696714355,0.012864692152766,-5.142329807028313,-50886000.0,1966199000.0,-2048123000.0,3916830000.0,105611500.0,143797500.0,22425000.0,43.86553993419085,146.40334835316074,40.79787334326276,2.0517244318666146,0.6147400384784776,2.205997338213276,0.0278084771683842,0.4820575654108801,2011-07-27,0.07,amc,,2025-04-25,2011-06-30,0.4285714285714285,14.035079365079364,6807080.063492063
2011-03-31,CTRA,USD,858470,2011-04-29,2011-04-29 11:44:03,2011,Q1,209026000.0,61545000.0,147481000.0,0.7055629443,0,24299000.0,0.0,24299000.0,85275000.0,109574000.0,171119000.0,0.0,17367000.0,77124000.0,113514000.0,0.5430616287,36390000.0,0.174093175,-17367000.0,19023000.0,0.0910078172,6137000.0,12886000.0,0.0616478333,0.03,0.03,416576000,416576000,https://www.sec.gov/Archives/edgar/data/858470/000119312511117544/0001193125-11-117544-index.htm,https://www.sec.gov/Archives/edgar/data/858470/000119312511117544/d10q.htm,0.5017715854970042,0.0309331310493163,0.2189588454447688,-0.2687528806268244,0.0597634045168228,4.527433169457674,4.527433169457674,4.527433169457674,2.5742409548317715,5515466240.0,6545570240.0,107.00501008846813,26.38650808990269,60.46798416892329,-49.264588231090784,2.924394354248629,2.924394354248629,31.31462229579095,57.66310974857727,71.76137436549615,-58.46556004144485,0.0023363392031205,-0.0202985559385819,0.5593790097665985,0.2605963283829911,9.07468682277076,0.6683353882053107,2.095353256175505,7.078457240415955,0.0005660446214606,0.2422784417196958,0.1162486963344272,0.0,0.0,2.2274127591461745,0.9719795623510952,2.634316166173954,0.0427506625969975,1.775126158848085,0.0064754797881273,0.0031829803673395,-4.937049301928099,-80164000.0,1886020000.0,-2000849000.0,3806705000.0,94198500.0,115034500.0,25236500.0,40.43425219829113,294.388983670485,30.425542286132096,2.225835649405276,0.3057179615822127,2.9580409497260405,0.0068323771752155,0.4877117260715932,2011-04-27,0.02953,amc,,2025-04-25,2011-03-31,0.6931933626820184,10.75758064516129,6012016.0
2010-12-31,CTRA,USD,858470,2011-02-28,2011-02-28 15:21:48,2010,Q4,216875000.0,10646000.0,206229000.0,0.9509118156,0,29501000.0,1000.0,29502000.0,140988000.0,170490000.0,181136000.0,0.0,20502000.0,91504000.0,127243000.0,0.5867112392,25214000.0,0.1162605187,85792000.0,111006000.0,0.5118432277,61897000.0,49109000.0,0.2264391931,0.12,0.12,415820000,415820000,https://www.sec.gov/Archives/edgar/data/858470/000119312511049690/0001193125-11-049690-index.htm,https://www.sec.gov/Archives/edgar/data/858470/000119312511049690/d10k.htm,0.521559809532971,0.1181015824154682,0.2823793949304988,-0.19650088980809,0.1345510076475398,4.503631378962051,4.503631378962051,4.503631378962051,2.394069549324227,3933657200.000001,4852708200.0,20.025133885845776,18.137900634005767,33.50102794266686,-48.14227563671077,2.1005271533080583,2.1005271533080583,22.37559976945245,38.13732936192954,41.32813428831791,-59.39013083014111,0.0124843110375759,-0.0207717642503266,0.5206386500774283,0.2434438085497965,7.222802040190816,0.668152122039923,1.229831235976978,2.3909873953857743,0.0007929008150481,0.0635117799181412,0.1360276657060518,0.0,0.0,1.6958754545686814,0.9181694524495676,2.1761671620912746,0.0102870317002881,3.459398044545604,0.0030137991188622,0.0122618276862276,-4.787365927564812,-100827000.0,1872700000.0,-1929323000.0,3661933000.0,85004000.0,98399000.0,31004500.0,39.21115850144093,243.0997557768176,250.80123990231075,2.295265007196681,0.3702183892057309,0.358849900562915,0.0262236343247717,0.4788802847385888,2011-02-22,0.05,amc,,2025-04-25,2010-12-31,0.0,8.42125,5990821.375
2010-09-30,CTRA,USD,858470,2010-10-29,2010-10-29 13:04:42,2010,Q3,219130000.0,46412000.0,172718000.0,0.7881987861,0,21077000.0,0.0,21077000.0,103509000.0,114656000.0,161068000.0,0.0,16758000.0,109617000.0,107628000.0,0.4911604983,22273000.0,0.1016428604,-16758000.0,5515000.0,0.0251677087,1617000.0,3898000.0,0.0177885274,0.01,0.01,415820000,415820000,https://www.sec.gov/Archives/edgar/data/858470/000119312510240960/0001193125-10-240960-index.htm,https://www.sec.gov/Archives/edgar/data/858470/000119312510240960/d10q.htm,0.5269828291087489,0.0093742484728969,0.2989610889327113,-0.1915877062190371,0.0903948824010389,4.433019094800635,4.433019094800635,4.433019094800635,2.4932855562503007,3131124600.0,4113536600.0,200.81609799897385,14.2888906128782,25.187224286886437,-39.30314814349911,1.6986166400302063,1.6986166400302063,18.772128873271573,38.21994834058052,33.08989011696189,-51.63478271784701,0.0012449201159225,-0.0254432544779597,0.5533439879175712,0.2584431083104662,9.127847771955253,0.7256377672482014,1.3290965509010622,31.88355988715055,0.0009964470912463,0.8004104669061057,0.0961849130653037,0.0,0.0,1.6408449571247004,0.9308629580614248,1.8608427524927704,0.0220280198968648,0.966961739571194,0.004322297970841,0.0009876580747001,-4.792874320619499,-83554000.0,1843338000.0,-1882387000.0,3642171000.0,79224500.0,160038500.0,27938000.0,31.017204399215075,325.8592605360683,62.7161079031285,2.901615466101695,0.2761928565477678,1.4350380310432256,0.0021146420244144,0.4905487951517484,2010-10-25,0.07,amc,,2025-04-25,2010-09-30,0.1428571428571427,7.58265625,7280462.0625
2010-06-30,CTRA,USD,858470,2010-07-30,2010-07-30 13:38:06,2010,Q2,195474000.0,46373000.0,149101000.0,0.7627664037,0,12853000.0,0.0,12853000.0,79528000.0,97033000.0,143406000.0,0.0,15769000.0,67687000.0,124407000.0,0.6364375825,52068000.0,0.2663679057,-15769000.0,36299000.0,0.1856973306,14617000.0,21682000.0,0.1109201224,0.0525,0.0525,415660000,419912000,https://www.sec.gov/Archives/edgar/data/858470/000119312510171983/0001193125-10-171983-index.htm,https://www.sec.gov/Archives/edgar/data/858470/000119312510171983/d10q.htm,0.4702737814559977,0.0521628253861329,0.30573305105134,-0.2205167685127267,0.1147211663378723,4.440898811528653,4.555340903623153,4.440898811528653,2.4798368859163737,3254617800.0,4221932800.0,37.52672493312425,16.649875686792104,25.610577505685352,-35.507503818459526,1.763156588858359,1.763156588858359,21.598436620727053,33.93645695177924,33.222376279695624,-46.0607986035348,0.0066619189509748,-0.0281630611127364,0.549866081876414,0.2622603483024133,7.775406528571543,1.0944483386456114,3.3019214915340225,5.861129047135873,0.0009577161410473,0.1437598007563877,0.0657529901674903,0.0,-0.0122910960673866,1.721272259425091,1.119028617616665,3.2316545274572666,0.0157412238967842,2.2830070430078004,0.0085363586822497,0.0055342721839904,-4.577412428427079,21424000.0,1893473000.0,-1776039000.0,3595798000.0,95249500.0,168027000.0,20602500.0,38.18211117591086,295.067172708257,45.6744226166088,2.357124769381037,0.305015292531325,1.9704682586895552,0.0117460062928516,0.5262498195640668,2010-07-22,0.04672,amc,,2025-04-25,2010-06-30,0.0702054794520549,8.928571428571429,8997077.841269841
2010-03-31,CTRA,USD,858470,2010-04-30,2010-04-30 11:03:42,2010,Q1,212556000.0,52677000.0,159879000.0,0.7521735449,0,15746000.0,0.0,15746000.0,69080000.0,99290000.0,151967000.0,0.0,14912000.0,58275000.0,118864000.0,0.559212631,60589000.0,0.2850495869,-14153000.0,45677000.0,0.2148939574,16981000.0,28696000.0,0.1350044224,0.07,0.07,415176000,415176000,https://www.sec.gov/Archives/edgar/data/858470/000119312510100927/0001193125-10-100927-index.htm,https://www.sec.gov/Archives/edgar/data/858470/000119312510100927/d10q.htm,0.5119660095959304,0.0691176753954949,0.2796332157928204,-0.287362467965393,0.0686576295354259,4.465889165076979,4.619106114033566,4.465889165076979,2.239801915332293,3819619199.999999,4706114200.0,33.27658210203513,17.969942979732398,32.90024031628724,-32.01531523980353,2.0600600820870163,2.0600600820870163,22.140585069346432,39.59242663884776,40.536053472527286,-39.445746232377246,0.0075127908038581,-0.0312350508658035,0.4934929050282343,0.2400367059408691,7.45806131377036,1.107782828625491,4.063103540772532,4.045755505993867,0.0008147409040147,0.1084471703373292,0.0740793014546754,0.0,-0.0166876665992465,2.0276406797763937,1.107486968140161,4.039519519519519,0.0248311033327687,2.635359035775029,0.0107325650515423,0.0074044085336479,-4.431299015357342,28595000.0,1917742000.0,-1663890000.0,3483003000.0,98420500.0,199803500.0,22830500.0,45.54705583469768,314.40116179736884,30.19135486075517,1.975978432648508,0.2862584841782642,2.9809857959368458,0.0154768004400985,0.5669956837582134,2010-04-28,0.07,amc,,2025-04-25,2010-03-31,0.1428571428571427,10.192295081967211,6204748.393442623
2009-12-31,CTRA,USD,858470,2010-02-26,2010-02-26 12:45:54,2009,Q4,233492000.0,9974000.0,223518000.0,0.957283333,0,36336000.0,-17065000.0,19271000.0,116393000.0,135664000.0,145638000.0,0.0,14850000.0,55491000.0,108992000.0,0.4667911534,66713000.0,0.2857185685,-18153000.0,48560000.0,0.2079728642,12196000.0,36364000.0,0.1557398112,0.0877,0.0877,414588000,414588000,https://www.sec.gov/Archives/edgar/data/858470/000119312510042257/0001193125-10-042257-index.htm,https://www.sec.gov/Archives/edgar/data/858470/000119312510042257/d10k.htm,0.5631904444894691,0.0877111735023686,0.4749823921579978,0.1511765897710498,0.0968624272772005,4.371843854621938,4.371843854621938,4.371843854621938,1.9775053788339267,4519009200.0,5283851200.0,31.067877571224287,19.354021551059564,22.94821909182316,72.10111047290829,2.4932271971416498,2.4932271971416498,22.62968838332791,48.47925719318849,26.832203613613512,84.30421852064586,0.0080468966515934,0.0138694119056009,0.4441345004783411,0.2185480212444966,7.017414122137405,0.911773946447022,4.492457912457913,5.4153008469915305,0.0006879826666429,0.0854966450335496,0.1556198927586384,0.0,0.0,0.68172169691553,0.5749490346564337,2.4192391558991546,0.0413932811402532,2.9373185023597967,0.0148038071192694,0.0098723978192979,-4.220529175952994,-27239000.0,1812514000.0,-1589385000.0,3330960000.0,70942000.0,165764000.0,32379500.0,34.40970140304593,1945.34990976539,252.56667335071185,2.6155414412295146,0.0462641705475258,0.3563415505537692,0.0200627415843408,0.323805802386948,2010-02-21,0.11,amc,,2025-04-25,2009-12-31,0.1818181818181818,9.9428125,5488292.3125
2009-09-30,CTRA,USD,858470,2009-10-29,2009-10-29 16:15:32,2009,Q3,207021000.0,45193000.0,161828000.0,0.781698475,0,14921000.0,0.0,14921000.0,65605000.0,87677000.0,132870000.0,0.0,14857000.0,54886000.0,129609000.0,0.6260669207,74723000.0,0.3609440588,-14857000.0,59866000.0,0.2891783925,20969000.0,38897000.0,0.1878891513,0.095,0.095,414588000,417248000,https://www.sec.gov/Archives/edgar/data/858470/000119312509217450/0001193125-09-217450-index.htm,https://www.sec.gov/Archives/edgar/data/858470/000119312509217450/d10q.htm,0.4993415149497814,0.0938208534738101,0.2815928102115835,0.0009672252935444,0.0860372224955859,4.399099829228053,4.650566345383851,4.399099829228053,1.941341765801229,3706416720.0,4460746720.0,23.82199604082577,17.903578477545757,31.747969677502248,9242.934463840398,2.032233944908856,2.032233944908856,21.5473151032987,34.41695190920384,38.2093170585464,11124.056658354117,0.0104945026257058,0.0001081907487186,0.4331582058258134,0.2201137124155836,5.820043361186338,1.3553598304015018,5.02948105270243,3.001388281872638,0.0008390853578925,0.0799547522945214,0.0720748136662464,0.0,-0.0290480444150464,0.9965651633902952,0.5619912955690486,2.1197390955799293,0.0308229599895662,3.047353648845181,0.014441346865372,0.0105317480882319,-4.032257928352967,87835000.0,1928069000.0,-1430233000.0,3237627000.0,53567000.0,121666000.0,33141500.0,22.87289695248308,230.8897395614365,73.22395061182041,3.934787980156995,0.3897964464378126,1.2291060404144796,0.0213272844708945,0.2806255849180391,2009-10-26,0.09,amc,,2025-04-25,2009-09-30,0.1111111111111112,8.75546875,6343456.1875
2009-06-30,CTRA,USD,858470,2009-07-30,2009-07-30 15:41:49,2009,Q2,204824000.0,44154000.0,160670000.0,0.784429559,0,17117000.0,0.0,17117000.0,66022000.0,89869000.0,134023000.0,0.0,15046000.0,55108000.0,109347000.0,0.5338583369,54239000.0,0.264807835,-15046000.0,39193000.0,0.1913496465,13691000.0,25502000.0,0.1245068937,0.0625,0.0625,414560000,416444000,https://www.sec.gov/Archives/edgar/data/858470/000119312509159490/0001193125-09-159490-index.htm,https://www.sec.gov/Archives/edgar/data/858470/000119312509159490/d10q.htm,0.4940756464685449,0.0615158240061752,0.3566456001543805,0.0374203975299112,0.0719992280972597,4.429930528753377,4.802675125434195,4.429930528753377,1.953989772288692,3175529600.0,3940681600.0,31.130201552819383,15.503698785298598,21.47790410616093,204.7011925481854,1.7291467553003803,1.7291467553003803,19.2393547631137,36.03831472285477,26.653060175446903,254.024469799523,0.0080307864237826,0.0048851693903278,0.4328952469735449,0.2193899909594766,6.997466780067126,1.3986580016369514,3.604878372989499,5.797623715786997,0.0009793641980222,0.1219512195121951,0.0835693082841854,0.0,-0.0426430671107083,0.8950768002921861,0.6461059250869039,2.401429919430936,0.0357038237706518,2.47618529238897,0.0104459070586826,0.0067497589466331,-4.104873239096873,105695000.0,1990997000.0,-1416390000.0,3204032000.0,64869500.0,135172500.0,28566000.0,23.956616412139205,259.66571545046884,60.15898899306971,3.7567909612809753,0.3465994724943481,1.496035779630006,0.0138864082871941,0.3192252026244693,2009-07-23,0.08,amc,,2025-04-25,2009-06-30,0.25,7.795079365079364,7299623.492063492
2009-03-31,CTRA,USD,858470,2009-04-30,2009-04-30 13:39:39,2009,Q1,233939000.0,61694000.0,172245000.0,0.7362816803,0,17065000.0,0.0,17065000.0,68683000.0,85748000.0,147442000.0,0.0,14226000.0,55785000.0,145682000.0,0.6227349865,89897000.0,0.384275388,-14226000.0,75671000.0,0.3234646639,28091000.0,47580000.0,0.2033863529,0.12,0.12,414084000,416444000,https://www.sec.gov/Archives/edgar/data/858470/000119312509093943/0001193125-09-093943-index.htm,https://www.sec.gov/Archives/edgar/data/858470/000119312509093943/d10q.htm,0.564955419673303,0.1149042223317008,0.3683648728277354,-0.0602800397986881,0.060975550854416,4.513320968692343,4.513320968692343,4.513320968692343,2.1522831116391843,2438954760.0,3290705760.0,12.815020807061789,10.42560137471734,15.98958107700578,-97.71061896558632,1.3050257317964529,1.3050257317964529,14.066512039463278,22.588279677654068,21.573588576973,-131.8338912703818,0.019508356932377,-0.0102343021729521,0.4692614990470299,0.233943337696541,5.846645433203827,1.4635078798901109,6.319204273864755,3.205842791088693,0.0012722663211678,0.0652164775115594,0.0729463663604614,0.0,0.0,1.1636422043609949,0.7587234279021454,3.181769292820651,0.0265026353023651,3.415917418633159,0.0162747376795915,0.0126921596437872,-4.309283865109495,144760000.0,1868894000.0,-1422803000.0,3335865000.0,92415500.0,182969000.0,36647500.0,28.93754354767696,208.54167342042987,40.28949330566992,3.1101465074849104,0.4315684175917959,2.2338330074589035,0.0254589077818217,0.4286449126264236,2009-04-28,0.09,amc,,2025-04-25,2009-03-31,0.1111111111111112,6.246229508196721,10684143.803278688
2008-12-31,CTRA,USD,858470,2009-02-27,2009-02-27 16:13:45,2008,Q4,232466000.0,64301000.0,168165000.0,0.7233961095,0,74185000.0,-60841000.0,13344000.0,9654000.0,22998000.0,87299000.0,0.0,135147000.0,52510000.0,197677000.0,0.8503480079,87137000.0,0.3748376107,-13705000.0,73432000.0,0.3158827527,29732000.0,43700000.0,0.1879844795,0.11,0.11,413404000,413404000,https://www.sec.gov/Archives/edgar/data/858470/000119312509040956/0001193125-09-040956-index.htm,https://www.sec.gov/Archives/edgar/data/858470/000119312509040956/d10k.htm,0.5623216030807636,0.1057077338390533,0.5072979458350669,-0.1180201449429613,0.067974668846939,4.331264332227071,4.331264332227071,4.331264332227071,2.4241347447049377,2687126000.0,3526025000.0,15.372574370709382,11.559221563583492,12.81298308689246,-55.07534330805493,1.5007165348086244,1.5007165348086244,15.167917028726782,17.83730530107195,16.81309275745164,-72.2694199631072,0.0162627282829312,-0.0181569453758402,0.4842055175972683,0.234218989081667,4.243786581139941,1.2154531515149916,0.64475719031869,4.799061784897025,0.0011536489170958,0.0709382151029748,0.3191219361110872,0.0,0.0,1.2326446340102708,1.1120292860031145,4.923043229860979,0.0672055268297299,3.20960793359516,0.0154397180667183,0.0118055015258002,-4.300763296920204,81638000.0,1790562000.0,-1450551000.0,3217466000.0,112320000.0,214511000.0,48914500.0,42.437044557053504,312.1047884169764,63.93259824886083,2.1207885925939443,0.288364688207727,1.4077325568666943,0.0244057452352948,0.6253180907780282,2009-02-12,0.1,amc,,2025-04-25,2008-12-31,0.0999999999999999,6.59796875,10502652.5625
2008-09-30,CTRA,USD,858470,2008-11-03,2008-10-31 18:47:17,2008,Q3,244820000.0,52278000.0,192542000.0,0.7864635242,0,209000.0,0.0,209000.0,69313000.0,69313000.0,121591000.0,0.0,35813000.0,48895000.0,172124000.0,0.7030634752,114717000.0,0.4685769137,-10486000.0,104231000.0,0.4257454456,37241000.0,66990000.0,0.2736296054,0.16,0.16,413404000,417980000,https://www.sec.gov/Archives/edgar/data/858470/000119312508221884/0001193125-08-221884-index.htm,https://www.sec.gov/Archives/edgar/data/858470/000119312508221884/d10q.htm,0.5922052036264768,0.1620448761985854,0.3587701134967248,-0.237465046298536,0.1145949240936227,4.042094416115955,4.042094416115955,4.042094416115955,2.0701613917620536,3737172159.999999,4509798160.0,13.946753843857293,15.264979004983251,25.19719357861877,-38.06876060670884,2.236464334914405,2.236464334914405,18.420873131280125,26.20086774650833,30.40648179237714,-45.93912701565667,0.0179253181635603,-0.0262682573339088,0.4907188312753064,0.2317624175194299,4.4887755339174085,1.353609991384569,3.2032222935805432,2.2140170174652933,0.0008295041992392,0.0462755635169428,0.0008536884241483,0.0,0.0,1.6618863650154736,1.006804999591537,5.041128949790367,0.0,3.8389471874403696,0.0227554900861255,0.0189338589629592,-4.130022326827994,112460000.0,1671018000.0,-1436594000.0,3047991000.0,138853500.0,201093500.0,35927000.0,42.28588350624949,354.7061861586136,89.78308274991393,2.1283698609891597,0.2537311259628125,1.002416014726185,0.040089334764796,0.5962351597952608,2008-10-29,0.16,amc,,2025-04-25,2008-09-30,-0.1249999999999999,11.33640625,11815684.5625
2008-06-30,CTRA,USD,858470,2008-07-30,2008-07-30 15:49:53,2008,Q2,248854000.0,54066000.0,194788000.0,0.7827400805,0,33477000.0,0.0,33477000.0,61306000.0,94783000.0,148849000.0,0.0,23563000.0,42482000.0,136568000.0,0.5487876426,94086000.0,0.3780771055,-6207000.0,87879000.0,0.3531347698,33254000.0,54625000.0,0.2195062165,0.14,0.14,393868000,397924000,https://www.sec.gov/Archives/edgar/data/858470/000119312508161322/0001193125-08-161322-index.htm,https://www.sec.gov/Archives/edgar/data/858470/000119312508161322/d10q.htm,0.6318208130642753,0.1386885961794306,0.364860816314095,-0.0903246773030558,0.3461337300821595,3.298833619385175,3.298833619385175,3.298833619385175,0.7326388536260879,6668185240.0,6796854240.0,30.518010251716248,26.79557186141271,46.40125561037389,-187.4349347874972,5.13211697022639,5.13211697022639,27.3126180009162,49.76901060277664,47.29661213441238,-191.05167078929617,0.0081918840035103,-0.0053351847196134,0.2039551914292641,0.0974826664783228,0.942160681858122,0.9189991036372128,3.9929550566566223,2.6307917620137298,0.0004413494667703,0.0538764302059496,0.1345246610462359,0.0,0.0,1.247559269903345,0.7204344716178964,4.22021091285721,0.0,3.2084246264009235,0.0258411975469269,0.020094304363692,-2.9221338113276527,-38496000.0,1299305000.0,-982369000.0,2147000000.0,147079000.0,179750000.0,16103000.0,58.83449733578725,326.5175896126956,32.79658195538786,1.529714777477256,0.2756359928626051,2.7441884072682976,0.0420417069125417,0.4551854936171509,2008-07-24,0.19,amc,,2025-04-25,2008-06-30,-0.0526315789473684,15.3290625,6796565.875
2008-03-31,CTRA,USD,858470,2008-05-05,2008-05-05 15:50:44,2008,Q1,219651000.0,52842000.0,166809000.0,0.7594274554,0,27573000.0,0.0,27573000.0,58413000.0,85986000.0,138828000.0,0.0,20244000.0,41516000.0,122339000.0,0.5569699205,76072000.0,0.3463312254,-5991000.0,70081000.0,0.3190561391,24106000.0,45975000.0,0.2093093134,0.12,0.12,390864000,395700000,https://www.sec.gov/Archives/edgar/data/858470/000119312508102247/0001193125-08-102247-index.htm,https://www.sec.gov/Archives/edgar/data/858470/000119312508102247/d10q.htm,0.5619627287240575,0.1176240329117033,0.3395145114413197,-0.0011717630684841,0.1074337877113267,2.722803839698719,2.722803839698719,2.722803839698719,0.998413770518646,4967881440.0,5295889440.0,27.014037194127244,22.6171583102285,37.43580781287678,-10846.90270742358,4.6679822522236405,4.6679822522236405,24.110472704426567,43.2886441772452,39.90753436218954,-11563.077379912664,0.0092544479080805,-9.219221624580477e-05,0.3476639799444865,0.158798964802424,2.6811401106760724,0.8457152095912643,3.757755384311401,2.886438281674823,0.0005897886323148,0.0637302882001087,0.1255309559255364,0.0,0.0,1.0034512900892212,0.6062435408898662,3.2074862703535985,0.0798493974532326,2.6844014770873543,0.0246036980282551,0.0197318443426795,-2.86261078022023,-49622000.0,1064246000.0,-993740000.0,1922401000.0,120392000.0,168423500.0,19928500.0,53.87191499241979,278.21619166572043,21.29669581015101,1.6706293068041802,0.3234894398530762,4.226007677543186,0.043199598589048,0.3406862745098039,2008-04-30,0.13,amc,,2025-04-25,2008-03-31,0.0769230769230769,11.231311475409836,5555080.196721312
2007-12-31,CTRA,USD,858470,2008-02-27,2008-02-27 14:24:42,2007,Q4,193917000.0,62414000.0,131503000.0,0.6781406478,0,50775000.0,-40960000.0,9815000.0,49054000.0,58869000.0,121283000.0,0.0,13218000.0,38550000.0,111184000.0,0.573358705,69742000.0,0.3596487157,-5697000.0,64045000.0,0.3302701671,21998000.0,42047000.0,0.2168298808,0.11,0.11,388272000,388272000,https://www.sec.gov/Archives/edgar/data/858470/000119312508039904/0001193125-08-039904-index.htm,https://www.sec.gov/Archives/edgar/data/858470/000119312508039904/d10k.htm,0.4994359624180987,0.1082926402109861,0.3440320187909507,-0.0171786788643013,0.0476418593151193,2.756461964808176,2.756461964808176,2.756461964808176,0.9354730704248568,3917664480.0,4249166480.0,23.29336504387947,20.20279026593852,29.328665498809684,-587.3559940029985,3.660489471220464,3.660489471220464,21.912294847795707,38.21742768743704,31.81037655901421,-637.056443778111,0.010732669991178,-0.0017025449815957,0.3270242567906587,0.158471860378141,2.981562095265506,0.8776965583947104,5.276289907701619,3.176873498703832,0.0007445762685629,0.0693747473065855,0.2618388279521651,0.0,0.0,1.049933372261899,0.723237261302516,3.638080415045396,0.0837523270265113,2.591592606049491,0.0231678193847953,0.0190379037523419,-2.6377977294267936,-30853000.0,1070257000.0,-916924000.0,1877264000.0,104900500.0,162975000.0,31777500.0,50.7306734324479,250.17992758035052,39.44259300797898,1.7740746162150294,0.3597410906240453,2.281797243446788,0.0392868255007909,0.361210697655252,2008-02-13,0.11,amc,,2025-04-25,2007-12-31,0.0,9.24796875,3453012.375
2007-09-30,CTRA,USD,858470,2007-10-29,2007-10-29 16:06:32,2007,Q3,170848000.0,42985000.0,127863000.0,0.7484020884,0,9715000.0,0.0,9715000.0,52172000.0,61887000.0,104872000.0,0.0,35335000.0,37744000.0,103720000.0,0.6070893426,55521000.0,0.3249730755,-3921000.0,51600000.0,0.3020228507,16147000.0,35453000.0,0.2075119404,0.0925,0.09,388272000,393756000,https://www.sec.gov/Archives/edgar/data/858470/000119312507228218/0001193125-07-228218-index.htm,https://www.sec.gov/Archives/edgar/data/858470/000119312507228218/d10q.htm,0.4400214282770841,0.091309700416203,0.2234309968269666,-0.1501009601516462,0.0372187538632711,2.7088844933448715,2.7088844933448715,2.7088844933448715,0.9022927226274364,3482799840.0000005,3783348840.000001,24.55927453247962,20.38537085596554,40.14662301733678,-59.759777625257385,3.311326127798103,3.311326127798103,22.14453104513954,36.47656035480139,43.61108493175951,-64.91676115305422,0.0101794537810705,-0.0167336633390909,0.2994911502742008,0.1516430889745365,2.8976957192441186,0.8845147877405942,1.5712749398613273,2.44695794432065,0.0008363960416398,0.082165120018052,0.0568634107510769,0.0,0.0,1.6718000737735152,0.848894924143098,3.84251801610852,0.0,2.359092454708359,0.0203604838839708,0.0170673093124261,-2.3631339627889725,-25830000.0,1051784000.0,-827627000.0,1784193000.0,104357500.0,152937000.0,29660500.0,52.93916229631017,319.1990229149703,75.79806909386996,1.7000646798348176,0.2819557502968128,1.1873653389315508,0.0337074912719721,0.3735319569786129,2007-10-25,0.09,amc,,2025-04-25,2007-09-30,0.1111111111111112,8.696825396825396,3433455.6825396824
2007-06-30,CTRA,USD,858470,2007-07-30,2007-07-30 16:33:05,2007,Q2,175832000.0,41880000.0,133952000.0,0.7618180991,0,12965000.0,0.0,12965000.0,44419000.0,57384000.0,99264000.0,0.0,18166000.0,34262000.0,110830000.0,0.6303175759,70245000.0,0.3995006597,-3619000.0,66626000.0,0.3789185131,25250000.0,41376000.0,0.2353155285,0.11,0.11,387716000,393624000,https://www.sec.gov/Archives/edgar/data/858470/000119312507165421/0001193125-07-165421-index.htm,https://www.sec.gov/Archives/edgar/data/858470/000119312507165421/d10q.htm,0.4535072063056464,0.1067172879117704,0.2732644512994047,-0.1201446419544202,0.0608460832155495,2.627859051470664,2.627859051470664,2.627859051470664,0.7045517853274046,3574741520.0000005,3806150520.000001,21.5991246133024,20.33043769052277,33.74021010108637,-76.74083379846293,3.5085595610008413,3.5085595610008413,21.646517812457347,34.34224054858793,35.92436474152659,-81.70861105147912,0.0115745431574588,-0.0130308722293297,0.2502789874595505,0.1294901996231073,2.087963547775873,0.9049218376102766,3.866839150060553,2.5606390177880898,0.0008132056496213,0.0702581206496519,0.0737351562855452,0.0,0.0,1.4396643668179974,0.867481459575049,4.451900064211079,0.0,2.5119424350918766,0.0248829062629781,0.021010927449434,-2.151271807199084,-22449000.0,1018863000.0,-736736000.0,1669480000.0,102863500.0,145609500.0,19264500.0,55.39264752718504,329.70128939828084,49.682664756447,1.624764368878211,0.2729743646567288,1.8114970370690773,0.040609974059319,0.3934090932538249,2007-07-25,0.1,amc,,2025-04-25,2007-06-30,0.0,9.406666666666666,3876444.253968254
2007-03-31,CTRA,USD,858470,2007-05-02,2007-05-02 15:55:12,2007,Q1,191573000.0,51482000.0,140091000.0,0.7312669322,0,18280000.0,0.0,18280000.0,38640000.0,56920000.0,108402000.0,0.0,7962000.0,33395000.0,116566000.0,0.6084677903,79185000.0,0.4133411284,-3924000.0,75261000.0,0.392858075,26714000.0,48547000.0,0.2534125373,0.0625,0.0625,773560000,784376000,https://www.sec.gov/Archives/edgar/data/858470/000119312507099474/0001193125-07-099474-index.htm,https://www.sec.gov/Archives/edgar/data/858470/000119312507099474/d10q.htm,0.247651119499457,0.0627578985469776,0.175626971404933,0.0212756605822431,0.0742566833859041,1.24863359015461,1.24863359015461,1.24863359015461,0.3076193184756192,6513375200.0,6685933200.0,33.54159474323851,33.999442510165835,47.94252233950154,395.7573945801434,6.743371367221835,6.743371367221835,34.900185307950494,57.357490177238645,49.212657333392215,406.24214363835216,0.00745343213147,0.0025268005442093,0.2381216138847677,0.1247723582572448,1.4803458984609577,1.0110957579107365,9.94536548605878,2.7984839433950603,0.0002967739368062,0.0398170844748388,0.0954205446487761,0.0,0.0,0.8788588084617762,0.6232611067321595,3.5753855367569995,0.0374269860575342,1.3278314855050724,0.0310270394214409,0.0263361898970194,-0.9555648559904856,2409000.0,965893000.0,-657945000.0,1570517000.0,119282500.0,142739000.0,24203500.0,45.80828196040152,240.8962355774834,26.939512839439026,1.964710225932497,0.3736048418699836,3.3408176508760543,0.0502612608228861,0.1543513108226899,2007-04-30,0.1,amc,,2025-04-25,2007-03-31,0.0999999999999999,8.094262295081966,4431267.934426229
2006-12-31,CTRA,USD,858470,2007-02-28,2007-02-28 17:18:17,2006,Q4,171682000.0,52188000.0,119494000.0,0.6960193847,0,58168000.0,-38079000.0,20089000.0,40999000.0,61088000.0,113276000.0,0.0,13659000.0,32160000.0,90566000.0,0.5275218136,54692000.0,0.3185657203,710000.0,55402000.0,0.3227012733,23679000.0,32126000.0,0.1871250335,0.0833,0.0833,384854080,385840000,https://www.sec.gov/Archives/edgar/data/858470/000119312507042830/0001193125-07-042830-index.htm,https://www.sec.gov/Archives/edgar/data/858470/000119312507042830/d10k.htm,0.4460963490370168,0.0834757942542794,0.0027387003406589,-0.3408590601404044,0.1087529070758454,2.4559905925903136,2.4559905925903136,2.4559905925903136,0.6591043545647223,2917193926.4,3115339926.4,22.70119160804333,16.991844959867663,2767.7361730550288,-22.237930236848324,3.086331040057216,3.086331040057216,18.14599041483673,34.39855935339973,2955.7304804554083,-23.74840812617681,0.0110126377644168,-0.0449682137388396,0.2539150527191128,0.1308264799336709,2.1878629949429147,1.2575619355686838,4.004099860897576,0.0328083172508248,0.0006578239391743,0.059733549150221,0.3388124555864913,0.0,0.0,125.46015180265654,0.7702321734369357,4.111784825870647,0.1238976712759637,2.14775574063814,0.0195305016972106,0.0175122145597879,-1.8842128424362816,64655000.0,945198000.0,-573611000.0,1544856000.0,122607500.0,142506500.0,37058500.0,73.94613296676414,254.6792366061164,56.9044607955852,1.2171021849168426,0.353385698808234,1.5815983271206473,0.0339886457652259,0.3435977604810634,2007-02-15,0.09,amc,,2025-04-25,2006-12-31,0.0,7.045238095238096,4034933.3333333335
2006-09-30,CTRA,USD,858470,2006-10-27,2006-10-27 16:57:29,2006,Q3,184744000.0,48736000.0,136008000.0,0.736197116,0,10715000.0,0.0,10715000.0,-183279000.0,-172564000.0,-123828000.0,0.0,0.0,32088000.0,340660000.0,1.8439570433,304746000.0,1.6495583077,-6978000.0,297768000.0,1.6117871216,108748000.0,189020000.0,1.0231455419,0.25,0.24,771672000,786592000,https://www.sec.gov/Archives/edgar/data/858470/000119312506217119/0001193125-06-217119-index.htm,https://www.sec.gov/Archives/edgar/data/858470/000119312506217119/d10q.htm,0.2394074166226065,0.2449486310245804,0.1123404762645269,-0.0609429913227381,0.4174351278781658,1.1789775966991156,1.1789775966991156,1.1789775966991156,0.5183549487346956,4622315280.0,4700192280.0,6.113526716749551,25.020110423071927,53.32005167839428,-98.28857871906098,5.080673302674041,5.080673302674041,25.44165050015156,13.797311923912403,54.218390587149614,-99.94454963000766,0.0408929267152888,-0.0101741220906073,0.4396647995568178,0.2020242833188549,0.2286062349556742,1.790278291435248,0.0,0.4586287165379324,0.0004175396707253,0.0102105597291291,0.0579991772398562,0.0,0.0,1.542484715653478,0.7238015848958559,4.167227624033907,0.0,2.549068719591963,0.1141688032726555,0.0954665750823249,-0.8415171860583253,241464000.0,909784000.0,-523169000.0,1631646000.0,101854500.0,130067000.0,33538000.0,50.74118780582861,253.6106779382797,75.93565331582403,1.773707000009601,0.3548746477539994,1.1852140077821012,0.2077636010305742,0.173283467587265,2006-10-26,0.1,amc,,2025-04-25,2006-09-30,0.1999999999999999,6.228253968253968,4630590.476190476
2006-06-30,CTRA,USD,858470,2006-07-27,2006-07-26 18:22:41,2006,Q2,190794000.0,48149000.0,142645000.0,0.7476388146,0,13515000.0,0.0,13515000.0,47366000.0,60881000.0,109030000.0,0.0,15540000.0,32792000.0,114556000.0,0.6004172039,77881000.0,0.408194178,-6023000.0,71858000.0,0.3766260994,24994000.0,46864000.0,0.2456261727,0.06,0.0588,779856000,793608000,https://www.sec.gov/Archives/edgar/data/858470/000119312506153901/0001193125-06-153901-index.htm,https://www.sec.gov/Archives/edgar/data/858470/000119312506153901/d10q.htm,0.2446528589893518,0.0600931454012022,0.146630916476888,-0.0428373956217558,0.0205922631870499,0.9130967768408528,0.9130967768408528,0.9130967768408528,0.4687275599597874,4780517280.0,5114458280.0,25.502076647319903,25.055909934274663,41.80564472545059,-143.0992690154758,6.713417630504266,6.713417630504266,26.806179858905416,44.64592234365725,44.725960245209926,-153.095407549316,0.0098031232302124,-0.0069881558926192,0.4915150459777217,0.2149870547080629,2.915089563183072,0.9876173378329288,5.011647361647362,2.440060600887675,0.0004091607425378,0.041737794469102,0.0708355608666939,0.0,0.0,1.292144362532903,0.7744373512793903,4.505916077091974,0.0,1.1111229864247685,0.0348353161709104,0.0287861523766818,-1.0414999692250877,-2352000.0,712084000.0,-728330000.0,1397758000.0,106910000.0,119064000.0,19871000.0,46.95996729456901,229.53934661155995,48.516895470310914,1.916526036644166,0.3920896409638358,1.8550238865772848,0.0658124603277141,0.1894683120986438,2006-07-24,0.1,amc,,2025-04-25,2006-06-30,0.1999999999999999,5.855238095238096,5268088.888888889
2006-03-31,CTRA,USD,858470,2006-05-08,2006-05-08 16:38:48,2006,Q1,214768000.0,58489000.0,156279000.0,0.7276642703,0,13849000.0,0.0,13849000.0,47223000.0,61072000.0,119561000.0,0.0,17086000.0,31935000.0,127142000.0,0.5919969455,91627000.0,0.4266324592,-6150000.0,85477000.0,0.3979969083,31909000.0,53165000.0,0.2475461894,0.14,0.14,389440000,394984000,https://www.sec.gov/Archives/edgar/data/858470/000119312506103584/0001193125-06-103584-index.htm,https://www.sec.gov/Archives/edgar/data/858470/000119312506103584/d10q.htm,0.5514790468364832,0.1365165365653245,0.3980305053410025,0.1332503081347576,0.0218621610517666,1.735150472473295,1.735150472473295,1.735150472473295,0.801371199671323,2332745600.0,2619231600.0,10.96936706479827,10.861700067049094,15.04909779432162,44.95299173298904,3.452150170850494,3.452150170850494,12.1956324964613,20.600836859574333,16.89728725428846,50.47369780124487,0.0227907406619907,0.0222454604565538,0.4365603777801127,0.1958010952914151,2.253275864781111,0.9191642385365226,5.362694603769167,2.915621179347315,0.0008342101256133,0.0366030283080974,0.0644835357222677,0.0,0.0,0.6652258901096065,0.4801273932801907,3.228933771723814,0.0207991879609625,2.3086200403572623,0.0426036141494384,0.0352873397666714,-1.8739369350862776,-14454000.0,675737000.0,-666541000.0,1296226000.0,141258000.0,127666500.0,19201000.0,47.88478730537138,177.4595223033391,21.21321957975004,1.87951132425526,0.5071579075151526,4.24263745829102,0.0786770592701006,0.2647801972062448,2006-05-04,0.13,amc,,2025-04-25,2006-03-31,0.0769230769230769,5.979193548387096,4553948.387096774
2005-12-31,CTRA,USD,858470,2006-03-06,2006-03-06 15:01:12,2005,Q4,225082000.0,66657000.0,158425000.0,0.7038545952,0,37650000.0,-27339000.0,10311000.0,46352000.0,56663000.0,123320000.0,0.0,12496000.0,29112000.0,130874000.0,0.5814503159,99942000.0,0.4440248443,-7036000.0,92906000.0,0.4127651256,34401000.0,58505000.0,0.2599274931,0.15,0.15,390632000,391608000,https://www.sec.gov/Archives/edgar/data/858470/000119312506046016/0001193125-06-046016-index.htm,https://www.sec.gov/Archives/edgar/data/858470/000119312506046016/d10k.htm,0.5761995945032665,0.1497701161195191,0.3006640521001864,0.0195759691986319,0.0272020725388601,1.5365126256937476,1.5365126256937476,1.5365126256937476,0.9023735894652768,2203164480.0,2532538480.0,9.414428168532604,9.788274850943212,18.758477977675412,288.10834052569635,3.6706499547659073,3.6706499547659073,11.251625985196506,19.35096718981616,21.562878185425163,331.18065646658823,0.0265549851275743,0.0034709165245801,0.5664674589436048,0.2273684773668055,2.516726011278023,1.0536544303334188,7.99791933418694,2.007503632168191,0.0008891755553357,0.033484317579694,0.1672723718467047,0.0,0.0,0.934890888811314,0.4878311015541003,3.77170926078593,0.0149145644698376,2.275474164500302,0.0485320844126644,0.0391240963774851,-1.9098256159249627,11728000.0,600211000.0,-664847000.0,1249783000.0,150044000.0,142377000.0,30044500.0,67.27468211585112,189.0355101489716,33.236419280795715,1.3377989634349294,0.4761010242418182,2.7078729281767955,0.09747405495734,0.2810880829015544,2006-02-16,0.14,amc,,2025-04-25,2005-12-31,0.0,5.632380952380952,4647911.111111111
2005-09-30,CTRA,USD,858470,2005-10-28,2005-10-28 17:09:50,2005,Q3,161757000.0,47461000.0,114296000.0,0.7065907503,0,9679000.0,0.0,9679000.0,41502000.0,51181000.0,98642000.0,0.0,17600000.0,26578000.0,89693000.0,0.5544922322,59023000.0,0.3648868364,-5339000.0,53684000.0,0.3318805369,19928000.0,33756000.0,0.2086833955,0.0862,0.085,391608000,397320000,https://www.sec.gov/Archives/edgar/data/858470/000119312505211218/0001193125-05-211218-index.htm,https://www.sec.gov/Archives/edgar/data/858470/000119312505211218/d10q.htm,0.4130584666298952,0.0861984433413004,0.1507502400359543,-0.1701216522645094,0.0081382402810974,1.2825504075504075,1.2825504075504075,1.2825504075504075,0.7599436170864742,2471046480.0,2747859480.0,18.3007945254177,15.276287764980804,41.857313119335984,-37.09110460665555,4.919884600911486,4.919884600911486,16.98757692093696,30.636275740581763,46.54627729313119,-41.24614580987977,0.0136606090873693,-0.0269606421972281,0.557483519393458,0.1977507267339207,3.086227464796584,0.749867583035126,3.3535795454545454,1.7488742742031047,0.0007923768394676,0.0580045029031875,0.0598366685831215,0.0,0.0,2.12850004234776,0.776819550313124,4.7278200015050045,0.0,1.577168854100886,0.0329514741714313,0.0238402626129651,-2.027189178974893,-77448000.0,502257000.0,-681487000.0,1079438000.0,112628000.0,121710000.0,29649000.0,73.35447615868247,274.48473483491705,67.2672299361581,1.2269189927184465,0.3278870865227844,1.3379471710878696,0.0672086202880198,0.3208718923004637,2005-10-27,0.1,amc,,2025-04-25,2005-09-30,-0.2,5.27515625,3250787.5
2005-06-30,CTRA,USD,858470,2005-07-29,2005-07-29 12:38:46,2005,Q2,151884000.0,39370000.0,112514000.0,0.7407890232,0,8700000.0,3643000.0,12343000.0,38449000.0,50792000.0,90162000.0,0.0,5075000.0,26112000.0,87834000.0,0.5782965948,61722000.0,0.4063759185,-5134000.0,56588000.0,0.3725738063,21166000.0,35422000.0,0.2332174554,0.09,0.0888,391336000,396624000,https://www.sec.gov/Archives/edgar/data/858470/000119312505152431/0001193125-05-152431-index.htm,https://www.sec.gov/Archives/edgar/data/858470/000119312505152431/d10q.htm,0.3881166056790073,0.0905155671852321,0.2045786740805854,0.0134947973097287,0.1327401516855081,1.318100047018419,1.318100047018419,1.318100047018419,0.7029125866263263,1698398240.0,1916452240.0,11.986888374456552,11.182206420689472,21.214332429833,321.6054232153001,3.292618045054476,3.292618045054476,12.617867846514445,21.81902497893754,23.93799872593961,362.8957091459951,0.0208561214712516,0.0031094003017808,0.5234384087472375,0.2108686382103344,2.4825693922626773,1.0761056804267066,12.161970443349754,2.260149059906273,0.0011522621455377,0.055248150866693,0.0572805562139527,0.0,0.0,0.9340361483405988,0.4923362566168918,2.863740808823529,0.0,1.6384269592087253,0.0348796451017874,0.0276644033432832,-1.6116010282723798,14668000.0,515820000.0,-557198000.0,1065655000.0,96040500.0,100591500.0,18458500.0,55.35434937188907,225.56464312928625,54.46405892811786,1.6258884987582427,0.398998702772823,1.6524658971668416,0.0686712419060912,0.1910838767708567,2005-07-28,0.08,amc,,2025-04-25,2005-06-30,0.0,4.13109375,3966037.5
2005-03-31,CTRA,USD,858470,2005-04-29,2005-04-29 15:57:16,2005,Q1,144074000.0,57285000.0,86789000.0,0.6023918264,0,8960000.0,3411000.0,12371000.0,36374000.0,48745000.0,106030000.0,0.0,4988000.0,26656000.0,64700000.0,0.449074781,38044000.0,0.2640587476,-4988000.0,33056000.0,0.2294376501,12294000.0,20762000.0,0.1441065008,0.0358,0.035,584688000,591672000,https://www.sec.gov/Archives/edgar/data/858470/000119312505090413/0001193125-05-090413-index.htm,https://www.sec.gov/Archives/edgar/data/858470/000119312505090413/d10q.htm,0.2464117614864679,0.035509536710177,0.1847429740305941,0.1145003831103084,0.1019073420354103,0.7919505787702159,0.7919505787702159,0.7919505787702159,0.4703157923542128,2689564800.0,2899980800.0,32.38566612079761,18.66794008634452,24.89945841858226,40.17453806742648,5.808443258092103,5.808443258092103,20.12841178838652,44.82195981452859,26.84744808687521,43.31756165324809,0.0077194645022124,0.0248913876326757,0.5830979345375386,0.2156394508381985,3.2521792890262757,0.9807793516348572,7.6271050521251,5.202629804450439,0.0004978500610953,0.0644928234274154,0.0621902633368963,0.0,0.0,0.3802179286593777,0.2850618432194566,1.5407412965186074,0.0028596415730805,0.7954498465418522,0.0227618735559217,0.0165818751048247,-1.109852177571628,-4273000.0,463044000.0,-571006000.0,1007549000.0,112209500.0,103740000.0,18570500.0,61.63395199689049,161.05420267085626,20.56873527101336,1.4602341255764455,0.5588180780599156,4.3755728689275895,0.0448380715439569,0.0702425909202856,2005-04-28,0.06,amc,,2025-04-25,2005-03-31,0.1666666666666668,4.178032786885246,3381116.3278688523
2004-12-31,CTRA,USD,858470,2005-03-03,2005-03-02 17:47:49,2004,Q4,154639000.0,51804000.0,102835000.0,0.6650004203,0,34735000.0,0.0,-2387000.0,37773000.0,35386000.0,87190000.0,0.0,50577000.0,26758000.0,94207000.0,0.6092059571,53846000.0,0.348204528,-5630000.0,48216000.0,0.3117971534,15989000.0,32227000.0,0.2084015029,0.0825,0.0825,390576000,390576000,https://www.sec.gov/Archives/edgar/data/858470/000119312505040899/0001193125-05-040899-index.htm,https://www.sec.gov/Archives/edgar/data/858470/000119312505040899/d10k.htm,0.395925504895334,0.0825114702388267,0.1461764163696694,0.0191870468231534,0.0256697800172053,1.1666410634549995,1.1666410634549995,1.1666410634549995,0.8207800786530662,1441225440.0,1701199440.0,11.180263753995098,9.319935074593085,25.243470127686408,192.3172457966373,3.1629265552097827,3.1629265552097827,11.001102179915804,18.058100141178468,29.7969880720929,227.00819855884708,0.0223608320430424,0.0051997416864914,0.592544473754669,0.2229643356158274,2.759603851093868,0.9887754013682836,1.064634122229472,1.7715890402457566,0.0009020101671255,0.0403388463089955,0.2246199212359107,0.0,0.0,0.8687404760653671,0.3207405635059719,1.853613872486733,0.0221742251307884,1.4716924139234595,0.0354907761809466,0.026612857940338,-1.6358608823890868,-2210000.0,455662000.0,-560615000.0,991871000.0,100223000.0,98340500.0,24557500.0,73.1889109474324,182.364489228631,41.78075052119527,1.2296944828792722,0.4935171336299288,2.154102041664934,0.0707256694655248,0.1269893695465159,2005-02-21,0.06,amc,,2025-04-25,2004-12-31,0.1666666666666668,3.693125,2860062.375
2004-09-30,CTRA,USD,858470,2004-10-29,2004-10-28 21:51:29,2004,Q3,119423000.0,31903000.0,87520000.0,0.7328571548,0,9001000.0,6512000.0,15513000.0,37729000.0,53242000.0,85145000.0,0.0,3883000.0,27734000.0,60318000.0,0.5050785862,34278000.0,0.2870301366,-5577000.0,28701000.0,0.2403305896,10879000.0,17822000.0,0.1492342346,0.0308,0.03,585864000,593028000,https://www.sec.gov/Archives/edgar/data/858470/000119312504180934/0001193125-04-180934-index.htm,https://www.sec.gov/Archives/edgar/data/858470/000119312504180934/d10q.htm,0.2038408231261863,0.0304200292217989,0.1239673371294361,0.0295478131443474,0.0424774350361175,0.6884686548413966,0.6884686548413966,0.6884686548413966,0.467485628063851,2191131360.0,2436245360.0,30.736328133767252,18.347649615233248,30.16923720879,126.57451100456358,5.432346082424898,5.432346082424898,20.400135317317435,40.390022215590704,33.544161480420776,140.73394720120154,0.0081336976528874,0.0079004847979538,0.6693954862910284,0.2291327917878807,4.063695745880168,0.928953010316039,8.827710533092969,4.075187969924812,0.0005951263460534,0.0731679946133991,0.0753707409795433,0.0,0.0,0.7616484000660902,0.4632022307260745,1.9945554193408808,0.0,0.6864567163833254,0.0217167679413943,0.0151244615379392,-1.163357024838529,-14084000.0,403349000.0,-590856000.0,957274000.0,82093500.0,92787500.0,17292500.0,56.28965944583539,258.72425790677994,70.71247218129957,1.5988727039040325,0.3478606943475227,1.2727599138274954,0.0441850605802915,0.0944195239850887,2004-10-28,0.05,amc,,2025-04-25,2004-09-30,0.1999999999999999,3.4896875,2986381.875
2004-06-30,CTRA,USD,858470,2004-08-09,2004-08-09 16:31:55,2004,Q2,119742000.0,36278000.0,83464000.0,0.697031952,0,9582000.0,2728000.0,12310000.0,34715000.0,47025000.0,83303000.0,0.0,5083000.0,24622000.0,61061000.0,0.5099380334,36439000.0,0.3043126054,-5445000.0,30994000.0,0.258839839,11676000.0,19318000.0,0.1613301932,0.0333,0.0325,585468000,592716000,https://www.sec.gov/Archives/edgar/data/858470/000119312504135944/0001193125-04-135944-index.htm,https://www.sec.gov/Archives/edgar/data/858470/000119312504135944/d10q.htm,0.2045235606386685,0.0329958255617728,0.0781101614434947,-0.035848244481338,0.0366014880403369,0.6695822828916355,0.6695822828916355,0.6695822828916355,0.4698514692519488,2066702040.0,2315273040.0,26.745807537012112,17.25962519416746,45.192583586626135,-98.47065180102916,5.271943553756322,5.271943553756322,19.33551335371048,37.91737835934557,50.62808685574337,-110.31413379073756,0.0093472593659413,-0.0101553100513705,0.6887421272948505,0.2373787060750486,4.070863562666841,0.8958571130009807,7.168797953964194,2.3672740449321874,0.0006319246677668,0.0676053421679262,0.0800220474019141,0.0,0.0,1.4589446983446677,0.5571896243590386,2.709731134757534,0.0,0.7050545756356633,0.0238866593093207,0.0169840068294732,-1.1137999856525036,-19434000.0,392019000.0,-578229000.0,929876000.0,81136500.0,93010000.0,10255000.0,67.26587162399157,232.8593086719224,23.61513865152434,1.337974188502151,0.3864994726356498,3.811114612879504,0.0492782237595626,0.1139584059248327,2004-07-29,0.05,amc,,2025-04-25,2004-06-30,0.0,3.0464516129032257,3266583.2258064514
2004-03-31,CTRA,USD,858470,2004-08-09,2004-08-09 16:29:45,2004,Q1,136604000.0,56943000.0,79661000.0,0.5831527627,0,6716000.0,2583000.0,9299000.0,34272000.0,43571000.0,100514000.0,0.0,5318000.0,24229000.0,60319000.0,0.4415610085,36090000.0,0.2641943135,-5377000.0,30713000.0,0.2248323622,11702000.0,19011000.0,0.139168692,0.0492,0.0483,388776000,394392000,https://www.sec.gov/Archives/edgar/data/858470/000119312504135938/0001193125-04-135938-index.htm,https://www.sec.gov/Archives/edgar/data/858470/000119312504135938/d10qa.htm,0.3513694260962611,0.0488996234335452,0.2509671378891701,0.1591121879951437,0.1332361051093689,0.9665282836389076,0.9665282836389076,0.9665282836389076,0.7081661419429183,991378800.0,1209579800.0,13.03691020987849,7.257318965769669,10.160692835912675,16.02642784396773,2.6383087211886216,2.6383087211886216,8.85464408070042,20.05304796167045,12.397046223224352,19.55382078598102,0.0191763229151157,0.0623969364686838,0.7185380146528529,0.2534637701703183,3.617450554551634,0.8047361321046045,6.786385859345619,5.132291831045184,0.0013072702381773,0.0681710588606596,0.0491640069104857,0.0,0.0,0.3660038946397458,0.2614198705748001,1.473894919311569,0.0,1.0312199352833529,0.0253665458291072,0.0178466656841034,-1.485688416980472,-36042000.0,375763000.0,-540939000.0,873887000.0,80101500.0,88550000.0,14616000.0,47.94896196304647,145.65670934091986,17.371582108424214,1.8769957954326857,0.6178912073960741,5.180875261577654,0.0505930599872792,0.0918549498940263,2004-04-29,0.04548,amc,,2025-04-25,2004-03-31,0.0993843447669305,2.5561290322580645,2941735.483870968
2003-12-31,CTRA,USD,858470,2004-02-18,2004-02-18 16:34:31,2003,Q4,121248000.0,49203000.0,72045000.0,0.5941953682,0,25112000.0,-18569000.0,6543000.0,28367000.0,34910000.0,84113000.0,0.0,7427000.0,23985000.0,61120000.0,0.5040907891,34798000.0,0.2869985484,-4996000.0,29802000.0,0.2457937451,10019000.0,19783000.0,0.1631614542,0.0512,0.0512,386148000,386148000,https://www.sec.gov/Archives/edgar/data/858470/000119312504025904/0001193125-04-025904-index.htm,https://www.sec.gov/Archives/edgar/data/858470/000119312504025904/d10k.htm,0.3139935983094565,0.0512316521126614,0.0930524047774428,-0.0018179558096895,0.0018749287837823,0.9457436008991372,0.9457436008991372,0.9457436008991372,0.7184473310751318,946062600.0,1215338600.0,11.95549967143507,7.802706848772765,26.329249693866192,-1347.6675213675214,2.5905541392727764,2.5905541392727764,10.023576471364477,19.884466623036648,33.82329399977736,-1731.251566951567,0.0209108784133312,-0.0007420227794651,0.7393269933761778,0.263620129251973,4.405693717277487,0.7847137381141687,4.685337282886764,1.8163069301925896,0.0013614321081924,0.0651064044887024,0.2071126946423858,0.0,0.0,1.0195369030390735,0.3021410662443917,1.5273712737127372,0.0,1.0441121399799007,0.0265663223547215,0.0193155445073769,-1.5113136672985488,-33305000.0,365197000.0,-537608000.0,862650000.0,83046500.0,88162000.0,20050500.0,64.8938539192399,155.37406255716115,33.36564843607097,1.386880183014012,0.5792472599272454,2.6973850117866345,0.0541707626294849,0.0948703605871324,2004-02-17,0.05,amc,,2025-04-25,2003-12-31,0.0,2.28921875,1869519.625
2003-09-30,CTRA,USD,858470,2003-10-30,2003-10-29 18:27:46,2003,Q3,125471000.0,41872000.0,83599000.0,0.6662814515,0,5802000.0,0.0,5802000.0,25960000.0,31762000.0,73634000.0,0.0,24605000.0,23647000.0,75484000.0,0.6016051518,43630000.0,0.3477297543,-6972000.0,36658000.0,0.2921631293,13990000.0,22668000.0,0.1806632608,0.0583,0.0583,386148000,389220000,https://www.sec.gov/Archives/edgar/data/858470/000119312503069476/0001193125-03-069476-index.htm,https://www.sec.gov/Archives/edgar/data/858470/000119312503069476/d10q.htm,0.3249298196546402,0.0587028807607445,0.1706651335757274,0.0826548370055004,0.0112547520639754,0.9220454333571584,0.9220454333571584,0.9220454333571584,0.8017780747278246,837941160.0,1118595160.0,9.24145447326628,6.678365199926676,12.71495796789172,26.253756932042485,2.3534632041927166,2.3534632041927166,8.915168923496266,14.818970377828414,16.973614761312252,35.0470019112072,0.0270520187837532,0.0380897866384794,0.800458367739,0.2794139561878916,3.718059456308622,0.8829333207874344,1.773216825848405,2.9072701605787894,0.0015359073660971,0.0567760719957649,0.0462417610443847,0.0,0.0,0.5156899638857698,0.2708594017741151,1.4371801919905274,0.0,1.1035629888832683,0.0309677242246059,0.0222237037153232,-1.5270543936521748,-17418000.0,356046000.0,-532577000.0,864304000.0,81913000.0,94788500.0,15910000.0,56.42833802233185,196.41502674818497,46.98605273213603,1.59494330604566,0.4582134141670588,1.915462031107045,0.0636659308066935,0.0880102965702269,2003-10-29,0.05,amc,,2025-04-25,2003-09-30,0.1999999999999999,2.19234375,1937728.625
2003-06-30,CTRA,USD,858470,2003-07-30,2003-07-30 15:24:00,2003,Q2,126756000.0,51027000.0,75729000.0,0.5974391745,0,6172000.0,0.0,6172000.0,34707000.0,40879000.0,91906000.0,0.0,5984000.0,23764000.0,58614000.0,0.4624159803,34850000.0,0.2749376755,-5952000.0,28898000.0,0.2279813184,10994000.0,17904000.0,0.1412477516,0.0467,0.0458,383760000,390632727,https://www.sec.gov/Archives/edgar/data/858470/000119312503026323/0001193125-03-026323-index.htm,https://www.sec.gov/Archives/edgar/data/858470/000119312503026323/d10q.htm,0.3303001876172607,0.0466541588492808,0.209133312486971,0.1307562017927871,0.0085001042318115,0.8227902855951637,0.8227902855951637,0.8227902855951637,0.807754846779237,882647999.9999999,1183386000.0,12.324731903485254,6.963362681056517,10.997769664951342,17.589987843520195,2.7953660127821025,2.7953660127821025,9.33593676039004,20.18947691677756,14.744956826195846,23.583291815301223,0.0202844168909916,0.0568505225186031,0.9627748183712636,0.3017875951400284,5.130821987920974,0.6502042288071974,5.823863636363637,4.482629579982127,0.0013538805956621,0.0667448614834673,0.048691975133327,0.0,0.0,0.3747710480082734,0.2372905424595285,1.2656960107725972,0.0,0.9293536707763856,0.025760789584129,0.0177737009979837,-1.61420288722118,-59176000.0,315754000.0,-581580000.0,831359000.0,96814000.0,93553000.0,9808000.0,60.464356716841806,173.19536715856313,17.56717032159445,1.4884802367364194,0.5196443846999877,5.123192771084337,0.0567023695661812,0.0783771106941838,2003-07-29,0.04553,amc,,2025-04-25,2003-06-30,0.0981770261366132,2.174285714285714,1918390.7301587304
2003-03-31,CTRA,USD,858470,2003-04-30,2003-04-30 16:50:08,2003,Q1,135916000.0,52578000.0,83338000.0,0.6131581271,0,0.0,0.0,96858000.0,33171000.0,130029000.0,182607000.0,0.0,11912000.0,23507000.0,-23184000.0,-0.170575944,-46691000.0,-0.3435283557,-5625000.0,-52316000.0,-0.3849142117,-19940000.0,-39223000.0,-0.288582654,-0.1,-0.1,382044000,382044000,https://www.sec.gov/Archives/edgar/data/858470/000119312503002831/0001193125-03-002831-index.htm,https://www.sec.gov/Archives/edgar/data/858470/000119312503002831/d10q.txt,0.3557600695207882,-0.1026661850467485,0.1558642460030782,0.1000565379903885,0.0032012019557956,0.7827318319355886,0.7827318319355886,0.7827318319355886,0.9158945042979344,764088000.0,1100865000.0,-4.870152716518369,5.621766385120221,12.831679177792331,19.988698791398523,2.555153525638882,2.555153525638882,8.099598281291385,-47.48382505175984,18.487329336490504,28.798854183016797,-0.0513330925233742,0.0500282689951942,1.130291133568309,0.3333905423613125,-14.52626811594203,0.7816713109364727,-3.919660846205507,-1.5181653621599571,0.0016660384667734,-0.0324554470591234,0.0,0.0,0.0,0.3580533024333719,0.1568689484681715,0.9070064236184966,0.0,,-0.0338296380528372,-0.0386880983521827,-1.6421786495796296,-34866000.0,299038000.0,-589959000.0,846917000.0,89249000.0,80764500.0,12454000.0,71.82598075281791,152.19103046901745,16.52858610065046,1.2530284871393012,0.5913620515127657,5.445111847555924,-0.1311639323430467,0.0558077080126896,2003-04-29,0.06,amc,,2025-04-25,2003-03-31,0.0,1.9993442622950817,2008834.3606557376
2002-12-31,CTRA,USD,858470,2003-02-21,2003-02-21 13:45:13,2002,Q4,103549000.0,43111000.0,60438000.0,0.5836657042,0,0.0,0.0,7100000.0,30214000.0,37314000.0,80425000.0,0.0,18373000.0,24429000.0,47553000.0,0.4592318612,19130000.0,0.1847434548,-6440000.0,12690000.0,0.1225506765,4036000.0,8654000.0,0.0835739602,0.0227,0.0227,380544000,381516000,https://www.sec.gov/Archives/edgar/data/858470/000089924303000363/0000899243-03-000363-index.htm,https://www.sec.gov/Archives/edgar/data/858470/000089924303000363/d10k.txt,0.2721078245879583,0.022741128489741,0.1494176757484022,0.1059535822401614,0.0067298393878237,0.9214624327278844,0.9214624327278844,0.9214624327278844,1.0074340943491422,787726079.9999999,1150165080.0,22.75612664663739,7.60727848651363,13.853782623988744,19.53685714285714,2.246429074565744,2.246429074565744,11.107447488628573,24.187014068513022,20.228017587055927,28.525919642857144,0.0109860524105029,0.0511853054300296,1.0409032188149674,0.3460138727863407,7.621790423317141,0.7569336064507738,1.041201763457247,6.570372082274093,0.0016135050397214,0.1468685001155535,0.0,0.0,0.0,0.290889905029898,0.1597311417782885,0.6770641450734782,0.0,0.6866510398852668,0.0139999223670821,0.0082038467262821,-1.6857603851328624,-29903000.0,350657000.0,-611093000.0,924834000.0,59354500.0,62549500.0,17355500.0,60.86509768322243,151.60191134513232,31.84059752731321,1.4786799565887931,0.5936600614164337,2.826580120639916,0.0246793875496567,0.0434640935082408,2003-02-18,0.02583,amc,,2025-04-25,2002-12-31,0.1614401858304297,1.91828125,1391641.5
2002-09-30,CTRA,USD,858470,2002-10-29,2002-10-29 16:38:45,2002,Q3,85549000.0,31226000.0,54323000.0,0.6349928111,0,0.0,0.0,5966000.0,30909000.0,36875000.0,68101000.0,0.0,13541000.0,25420000.0,42868000.0,0.5010929409,15111000.0,0.1766356123,-6314000.0,8797000.0,0.1028299571,2672000.0,6125000.0,0.071596395,0.0158,0.0158,381516000,381516000,https://www.sec.gov/Archives/edgar/data/858470/000089924302002761/0000899243-02-002761-index.htm,https://www.sec.gov/Archives/edgar/data/858470/000089924302002761/d10q.txt,0.2242343702492162,0.0160543725558036,0.0661885740047599,0.0256634059908365,0.0122353977290598,0.9289440023485254,0.9289440023485254,0.9289440023485254,1.0708358233992807,682913640.0,1073245640.0,27.87402612244898,7.982719143414885,27.04394265800729,69.74912062097845,1.9269191635605392,1.9269191635605392,12.545390828647909,25.036055799197538,42.50141137335657,109.61552854662445,0.0089689232155327,0.0143370983189031,1.1145378054045207,0.3759033576258895,9.105439955211349,1.0221589826633644,1.1159441695591168,4.122102513875285,0.001862607400842,0.2076734693877551,0.0,0.0,0.0,0.6122683351813718,0.1807268349133245,0.6082218725413061,0.0,0.5792722112155981,0.0108822820839505,0.0058288811783761,-1.6918995533608028,1861000.0,354407000.0,-610550000.0,962565000.0,50698000.0,63017000.0,17305000.0,51.21380729172755,151.25856657913278,56.08499327483507,1.7573385920585034,0.5950076219512195,1.6047073333675934,0.0172823900205131,0.0405251680139234,2002-10-24,,amc,,2025-04-25,2002-09-30,,1.78,1737712.125
2002-06-30,CTRA,USD,858470,2002-07-29,2002-07-26 19:02:35,2002,Q2,89584000.0,39663000.0,49921000.0,0.5572535274,0,0.0,0.0,9572000.0,30499000.0,40071000.0,79734000.0,0.0,5902000.0,23453000.0,33303000.0,0.3717516521,9850000.0,0.1099526701,-6331000.0,3519000.0,0.0392815681,1398000.0,2121000.0,0.0236761029,0.0058,0.0058,380844000,380844000,https://www.sec.gov/Archives/edgar/data/858470/000089924302002113/0000899243-02-002113-index.htm,https://www.sec.gov/Archives/edgar/data/858470/000089924302002113/d10q.txt,0.2352249214901639,0.0055692094400857,0.1404249508985306,0.0613269475165684,0.0202445095629706,0.9110843284914558,0.9110843284914558,0.9110843284914558,1.0579187278780813,700752960.0,1090042960.0,82.59700141442717,7.822300410787641,13.103084517576663,30.00312382257236,2.019571561555244,2.019571561555244,12.167830862654045,32.73107407741044,20.38225430067315,46.67078951875321,0.0030267442609161,0.0333298627807437,1.1441548672693893,0.3727419536560634,11.689337296940217,0.7985223879233979,1.668925787868519,25.214521452145213,0.0018151903346936,0.5997171145685997,0.0,0.0,0.0,0.5632759910246822,0.3362654045365243,1.2844412228712745,0.0,0.3378837632475806,0.0062128523860897,0.0019913997070642,-1.741598265956665,-22062000.0,346981000.0,-630660000.0,952851000.0,52175000.0,68791000.0,13608000.0,52.95979192712985,166.90265486725664,34.37939641479465,1.6994024471213127,0.5392364793213149,2.617847006798231,0.0061127266334467,0.0790980033819621,2002-07-24,,amc,,2025-04-25,2002-06-30,,1.965,1831363.25
2002-03-31,CTRA,USD,858470,2002-04-30,2002-04-30 12:59:43,2002,Q1,75073000.0,34958000.0,40115000.0,0.5343465693,0,0.0,0.0,5739000.0,29380000.0,35119000.0,70077000.0,0.0,6244000.0,23210000.0,28206000.0,0.3757143047,4996000.0,0.0665485594,-6226000.0,-1230000.0,-0.0163840529,-432000.0,-798000.0,-0.0106296538,-0.0021,-0.0021,379248000,379248000,https://www.sec.gov/Archives/edgar/data/858470/000089924302001306/0000899243-02-001306-index.htm,https://www.sec.gov/Archives/edgar/data/858470/000089924302001306/d10q.txt,0.1979522634265704,-0.0021041640298696,0.0779147154368645,-0.0303627177994346,0.0131207020208412,0.8851516685651605,0.8851516685651605,0.8851516685651605,1.1028245369784415,807798240.0,1214822240.0,-253.06962406015035,10.760169967897912,27.337582997732586,-70.15182283977421,2.406367265231224,2.406367265231224,16.18187950394949,43.06963908388286,41.11212697553216,-105.49910898827616,-0.0009878704365585,-0.0142547970889364,1.227315515412938,0.3864281192111989,14.430404878394668,0.7743432691027372,0.8001281229980781,-37.02882205513784,0.0015647471576565,-1.5839598997493731,0.0,0.0,0.0,1.3896916985346377,0.5469875987372291,1.7692373976734166,0.0,,0.0033727325878228,-0.0007484699978896,-1.794994963717673,-23726000.0,335692000.0,-649067000.0,958420000.0,51173000.0,71801500.0,14812500.0,61.90174896434137,164.8412380570971,31.061559585788658,1.4539169168199864,0.5459798838008372,2.8974720265230003,-0.002377179080824,0.1082774332362992,2002-04-25,,amc,,2025-04-25,2002-03-31,,1.8055,2477415.466666667
2001-12-31,CTRA,USD,858470,2002-02-22,2002-02-22 00:00:00,2001,Q4,80318000.0,51847000.0,28471000.0,0.3544784482,0,0.0,0.0,575000.0,32733000.0,33308000.0,85155000.0,0.0,56733000.0,25814000.0,20977000.0,0.261174332,-21762000.0,-0.2709479818,-6242000.0,-28004000.0,-0.3486640604,-12403000.0,-15601000.0,-0.1942403944,-0.0424,-0.0424,367728000,367728000,https://www.sec.gov/Archives/edgar/data/858470/000089924302000382/0000899243-02-000382-index.htm,https://www.sec.gov/Archives/edgar/data/858470/000089924302000382/d10k.txt,0.2184168733411652,-0.042425379628421,0.0969113040073097,0.5039132184658226,0.0155169037984597,0.9424139581429752,0.9424139581429752,0.9424139581429752,1.2230045033285473,735456000.0,1122750000.0,-11.785398371899236,9.15680171319007,20.637427392878188,3.968937362050263,2.1222096539624644,2.1222096539624644,13.978809233297644,53.52290603994851,31.505177203468307,6.058995267211,-0.0212126898142105,0.2519566092329113,1.1340289480366583,0.3676226414388357,18.4627925823521,0.7709270682148041,-0.3835862725397916,-2.2842766489327606,0.0017200213201061,-0.0810845458624447,0.0,0.0,0.0,4.1997362291999885,1.863417913792674,5.797861625474549,0.0,,-0.0126446620069098,-0.0145935898958963,-1.821889412826872,-25253000.0,346552000.0,-637492000.0,956085000.0,54721000.0,85193000.0,18913000.0,56.8239996015837,138.13238953073466,30.481995100970163,1.5838378261126778,0.6515488532830663,2.952562642369021,-0.0450177751102287,0.4070019144585128,2002-01-25,,amc,,2025-04-25,2001-12-31,,1.8790625,2020311.25
2001-09-30,CTRA,USD,858470,2001-10-31,2001-10-31 00:00:00,2001,Q3,104226000.0,44658000.0,59568000.0,0.5715272581,0,0.0,0.0,10473000.0,27494000.0,37967000.0,82625000.0,0.0,5371000.0,22716000.0,44317000.0,0.4252010055,21601000.0,0.2072515495,-5140000.0,16461000.0,0.1579356399,6430000.0,10031000.0,0.0962427801,0.0275,0.0267,367728000,376162500,https://www.sec.gov/Archives/edgar/data/858470/000089924301501611/0000899243-01-501611-index.htm,https://www.sec.gov/Archives/edgar/data/858470/000089924301501611/d10q.txt,0.2834323195405299,0.0272783144063003,0.1297290388548057,-0.4496149327763999,0.037886698864378,0.995776769786364,0.995776769786364,0.995776769786364,1.0126261802201628,595719360.0,948787360.0,14.846958428870504,5.715650221633758,12.487566502463055,-3.603083176077805,1.626870649279716,1.626870649279716,9.103173488381016,21.40910621206309,19.888635572791117,-5.738540668698892,0.0168384656829014,-0.2775400819607407,1.0022530210964702,0.3357433054888999,7.96687501410294,0.9683846904803624,4.021783652951033,4.755757152826239,0.0019858344036359,0.1179344033496161,0.0,0.0,0.0,4.465800230583796,2.044029320898816,9.37845571403416,0.0,0.7817736345044244,0.0135250057999297,0.0091766787393982,-1.791565368968368,-3789000.0,366175000.0,-610864000.0,970614000.0,57186000.0,92930500.0,17230000.0,50.71469690864083,183.0128980249899,40.842402257154376,1.7746334984931298,0.491768618339188,2.2035922234284024,0.027394005598416,0.5793439716312057,2001-10-22,0.02577,amc,,2025-04-25,2001-09-30,0.1641443538998835,1.9328813559322036,2087450.7118644067
2001-06-30,CTRA,USD,858470,2001-07-27,2001-07-27 00:00:00,2001,Q2,107606000.0,51995000.0,55611000.0,0.5168020371,0,0.0,0.0,5691000.0,22944000.0,28635000.0,80630000.0,0.0,4735000.0,16198000.0,43174000.0,0.4012229801,26976000.0,0.2506923406,-4704000.0,22272000.0,0.2069773061,8679000.0,13593000.0,0.1263219523,0.0383,0.0375,354108000,362480000,https://www.sec.gov/Archives/edgar/data/858470/000089924301501044/0000899243-01-501044-index.htm,https://www.sec.gov/Archives/edgar/data/858470/000089924301501044/d10q.txt,0.3038790425519898,0.0383865939204988,0.1623657189332068,0.0804528561907666,0.0264354377760457,0.886969512126244,0.886969512126244,0.886969512126244,0.5414591028725699,718839239.9999999,896478239.9999999,13.220761421319796,6.6802895749307645,12.502639186016175,25.23216820527221,2.288691969956986,2.288691969956986,8.331117595673103,20.76430814842266,15.592281763631618,31.46752220155147,0.0189096521775856,0.0396319488624466,0.5953840226946381,0.2419365272405004,4.114490202436651,0.8924696038697869,5.69714889123548,4.230061801059446,0.0016443175806596,0.0869565217391304,0.0,0.0,0.0,0.5044960431341856,0.2695574596212107,1.7907149030744536,0.0,0.8752565999989343,0.0253078726866779,0.0175863273517653,-1.1314577755938866,-13160000.0,314083000.0,-349623000.0,648572000.0,63392500.0,92625500.0,10885000.0,46.537274873148334,164.52543513799404,24.568900855851524,1.9339336101076543,0.5470278800631246,3.663167535578413,0.0432783690935198,0.0819128627424401,2001-07-19,0.04725,amc,,2025-04-25,2001-06-30,0.0582010582010582,2.3763492063492064,2765638.095238095
2001-03-31,CTRA,USD,858470,2001-04-27,2001-04-27 00:00:00,2001,Q1,154891000.0,54630000.0,100261000.0,0.6473003596,0,0.0,0.0,5946000.0,25793000.0,31739000.0,86369000.0,0.0,4698000.0,15891000.0,84413000.0,0.5449832463,68522000.0,0.4423885184,-4702000.0,63820000.0,0.4120316868,24758000.0,39062000.0,0.2521902499,0.037,0.0367,1054920528,1054920528,https://www.sec.gov/Archives/edgar/data/858470/000089924301500206/0000899243-01-500206-index.htm,https://www.sec.gov/Archives/edgar/data/858470/000089924301500206/d10q.txt,0.1468271740750503,0.0370283817246942,0.1038921862747181,0.0709532121267053,0.0048449147251782,0.2683718749285728,0.2683718749285728,0.2683718749285728,0.1930932184874499,2373571188.0,2567460188.0,15.191050048640625,15.3241388331149,21.657066625303383,31.711037915831664,8.383888962279812,8.383888962279812,16.57591588923824,30.415459561915817,23.42615912699137,34.30140531730127,0.0164570585443085,0.0315347609452023,0.7029045144837184,0.2670814705854721,2.2969092438368497,0.6677476767662556,14.585355470412942,2.805744713532333,0.000493770739182,0.0300035840458757,0.0,0.0,0.0,0.3170495811967371,0.2243384057175691,2.186646529482097,0.0,0.4728540632722845,0.0677608984586693,0.0524258110754256,-0.3789129032855449,-47230000.0,283111000.0,-367059000.0,600893000.0,78410500.0,85883500.0,9306500.0,41.33848964755861,148.6013179571664,12.481054365733112,2.1771477566625435,0.6056473875012472,7.210929250263992,0.1379741514812211,0.0329389741480127,2001-04-23,0.09,amc,,2025-04-25,2001-03-31,0.1111111111111112,2.3506451612903225,2075477.0322580645
2000-12-31,CTRA,USD,858470,2001-06-22,2001-06-22 00:00:00,2000,Q4,217797000.0,152907000.0,64890000.0,0.2979379881,0,0.0,0.0,1999000.0,22583000.0,24582000.0,177489000.0,0.0,25262000.0,15112000.0,55420000.0,0.2544571321,33844000.0,0.1553924067,-5852000.0,27992000.0,0.1285233497,10921000.0,17071000.0,0.0783803266,0.0491,0.0491,347712000,347712000,https://www.sec.gov/Archives/edgar/data/858470/000089924301500808/0000899243-01-500808-index.htm,https://www.sec.gov/Archives/edgar/data/858470/000089924301500808/d10ka.txt,0.6263718249585865,0.049095228234861,0.1299236149457022,0.0503031244248113,0.0217823946254371,0.6974306322473771,0.6974306322473771,0.6974306322473771,0.8462808301122768,904051200.0,1165477200.0,13.239575888934452,4.15088913070428,20.011758455817247,51.68665027728546,3.7279693202202018,3.7279693202202018,5.351208694334633,21.02990256225189,25.79859217283513,66.6329655251272,0.0188827800903311,0.0193473555480043,1.1092554792684688,0.3656709722497873,4.7171779141104295,0.9336285433670878,1.3397197371546197,2.646359322828188,0.0012842193008537,0.0680100755667506,0.0,0.0,0.0,0.612825394014521,0.1271137802632727,1.831987824245633,0.0,0.8777309448423185,0.0325793395597131,0.0232058333355989,-1.1957561142554758,-7839000.0,242505000.0,-382860000.0,615335000.0,73921000.0,74303500.0,12819500.0,35.40420666951336,48.009182051835424,6.496301673566285,2.5420708007983475,1.8746413946987712,13.854036422941016,0.0703944248572194,0.0796204905208908,2001-01-25,0.05,amc,,2025-04-25,2000-12-31,0.0,1.865873015873016,2184742.8571428573
2000-09-30,CTRA,USD,858470,2000-10-27,2000-10-27 00:00:00,2000,Q3,54695000.0,13409000.0,41286000.0,0.754840479,0,0.0,0.0,6281000.0,19232000.0,25513000.0,38922000.0,0.0,5657000.0,13217000.0,29016000.0,0.5305055307,15773000.0,0.288381022,-5709000.0,10090000.0,0.1844775574,3953000.0,6137000.0,0.1122040406,0.0058,0.0058,1042614696,1042614696,https://www.sec.gov/Archives/edgar/data/858470/000089924300002254/0000899243-00-002254-index.htm,https://www.sec.gov/Archives/edgar/data/858470/000089924300002254/0000899243-00-002254-0001.txt,0.0524594562208242,0.0058861629550635,0.0217021686791953,-0.0067014209820806,0.0019393549772101,0.2120303894124277,0.2120303894124277,0.2120303894124277,0.2701448589594789,1772444983.2,2046422983.2,72.20323379501384,32.40597830149008,78.3331852742299,-253.67754160583945,8.017718614350466,8.017718614350466,37.41517475454795,70.52739809760132,90.44163977548946,-292.89007917561185,0.0034624487970961,-0.0039420123424003,1.2484959242941025,0.3957732563391834,9.442307692307692,0.8007021515381147,2.7882269754286724,3.686379928315412,0.0006544631912386,0.1890174352289392,0.0,0.0,0.0,1.3087903831705483,0.541438888381022,2.2405992282666265,0.0,0.1675739300395805,0.0157499009494079,0.008800219109252,-0.4031750670815405,-20777000.0,221066000.0,-392829000.0,591172000.0,60166000.0,69124500.0,11457000.0,102.2917999817168,449.973152360355,98.0073085241256,0.8798359205340626,0.2000119329962262,0.9182988631694288,0.0277609401717134,0.0284035896612759,2000-10-25,0.03397,amc,,2025-04-25,2000-09-30,-0.411245216367383,1.6187301587301588,2098133.333333333
2000-06-30,CTRA,USD,858470,2000-08-09,2000-08-09 00:00:00,2000,Q2,44653000.0,13224000.0,31429000.0,0.7038496854,0,0.0,0.0,6294000.0,17418000.0,23712000.0,36936000.0,0.0,29102000.0,12464000.0,22053000.0,0.4938749916,-1426000.0,-0.0319351443,-5391000.0,-4945000.0,-0.1107428392,-1863000.0,-3082000.0,-0.0690211184,-0.0032,-0.0032,960503760,960503760,https://www.sec.gov/Archives/edgar/data/858470/000085847000000023/0000858470-00-000023-index.htm,https://www.sec.gov/Archives/edgar/data/858470/000085847000000023/0000858470-00-000023-0001.txt,0.0464891464870475,-0.0032087328840857,0.016420549983063,-0.00764494664758,0.0014877609641007,0.2230995951541095,0.2230995951541095,0.2230995951541095,0.3061955738726103,1700091655.2,1963662655.2,-137.9049038935756,38.07340279936398,107.79176104488968,-231.52548756638976,7.933676431718062,7.933676431718062,43.97605211743892,89.04288102299007,124.50308490996704,-267.419672504426,-0.0018128434373365,-0.0043191788969378,1.2366534756962593,0.392460609543161,11.951707250714188,0.6982596357107694,-0.049000068723799,-5.117456197274497,0.0013981599125726,-0.7712524334847501,0.0,0.0,0.0,1.4655718995688565,0.5176583880142431,1.85454107830552,0.0,,-0.0015124582060379,-0.0045643909381585,-0.4286591756808948,-31260000.0,214288000.0,-388600000.0,569429000.0,53761500.0,61843000.0,6620000.0,117.23803551833024,484.62794918330303,56.56987295825771,0.7676689531865147,0.1857094708459723,1.5909528392685277,-0.0143825132531919,0.024065496630643,2000-07-26,,amc,,2025-04-25,2000-06-30,,1.7092063492063494,3209866.6666666665
2000-03-31,CTRA,USD,858470,2000-05-02,2000-05-02 00:00:00,2000,Q1,44862000.0,11744000.0,33118000.0,0.7382194285,0,0.0,0.0,5847000.0,17249000.0,23096000.0,34840000.0,0.0,0.0,12648000.0,27442000.0,0.6116980964,10022000.0,0.2233961928,-5992000.0,8802000.0,0.1962016852,3457000.0,5345000.0,0.1191431501,0.005,0.005,892281864,892281864,https://www.sec.gov/Archives/edgar/data/858470/000085847000000014/0000858470-00-000014-index.html,https://www.sec.gov/Archives/edgar/data/858470/000085847000000014/,0.0502778346282739,0.005990259598059,0.0397127874382079,0.0184807073474262,0.0009369236714644,0.2145600036537333,0.2145600036537333,0.2145600036537333,0.3115607424247726,1347345614.64,1624509614.64,63.01897168568755,30.03311521198341,38.02301720445888,81.70682926864767,7.037658343988968,7.037658343988968,36.211261527350544,59.19793071350485,45.84477535318189,98.51483412007278,0.0039670593364629,0.0122388790380306,1.4520914295265557,0.4263202124853548,10.099992711901464,0.6465050282097772,0.0,6.62956033676333,0.0013760389167076,0.346866230121609,0.0,0.0,0.0,0.5346408917736701,0.4222950381168918,1.497865275142315,0.0,0.1700546315983279,0.0105056387531516,0.0081966961717058,-0.4710697560474007,-31390000.0,191448000.0,-403235000.0,560854000.0,49878000.0,54539000.0,7914000.0,99.01564798716062,402.1645095367847,37.76566757493188,0.9089472404570872,0.2237890163497084,2.383116883116883,0.0279188082403576,0.0212320800907817,2000-04-25,,amc,,2025-04-25,2000-03-31,,1.31984126984127,1219295.238095238
1999-12-31,CTRA,USD,858470,2000-06-28,2000-06-28 00:00:00,1999,Q4,46100000.0,13300000.0,32800000.0,0.7114967462,0,0.0,0.0,7700000.0,16200000.0,23900000.0,37200000.0,0.0,1900000.0,11800000.0,20700000.0,0.4490238612,1900000.0,0.0412147505,6500000.0,8400000.0,0.1822125813,2900000.0,5500000.0,0.1193058568,0.0062,0.0062,890806608,890806608,https://www.sec.gov/Archives/edgar/data/858470/000085847000000021/0000858470-00-000021-index.htm,https://www.sec.gov/Archives/edgar/data/858470/000085847000000021/0000858470-00-000021-0001.txt,0.0517508509546215,0.0061741796149765,0.0368205620674964,0.0130219060970414,0.0019083827900836,0.2094730756644769,0.2094730756644769,0.2094730756644769,0.3310482851739241,1193680854.72,1484980854.72,54.25822066909091,25.89329402863341,36.39270898536586,102.90352195862069,6.397003508681672,6.397003508681672,32.21216604598698,71.738205542029,45.27380654634146,128.01559092413794,0.0046075967275944,0.0097178403709264,1.570203644158628,0.444275966641395,14.07246376811594,0.7408231368186874,1.0,5.963636363636364,0.0015917152331689,0.3454545454545454,0.0,0.0,0.0,0.6463414634146342,0.4598698481561822,1.7966101694915255,0.0,0.1705866315313605,0.0021243982565703,0.0083396512509476,-0.4804073029507657,-23300000.0,186600000.0,-406300000.0,567000000.0,50900000.0,56250000.0,11200000.0,98.39479392624727,383.0075187969925,73.7593984962406,0.9146825396825397,0.234982332155477,1.220183486238532,0.0294748124330117,0.023798655970455,2000-01-26,,amc,,2025-04-25,1999-12-31,,1.334375,773100.0
1999-09-30,CTRA,USD,858470,1999-11-15,1999-11-15 00:00:00,1999,Q3,45200000.0,11400000.0,33800000.0,0.7477876106,0,0.0,0.0,5600000.0,18600000.0,24200000.0,35600000.0,0.0,0.0,13800000.0,23400000.0,0.517699115,9600000.0,0.2123893805,-2100000.0,7500000.0,0.1659292035,3000000.0,4500000.0,0.0995575221,0.0042,0.0042,890806608,890806608,https://www.sec.gov/Archives/edgar/data/858470/000085847099000017/0000858470-99-000017-index.html,https://www.sec.gov/Archives/edgar/data/858470/000085847099000017/,0.050740530653989,0.0050516015031626,0.0312076715084268,0.0092051405168741,0.0016838671677208,0.2047582475948584,0.2047582475948584,0.2047582475948584,0.3760636674576621,1282761515.52,1616261515.52,71.26452864000001,28.379679546902658,46.142500558273376,156.4343311609756,7.03268374736842,7.03268374736842,35.75799813097345,69.07100493675213,58.13890343597122,197.1050628682927,0.0035080565994184,0.0063924586922736,1.836622807017544,0.4822225421045055,14.252136752136751,1.1545253863134657,0.0,6.177777777777778,0.0014032226397673,0.4,0.0,0.0,0.0,0.7050359712230215,0.4336283185840708,1.420289855072464,0.0,0.1525550199273707,0.009288824383164,0.0064776162372247,-0.5236826891611922,14000000.0,182400000.0,-407700000.0,601700000.0,47450000.0,49950000.0,9850000.0,102.34513274336284,441.3157894736842,90.78947368421052,0.8793774319066148,0.2039355992844365,0.991304347826087,0.0246710526315789,0.0220025309915527,1999-10-25,,amc,,2025-04-25,1999-09-30,,1.53703125,938606.25
1999-06-30,CTRA,USD,858470,1999-08-11,1999-08-11 00:00:00,1999,Q2,40200000.0,9700000.0,30500000.0,0.7587064677,0,0.0,0.0,5100000.0,19000000.0,24100000.0,33800000.0,0.0,2940000.0,14800000.0,21237000.0,0.5282835821,6400000.0,0.1592039801,-4777000.0,1660000.0,0.0412935323,700000.0,960000.0,0.023880597,0.0001,0.0001,888827592,888827592,https://www.sec.gov/Archives/edgar/data/858470/000085847099000014/0000858470-99-000014-index.html,https://www.sec.gov/Archives/edgar/data/858470/000085847099000014/,0.0452281188858502,0.0010800744808561,0.0245266913361078,0.0077630353311534,0.0021376474100277,0.2012763798178758,0.2012763798178758,0.2012763798178758,0.3970848825764176,1377682767.6,1725782767.6,358.7715540625,34.270715611940304,63.19645722935781,199.66416921739133,7.700853927333706,7.700853927333706,42.9299195920398,81.2630205584593,79.16434713761468,250.11344457971012,0.0006968222457136,0.0050084098910667,1.9564002235885969,0.5128205128205128,16.391204030701136,0.774798927613941,2.17687074829932,24.22222222222222,0.0013791273613082,1.9791666666666667,0.0,0.0,0.0,0.6834862385321101,0.3706467661691542,1.0067567567567568,0.0,0.0699382108178986,0.0059323686797196,0.0014065934065934,-0.5231329497250801,-16800000.0,178900000.0,-445800000.0,605700000.0,45350000.0,41900000.0,8100000.0,97.38805970149254,408.24742268041234,76.08247422680412,0.9241379310344828,0.2204545454545454,1.1829268292682926,0.0053661263275572,0.0167636560049544,1999-07-23,,amc,,2025-04-25,1999-06-30,,1.443174603174603,1489276.1904761903
1999-03-31,CTRA,USD,858470,1999-05-17,1999-05-17 00:00:00,1999,Q1,34200000.0,10200000.0,24000000.0,0.701754386,0,0.0,0.0,5600000.0,16600000.0,22200000.0,32400000.0,0.0,4500000.0,13000000.0,14800000.0,0.432748538,1800000.0,0.0526315789,-5600000.0,-3800000.0,-0.1111111111,-1400000.0,-2400000.0,-0.0701754386,-0.0027,-0.0027,887532240,887532240,https://www.sec.gov/Archives/edgar/data/858470/000085847099000010/0000858470-99-000010-index.html,https://www.sec.gov/Archives/edgar/data/858470/,0.0385338114590631,-0.0027041271199342,0.0113798682963899,-0.0184782019862174,0.00191542337662,0.2016828143617633,0.2016828143617633,0.2016828143617633,0.4140694652399331,1065038688.0,1426338688.0,-110.94153,31.14148210526316,105.44937504950497,-64.94138341463415,5.9499368044692735,5.9499368044692735,41.70580959064328,96.37423567567568,141.22165227722772,-86.9718712195122,-0.0022534392666118,-0.0153985016551811,2.0279329608938546,0.5225277098027926,24.41216216216216,0.8231292517006803,0.4,-4.208333333333333,0.0016900794499589,-0.75,0.0,0.0,0.0,2.623762376237624,0.7748538011695907,2.0384615384615383,0.0,,0.0017841213202497,-0.0034547286598531,-0.5347411379669994,-13000000.0,179000000.0,-455200000.0,618800000.0,51500000.0,53200000.0,8650000.0,124.21052631578948,351.1764705882353,70.58823529411765,0.7245762711864406,0.2562814070351759,1.275,-0.0134078212290502,0.0298580702826074,1999-04-23,,amc,,2025-04-25,1999-03-31,,1.1457929508196725,934288.0
1998-12-31,CTRA,USD,858470,1999-06-28,1999-06-28 00:00:00,1998,Q4,39800000.0,18600000.0,21200000.0,0.5326633166,0,0.0,0.0,2700000.0,13700000.0,16400000.0,35000000.0,0.0,0.0,10000000.0,14800000.0,0.3718592965,4800000.0,0.1206030151,-5000000.0,-200000.0,-0.0050251256,-200000.0,0.0,0.0,-0.0027,-0.0027,295884000,299088000,https://www.sec.gov/Archives/edgar/data/858470/000085847099000012/0000858470-99-000012-index.html,https://www.sec.gov/Archives/edgar/data/858470/000085847099000012/,0.1345121736896892,0.0,0.0787470765570291,-0.2916683565180949,0.0074353462843546,0.6174717118870909,0.6174717118870909,0.6174717118870909,1.159238079788025,369855000.0,710655000.0,0.0,9.2928391959799,15.873605150214592,-4.285689455388181,2.024384236453202,2.024384236453202,17.855653266331657,48.01722972972973,30.50021459227468,-8.23470451911935,0.0,-0.2333346852144759,1.8773946360153253,0.4870775347912525,23.027027027027028,0.7181818181818181,0.0,0.0,0.0083816630841816,0.0,0.0,0.0,0.0,4.703862660944206,2.753768844221105,10.96,0.0,0.0,0.0,0.0,-1.5979235105649512,-27900000.0,182700000.0,-450400000.0,602000000.0,50850000.0,58400000.0,9700000.0,126.18090452261306,322.258064516129,45.0,0.7132616487455197,0.2792792792792792,2.0,0.0,0.370415433075124,1999-01-26,,amc,,2025-04-25,1998-12-31,,1.34109375,835837.5
1998-09-30,CTRA,USD,858470,1998-11-12,1998-11-12 00:00:00,1998,Q3,37400000.0,14700000.0,22700000.0,0.6069518717,0,0.0,0.0,6200000.0,14900000.0,21100000.0,35800000.0,0.0,4200000.0,11100000.0,12700000.0,0.3395721925,1600000.0,0.0427807487,-4300000.0,-2700000.0,-0.0721925134,-1000000.0,-1700000.0,-0.0454545455,-0.0057,-0.0057,299088000,299088000,https://www.sec.gov/Archives/edgar/data/858470/000085847098000007/0000858470-98-000007-index.html,https://www.sec.gov/Archives/edgar/data/858470/,0.125046808965923,-0.0056839458620874,0.0581768576472476,-0.028419729310437,0.0070213448884609,0.6155379018884074,0.6155379018884074,0.6155379018884074,0.846573583694431,379841760.0,626741760.0,-55.85908235294118,10.15619679144385,21.82998620689655,-44.68726588235294,2.0632360673546986,2.0632360673546986,16.757801069518717,49.34974488188976,36.01964137931034,-73.73432470588236,-0.0044755479229034,-0.0223777396145173,1.3525258011950028,0.4171553023957112,19.440944881889763,0.7205542725173211,0.3809523809523809,-10.235294117647058,0.00157960514926,-0.3529411764705882,0.0,0.0,0.0,1.488505747126437,0.6925133689839572,2.333333333333333,0.0,,0.001914131498019,-0.0028480482492879,-1.2411898839137645,-24200000.0,184100000.0,-350400000.0,508000000.0,44650000.0,49500000.0,9400000.0,110.45454545454544,307.3469387755102,61.836734693877546,0.8148148148148148,0.2928286852589641,1.4554455445544554,-0.0092341118957088,0.0865965869576847,1998-10-22,,amc,,2025-04-25,1998-09-30,,1.36,809475.0
1998-06-30,CTRA,USD,858470,1998-08-13,1998-08-13 00:00:00,1998,Q2,41700000.0,10500000.0,31200000.0,0.7482014388,0,0.0,0.0,6900000.0,14300000.0,21200000.0,31700000.0,0.0,4700000.0,10300000.0,20300000.0,0.4868105516,10000000.0,0.2398081535,-4700000.0,5300000.0,0.1270983213,2200000.0,3100000.0,0.0743405276,0.0025,0.0025,298476000,298476000,https://www.sec.gov/Archives/edgar/data/858470/000085847098000004/0000858470-98-000004-index.html,https://www.sec.gov/Archives/edgar/data/858470/,0.1397097254050577,0.0103860946943807,0.0586311797263431,-0.0643267800426165,0.0130663771961564,0.6392473766735014,0.6392473766735014,0.6392473766735014,0.7863278789584423,498454920.0,724554920.0,40.19797741935484,11.953355395683452,28.483138285714283,-25.96119375,2.6124471698113205,2.6124471698113205,17.375417745803357,35.692360591133,41.403138285714284,-37.73723541666666,0.0062192183798687,-0.0385190299656386,1.2054507337526206,0.3977174476915096,11.137931034482758,0.745679012345679,2.127659574468085,5.46875,0.0038117790070163,0.6129032258064516,0.0,0.0,0.0,2.097142857142857,0.8800959232613909,3.563106796116505,0.0,0.3865021154062077,0.0113950060467048,0.0053605395123638,-1.1615674292070384,-20600000.0,190800000.0,-327100000.0,495600000.0,45200000.0,46550000.0,7450000.0,93.66906474820144,418.2857142857143,74.57142857142857,0.9608294930875576,0.2151639344262295,1.206896551724138,0.0162473794549266,0.1229579597689596,1998-07-22,,amc,,2025-04-25,1998-06-30,,1.79031746031746,724647.619047619
1998-03-31,CTRA,USD,858470,1998-05-14,1998-05-14 00:00:00,1998,Q1,38900000.0,10400000.0,28500000.0,0.7326478149,0,0.0,0.0,5500000.0,13600000.0,19100000.0,29500000.0,0.0,1800000.0,9800000.0,19200000.0,0.4935732648,9400000.0,0.2416452442,-3000000.0,6400000.0,0.1645244216,2600000.0,3800000.0,0.0976863753,0.0033,0.0033,296712000,296712000,https://www.sec.gov/Archives/edgar/data/858470/000089924398000969/0000899243-98-000969-index.html,https://www.sec.gov/Archives/edgar/data/858470/,0.1311035617029307,0.0128070317344765,0.0977378737631103,-0.0080886516217746,0.0117959502817546,0.6322629351020518,0.6322629351020518,0.6322629351020518,0.7037126910943946,560785680.0,764285680.0,36.8937947368421,14.416084318766067,19.33743724137931,-233.6607,2.989262686567164,2.989262686567164,19.64744678663239,39.80654583333333,26.354678620689658,-318.45236666666665,0.0067762072669187,-0.0042797098527908,1.103411513859275,0.3773928896991795,10.598958333333334,0.7468354430379747,5.222222222222222,7.631578947368421,0.0032097823895931,0.4736842105263157,0.0,0.0,0.0,1.0827586206896551,0.8071979434447301,3.204081632653061,0.0,0.4268392650327148,0.0114958805355303,0.0069279854147675,-1.0752851249696675,-20000000.0,187600000.0,-301900000.0,467600000.0,53350000.0,48300000.0,6550000.0,108.74035989717224,383.3653846153846,53.65384615384615,0.8276595744680851,0.2347629796839729,1.6774193548387095,0.0202558635394456,0.105826525384885,1998-04-27,,amc,,2025-04-25,1998-03-31,,1.6785245901639343,884832.7868852459
1997-12-31,CTRA,USD,858470,1998-03-20,1998-03-20 00:00:00,1997,Q4,52100000.0,12500000.0,39600000.0,0.7600767754,0,0.0,0.0,5800000.0,13200000.0,19000000.0,31500000.0,0.0,4900000.0,9300000.0,29900000.0,0.5738963532,20600000.0,0.3953934741,-4700000.0,15900000.0,0.3051823417,5700000.0,10200000.0,0.1957773512,0.037,0.037,275484000,275484000,https://www.sec.gov/Archives/edgar/data/858470/000095012998001129/0000950129-98-001129-index.html,https://www.sec.gov/Archives/edgar/data/858470/,0.1891216912778963,0.037025743781853,0.0058079598089181,-0.0294027965326479,0.0065339547850328,0.6682783755136414,0.6682783755136414,0.6682783755136414,0.7401518781490032,446284080.0,643484080.0,10.938335294117648,8.565913243761996,278.92755,-55.0968,2.4241394894079304,2.4241394894079304,12.350942034548943,21.52120668896321,402.17755,-79.44247901234569,0.0228553973962055,-0.0181498744028691,1.0809342748506248,0.3672942045035068,6.595317725752508,0.8207217694994179,4.204081632653061,0.1568627450980392,0.0029129428053987,0.1274509803921568,0.0,0.0,0.0,6.0625,0.1861804222648752,1.043010752688172,0.0,0.7461426391121363,0.0280040142818873,0.0188261351052048,-1.116852521380552,-15400000.0,184100000.0,-287200000.0,454000000.0,48300000.0,49750000.0,8000000.0,103.12859884836853,376.56000000000006,49.68000000000001,0.8726968174204355,0.2390057361376673,1.8115942028985508,0.0554046713742531,0.0352107563415661,1998-01-27,0.02412,amc,,2025-04-25,1997-12-31,0.2437810945273631,1.81046875,1205025.0
1997-09-30,CTRA,USD,858470,1997-11-10,1997-11-10 00:00:00,1997,Q3,40800000.0,10800000.0,30000000.0,0.7352941176,0,0.0,0.0,5000000.0,14100000.0,19100000.0,29900000.0,0.0,4700000.0,10700000.0,21600000.0,0.5294117647,10900000.0,0.2671568627,-4700000.0,6200000.0,0.1519607843,2500000.0,3700000.0,0.0906862745,0.0028,0.0028,275484000,275484000,https://www.sec.gov/Archives/edgar/data/858470/000095012997004576/0000950129-97-004576-index.html,https://www.sec.gov/Archives/edgar/data/858470/,0.1481029751274121,0.0134309070581231,0.098735316751608,-0.0174238794267543,0.0065339547850328,0.6330676191720753,0.6330676191720753,0.6330676191720753,0.8628450291123986,528929280.0,760129280.0,35.738464864864866,12.963952941176473,19.445929411764705,-110.1936,3.032851376146789,3.032851376146789,18.630619607843137,35.19117037037037,27.945929411764705,-158.36026666666666,0.0069952640927724,-0.0090749372014345,1.336009174311927,0.4151817533856022,10.703703703703704,0.62625,2.3191489361702127,7.351351351351352,0.0043484074090207,0.6216216216216216,0.0,0.0,0.0,1.1764705882352942,0.7843137254901961,2.9906542056074765,0.0,0.4373901324660487,0.013082941893961,0.0065930149679258,-1.2805643884944315,-29900000.0,174400000.0,-336700000.0,480300000.0,35550000.0,42350000.0,7400000.0,81.39705882352942,393.3333333333333,75.83333333333333,1.1056910569105691,0.2288135593220339,1.1868131868131868,0.0212155963302752,0.1161591961783624,1997-10-27,,amc,,2025-04-25,1997-09-30,,1.74109375,798093.75
1997-06-30,CTRA,USD,858470,1997-08-14,1997-08-14 00:00:00,1997,Q2,39400000.0,10600000.0,28800000.0,0.730964467,0,0.0,0.0,4700000.0,13600000.0,18300000.0,28900000.0,0.0,5400000.0,10100000.0,20600000.0,0.5228426396,10500000.0,0.2664974619,-4900000.0,5600000.0,0.1421319797,2300000.0,3300000.0,0.0837563452,0.0025,0.0025,274524000,274524000,https://www.sec.gov/Archives/edgar/data/858470/000085847097000006/0000858470-97-000006-index.html,https://www.sec.gov/Archives/edgar/data/858470/,0.1435211493348487,0.0120208069239847,0.0684821727790648,-0.0050997362707814,0.0014570675059375,0.6247176931707246,0.6247176931707246,0.6247176931707246,0.8319855458903411,403550280.0,626150280.0,30.571990909090907,10.242392893401016,21.46544042553192,-288.2502,2.353062857142857,2.353062857142857,15.892139086294415,30.395644660194176,33.305865957446805,-447.2502,0.0081774196761801,-0.0034692083474703,1.3002915451895043,0.4182295573893473,10.805825242718448,0.6268436578171092,1.9444444444444444,5.696969696969697,0.0056994137137013,0.696969696969697,0.0,0.0,0.0,1.074468085106383,0.5126903553299492,2.0,0.0,0.4110550356838547,0.0128531366846697,0.0061890472618154,-1.2122801649400416,-25300000.0,171500000.0,-319200000.0,464600000.0,36950000.0,38450000.0,5450000.0,78.12182741116752,318.3962264150943,48.39622641509434,1.152046783625731,0.2826666666666667,1.8596491228070176,0.0192419825072886,0.0735819090498462,1997-07-25,,amc,,2025-04-25,1997-06-30,,1.4490625,673143.75
1997-03-31,CTRA,USD,858470,1997-05-15,1997-05-15 00:00:00,1997,Q1,52800000.0,10700000.0,42100000.0,0.7973484848,0,0.0,0.0,4200000.0,14600000.0,18800000.0,29500000.0,0.0,5700000.0,10500000.0,33800000.0,0.6401515152,23300000.0,0.4412878788,-5100000.0,18200000.0,0.3446969697,7100000.0,11100000.0,0.2102272727,0.0117,0.0117,274380000,274380000,https://www.sec.gov/Archives/edgar/data/858470/000085847097000002/0000858470-97-000002-index.html,https://www.sec.gov/Archives/edgar/data/858470/,0.1924338508637655,0.0404548436474961,0.172753116116335,0.1304759822144471,0.0211385669509439,0.6192142284423063,0.6192142284423063,0.6192142284423063,0.8298709818499891,400594800.0,616794800.0,9.022405405405406,7.587022727272728,8.451367088607595,11.189798882681565,2.357826957033549,2.357826957033549,11.681719696969695,18.248366863905325,13.012548523206751,17.22890502793296,0.0277087970188329,0.0893671111057857,1.3066509711595056,0.415886099662795,6.396449704142012,0.9390681003584228,4.087719298245614,4.27027027027027,0.0057414624453437,0.2072072072072072,0.0,0.0,0.0,0.2447257383966244,0.2196969696969697,1.1047619047619048,0.0,0.7507528440895951,0.0297289530553128,0.0207943049831397,-1.1871309862234858,-3400000.0,169900000.0,-311500000.0,477300000.0,53750000.0,47850000.0,7000000.0,67.67045454545455,331.4018691588785,43.73831775700935,1.329974811083123,0.2715736040609137,2.0576923076923075,0.0653325485579752,0.0422771339018878,1997-04-22,0.02835,amc,,2025-04-25,1997-03-31,0.4109347442680776,1.4234426229508197,885403.2786885246
1996-12-31,CTRA,USD,858470,1997-03-27,1997-03-27 00:00:00,1996,Q4,49100000.0,12100000.0,37000000.0,0.7535641548,0,0.0,0.0,4800000.0,15600000.0,20400000.0,32500000.0,0.0,4300000.0,12200000.0,28800000.0,0.5865580448,16600000.0,0.3380855397,-4500000.0,12100000.0,0.2464358452,4600000.0,7500000.0,0.1527494908,0.0274,0.0274,273732000,273732000,https://www.sec.gov/Archives/edgar/data/858470/000095012997001243/0000950129-97-001243-index.html,https://www.sec.gov/Archives/edgar/data/858470/,0.1793725249514123,0.027399061856122,0.083293148042611,0.002557245773238,0.0051144915464761,0.5870705653705084,0.5870705653705084,0.5870705653705084,0.9217044408399456,391436760.0,638036760.0,13.047892,7.972235437881873,17.16827894736842,559.1953714285714,2.435823024268824,2.435823024268824,12.994638696537676,22.15405416666667,27.98406842105263,911.4810857142858,0.0191601831161692,0.0017882837575091,1.5432482887367769,0.4418314626759309,8.5625,1.0964187327823691,3.86046511627907,3.04,0.0058757894889585,0.3066666666666666,0.0,0.0,0.0,0.9692982456140352,0.45010183299389,1.8114754098360657,0.0,0.6015950561018099,0.021054340491809,0.0133618385889898,-1.256520976721757,7000000.0,160700000.0,-321000000.0,487500000.0,51400000.0,45150000.0,9550000.0,124.27698574338086,418.7603305785124,65.45454545454545,0.724188790560472,0.2149200710479573,1.375,0.0466708151835718,0.0807359022693729,1997-01-29,,amc,,2025-04-25,1996-12-31,,1.38078125,755962.5
1996-09-30,CTRA,USD,858470,1996-11-14,1996-11-14 00:00:00,1996,Q3,35500000.0,10600000.0,24900000.0,0.7014084507,0,0.0,0.0,4000000.0,13300000.0,17300000.0,27900000.0,0.0,0.0,10500000.0,18100000.0,0.5098591549,7600000.0,0.214084507,0.0,0.0,0.0,3200000.0,4400000.0,0.123943662,0.0036,0.0036,273732000,273732000,https://www.sec.gov/Archives/edgar/data/858470/000085847096000009/0000858470-96-000009-index.html,https://www.sec.gov/Archives/edgar/data/858470/,0.1296888927856443,0.0160741162889249,0.0602779360834685,0.0065757748454692,0.0051144915464761,0.5662472783598557,0.5662472783598557,0.5662472783598557,0.8913828123858373,336690360.0,579290360.0,19.13013409090909,9.484235492957746,20.405476363636364,187.0502,2.172195870967742,2.172195870967742,16.318038309859155,32.00499226519337,35.10850666666666,321.8279777777778,0.0130683872267682,0.0053461584109506,1.5741935483870968,0.4629102637070764,13.403314917127071,0.9758551307847082,0.0,3.75,0.0068312024139924,0.5227272727272727,0.0,0.0,0.0,0.8909090909090909,0.4140845070422535,1.4,0.0,0.4525409412577831,,0.0083475621324226,-1.2395335583709617,-1200000.0,155000000.0,-323600000.0,475900000.0,35500000.0,34800000.0,7600000.0,88.73239436619718,288.6792452830189,87.45283018867924,1.0142857142857142,0.3117647058823529,1.029126213592233,0.0283870967741935,0.0537021612379992,1996-10-31,,amc,,2025-04-25,1996-09-30,,1.33125,356381.25
1996-06-30,CTRA,USD,858470,1996-08-13,1996-08-13 00:00:00,1996,Q2,37300000.0,10300000.0,27000000.0,0.7238605898,0,0.0,0.0,4300000.0,13400000.0,17700000.0,28000000.0,0.0,6300000.0,10200000.0,19600000.0,0.5254691689,9300000.0,0.2493297587,-5500000.0,3800000.0,0.1018766756,1600000.0,2200000.0,0.0589812332,0.0011,0.0011,273576000,273576000,https://www.sec.gov/Archives/edgar/data/858470/000085847096000008/0000858470-96-000008-index.html,https://www.sec.gov/Archives/edgar/data/858470/,0.1363423692136737,0.0080416410796268,0.0734713571365909,0.0383805596982191,0.0120624616194403,0.5581629967541012,0.5581629967541012,0.5581629967541012,0.9112641459777172,418571280.0,658271280.0,47.56491818181818,11.221750134048255,20.824441791044777,39.86393142857143,2.741134774066798,2.741134774066798,17.6480235924933,33.585269387755105,32.74981492537314,62.692502857142856,0.0052559745618476,0.0250853331360909,1.5913555992141457,0.4658742331288343,12.229591836734691,0.9352226720647774,1.4761904761904765,8.73913043478261,0.005494882496477,1.0454545454545454,0.0,0.0,0.0,0.4776119402985074,0.257372654155496,0.9411764705882352,0.0,0.3177928505899274,0.0114023941683943,0.0042177914110429,-1.2287262040529872,-3200000.0,152700000.0,-322700000.0,470800000.0,44950000.0,41850000.0,4500000.0,86.8632707774799,311.0679611650486,42.81553398058253,1.0361111111111112,0.2893258426966292,2.1020408163265305,0.014407334643091,0.0350907974383717,1996-07-23,,amc,,2025-04-25,1996-06-30,,1.3573015873015872,578495.2380952381
1996-03-31,CTRA,USD,858470,1996-05-15,1996-05-15 00:00:00,1996,Q1,41200000.0,9200000.0,32000000.0,0.7766990291,0,0.0,0.0,3700000.0,13200000.0,16900000.0,26100000.0,0.0,3300000.0,9800000.0,24900000.0,0.604368932,15100000.0,0.3665048544,-4100000.0,11000000.0,0.2669902913,4400000.0,6600000.0,0.1601941748,0.0064,0.0064,273564000,273564000,https://www.sec.gov/Archives/edgar/data/858470/000085847096000002/0000858470-96-000002-index.html,https://www.sec.gov/Archives/edgar/data/858470/,0.1506046117179161,0.0241259814887923,0.0588527730256905,0.006579813133307,0.0138907166147592,0.5581874808088784,0.5581874808088784,0.5581874808088784,0.9186150224444736,328276800.0,572476800.0,12.434727272727272,7.967883495145631,20.389863354037267,182.376,2.1498153241650293,2.1498153241650293,13.895067961165047,22.991036144578317,35.55756521739131,318.04266666666666,0.0201049845739936,0.0054831776110891,1.6240995415848067,0.4595997034840622,9.80722891566265,0.9828125,4.575757575757576,2.439393939393939,0.0070062825030583,0.3484848484848485,0.0,0.0,0.0,0.8881987577639752,0.3470873786407767,1.4591836734693877,0.0,0.5504575084950606,0.019049621530698,0.0122312824314306,-1.2451382491848342,-1100000.0,152700000.0,-324000000.0,474200000.0,47950000.0,48150000.0,4850000.0,117.74271844660196,470.5434782608696,40.10869565217392,0.764378478664193,0.1912681912681912,2.2439024390243905,0.043222003929273,0.0522729598923835,1996-04-24,,amc,,2025-04-25,1996-03-31,,1.2569841269841269,657752.380952381
1995-12-31,CTRA,USD,858470,1996-06-28,1996-06-28 00:00:00,1995,Q4,56400000.0,-79100000.0,135500000.0,2.4024822695,0,0.0,0.0,4100000.0,11400000.0,15500000.0,-63600000.0,0.0,238500000.0,9000000.0,129000000.0,2.2872340426,127200000.0,2.2553191489,-133900000.0,-6700000.0,-0.1187943262,-2700000.0,-4000000.0,-0.0709219858,-0.0146,-0.0146,273348000,273348000,https://www.sec.gov/Archives/edgar/data/858470/000085847096000004/0000858470-96-000004-index.html,https://www.sec.gov/Archives/edgar/data/858470/,0.2063303920277448,-0.0146333611367194,0.0391442410407246,-0.0113408548809576,0.0109750208525396,0.5407026940017853,0.5407026940017853,0.5407026940017853,1.7834408885376882,333484560.0,579484560.0,-20.842785,5.912846808510638,31.166781308411217,-107.57566451612904,2.256323139377537,2.256323139377537,10.274548936170213,4.492128372093023,54.15743551401869,-186.9305032258065,-0.0119945583087864,-0.0092957826893095,1.6847090663058186,0.4714123438091632,1.9069767441860463,0.8587848932676518,0.5333333333333333,-2.675,0.0062971431121128,-0.525,0.0,0.0,0.0,1.2897196261682242,0.2446808510638297,1.5333333333333334,0.0,,0.1625086636153705,-0.0075728890571753,-1.2551765515021145,-8600000.0,147800000.0,-328100000.0,465800000.0,34600000.0,37800000.0,6350000.0,67.02127659574468,-54.84197218710493,-6.371681415929204,1.3428571428571427,-1.6410788381742738,-14.125,-0.027063599458728,0.0504850959216822,1996-01-31,,amc,,2025-04-25,1995-12-31,,1.1893650793650792,437200.0
1995-09-30,CTRA,USD,858470,1995-11-14,1995-11-14 00:00:00,1995,Q3,48000000.0,142100000.0,-94100000.0,-1.9604166667,0,0.0,0.0,3300000.0,14400000.0,17700000.0,159800000.0,0.0,5400000.0,11400000.0,-100400000.0,-2.0916666667,-111800000.0,-2.3291666667,-5400000.0,-117200000.0,-2.4416666667,-45300000.0,-71900000.0,-1.4979166667,-0.26,-0.26,273348000,273348000,https://www.sec.gov/Archives/edgar/data/858470/000085847095000006/0000858470-95-000006-index.html,https://www.sec.gov/Archives/edgar/data/858470/,0.1756003336406339,-0.2630346664325328,0.0234133778187511,0.0128041909946295,0.0073166805683597,0.5641160718205365,0.5641160718205365,0.5641160718205365,0.8988542078229949,311616720.0,549916720.0,-1.083507371349096,6.492015,48.6901125,89.03334857142858,2.020860700389105,2.020860700389105,11.456598333333334,-5.477258167330677,85.9244875,157.11906285714286,-0.2307321635373095,0.0112317464865171,1.5583657587548638,0.4697028928850664,-2.3735059760956174,0.8613636363636363,-20.703703703703702,-0.0890125173852573,0.0073808619768541,-0.0319888734353268,0.0,0.0,0.0,0.453125,0.0604166666666666,0.2543859649122807,0.0,,-0.1466792159221294,-0.140539483971853,-1.212556887191419,-6100000.0,154200000.0,-319500000.0,466200000.0,29300000.0,31850000.0,6200000.0,50.99999999999999,17.353976073187894,4.496833216045038,1.7647058823529411,5.186131386861314,20.01408450704225,-0.4662775616083009,0.0106091868241216,1995-10-26,-0.01391,amc,,2025-04-25,1995-09-30,0.4378145219266714,1.158095238095238,436152.38095238095
1995-06-30,CTRA,USD,858470,1995-08-14,1995-08-14 00:00:00,1995,Q2,51400000.0,30800000.0,20600000.0,0.4007782101,0,0.0,0.0,5200000.0,16000000.0,21200000.0,52000000.0,0.0,5800000.0,13100000.0,12500000.0,0.2431906615,-600000.0,-0.0116731518,-5800000.0,-6400000.0,-0.1245136187,-2500000.0,-3900000.0,-0.0758754864,-0.0143,-0.0143,273312000,273312000,https://www.sec.gov/Archives/edgar/data/858470/000085847095000004/0000858470-95-000004-index.html,https://www.sec.gov/Archives/edgar/data/858470/,0.1880634586114038,-0.014269406392694,0.0453693946844631,0.0274411661397962,0.0084152909495375,0.8349432150802014,0.8349432150802014,0.8349432150802014,0.9370243531202436,314308800.0,562308800.0,-20.148,6.114957198443579,25.34748387096774,41.90784,1.377339176161262,1.377339176161262,10.939859922178988,44.984704,45.34748387096774,74.97450666666667,-0.0124081794719078,0.0238618835998228,1.0968448729184923,0.3865040148239654,19.84,0.8088531187122736,-0.1034482758620689,-3.1794871794871797,0.0079539611999409,-0.6410256410256411,0.0,0.0,0.0,0.3951612903225806,0.0953307392996108,0.3740458015267175,0.0,,-0.0006115153035624,-0.0060222359481161,-1.430233579206182,-9500000.0,228200000.0,-379200000.0,596500000.0,34650000.0,31350000.0,4350000.0,54.98054474708171,106.07142857142856,15.487012987012983,1.6369426751592355,0.8484848484848485,5.811320754716981,-0.0170902716914986,0.0179282285446669,1995-07-25,-0.01762,amc,,2025-04-25,1995-06-30,0.1350737797956867,1.281904761904762,430647.6190476191
1995-03-31,CTRA,USD,858470,1995-05-15,1995-05-15 00:00:00,1995,Q1,58100000.0,35400000.0,22700000.0,0.3907056799,0,0.0,0.0,4300000.0,16600000.0,20900000.0,56300000.0,0.0,27400000.0,13700000.0,15500000.0,0.2667814114,-5400000.0,-0.0929432014,-5800000.0,-11200000.0,-0.1927710843,-4400000.0,-6800000.0,-0.1170395869,-0.0249,-0.0249,273288000,273288000,https://www.sec.gov/Archives/edgar/data/858470/000089924395000285/0000899243-95-000285-index.html,https://www.sec.gov/Archives/edgar/data/858470/,0.2125962354732004,-0.0248821755803401,0.0439097216123649,0.032566376862504,0.0120751734434003,0.8569714001346564,0.8569714001346564,0.8569714001346564,1.060419776938614,355274400.0,614374400.0,-13.061558823529412,6.114877796901894,29.6062,39.91847191011236,1.5169701110162257,1.5169701110162257,10.574430292598969,39.63705806451613,51.19786666666667,69.03083146067415,-0.0191401350618001,0.025051059125003,1.1204099060631938,0.3948833709556057,16.716129032258063,0.9827586206896552,-0.1970802919708029,-1.7647058823529411,0.0064738692120794,-0.3382352941176471,0.0,0.0,0.0,0.2583333333333333,0.0533562822719449,0.2262773722627737,0.0,,-0.0052948504983388,-0.0102332580887885,-1.4522225637422792,-800000.0,234200000.0,-384700000.0,616700000.0,38050000.0,33200000.0,5900000.0,58.70912220309811,67.11864406779661,8.64406779661017,1.532981530343008,1.3409090909090908,10.411764705882351,-0.0290350128095644,0.0113433447498609,1995-04-27,-0.02149,amc,,2025-04-25,1995-03-31,0.1577477896696138,1.1573015873015873,832114.2857142857
1994-12-31,CTRA,USD,858470,1995-06-29,1995-06-29 00:00:00,1994,Q4,59000000.0,34900000.0,24100000.0,0.4084745763,0,0.0,0.0,1900000.0,19900000.0,21800000.0,56700000.0,0.0,5200000.0,16700000.0,19000000.0,0.3220338983,2300000.0,0.0389830508,-5200000.0,-2900000.0,-0.0491525424,-1100000.0,-1800000.0,-0.0305084746,-0.0066,-0.0066,272683656,272683656,https://www.sec.gov/Archives/edgar/data/858470/000085847095000002/0000858470-95-000002-index.html,https://www.sec.gov/Archives/edgar/data/858470/,0.2163679366247018,-0.0066010556936349,0.0425401366923142,-0.0036672531631305,0.013935562019896,0.8915092439570342,0.8915092439570342,0.8915092439570342,1.0033604654325157,329947223.76,594547223.76,-45.8260033,5.592325826440677,28.44372618620689,-329.94722376,1.3572489665158372,1.3572489665158372,10.077071589152542,31.29195914526316,51.2540710137931,-594.54722376,-0.0054554179286239,-0.0030307877381244,1.104072398190045,0.3898895990703079,13.926315789473684,0.968342644320298,0.4423076923076923,-6.444444444444445,0.0069708117976861,-1.2777777777777777,0.0,0.0,0.0,1.0862068965517242,0.2135593220338983,0.7544910179640718,0.0,,0.0022492298832464,-0.0026147588611272,-1.4986230051132952,-1700000.0,243100000.0,-393300000.0,633200000.0,38050000.0,38550000.0,8650000.0,58.27118644067797,103.15186246418338,21.66189111747851,1.544502617801047,0.8725,4.154761904761905,-0.0074043603455368,0.0462073898554448,1995-02-08,,amc,,2025-04-25,1994-12-31,,1.4112698412698412,674723.8095238095
1994-09-30,CTRA,USD,858470,1994-11-14,1994-11-14 00:00:00,1994,Q3,55800000.0,32400000.0,23400000.0,0.4193548387,0,0.0,0.0,5400000.0,18400000.0,23800000.0,56200000.0,0.0,6300000.0,13400000.0,14700000.0,0.2634408602,-400000.0,-0.0071684588,-4600000.0,-5000000.0,-0.0896057348,-2000000.0,-3000000.0,-0.0537634409,-0.011,-0.011,272683656,272683656,https://www.sec.gov/Archives/edgar/data/858470/000089924394000345/0000899243-94-000345-index.html,https://www.sec.gov/Archives/edgar/data/858470/,0.2046327265026841,-0.0110017594893916,0.0223702442950962,-0.0700445354157933,0.0157691886014613,0.9036111793953652,0.9036111793953652,0.9036111793953652,0.9879580021473674,417205993.68,676005993.6800001,-34.76716614,7.476809922580645,68.39442519344263,-21.84324574240837,1.6932061431818182,1.6932061431818182,12.114802754121865,45.98680229115647,110.82065470163936,-35.39298396230367,-0.0071906924767265,-0.0457807421018256,1.067775974025974,0.3862868888562619,17.60544217687075,0.8875638841567292,-0.0634920634920634,-1.967741935483871,0.0047937949844843,-0.6666666666666666,0.0,0.0,0.0,4.131147540983607,0.4516129032258064,1.8805970149253728,0.0,,-0.0003832641328648,-0.0044046395536631,-1.457824813673468,-6600000.0,246400000.0,-382600000.0,621000000.0,38500000.0,47850000.0,7700000.0,61.12903225806452,103.05555555555556,24.72222222222222,1.4722955145118737,0.8733153638814016,3.640449438202247,-0.0121753246753246,0.0924147797108896,1994-10-21,,amc,,2025-04-25,1994-09-30,,1.67234375,659043.75
1994-06-30,CTRA,USD,858470,1994-08-15,1994-08-15 00:00:00,1994,Q2,56500000.0,32200000.0,24300000.0,0.4300884956,0,0.0,0.0,5200000.0,17600000.0,22800000.0,55000000.0,0.0,3800000.0,14600000.0,16100000.0,0.2849557522,1500000.0,0.0265486726,-3800000.0,-2300000.0,-0.0407079646,-900000.0,-1400000.0,-0.0247787611,-0.0051,-0.0051,272527736,272527736,https://www.sec.gov/Archives/edgar/data/858470/000089924394000264/0000899243-94-000264-index.html,https://www.sec.gov/Archives/edgar/data/858470/,0.2073183479570681,-0.0051370918077857,0.0821934689245721,0.0036693512912755,0.0113749890029541,0.9232087848849264,0.9232087848849264,0.9232087848849264,0.8560596562545839,474198260.64,700598260.64,-84.67826082857144,8.392889568849558,21.16956520714286,474.19826064,1.8847307656597776,1.8847307656597776,12.399969214867255,43.51541991552795,31.27670806428571,700.59826064,-0.0029523516136699,0.0021088225811928,0.9121621621621622,0.3427419354838709,14.062111801242237,0.697350069735007,0.3947368421052631,-17.23076923076923,0.0031632338717892,-1.0714285714285714,0.0,0.0,0.0,0.9553571428571428,0.3787610619469027,1.4657534246575343,0.0,,0.001524025168187,-0.0020908004778972,-1.4028847324369216,-21700000.0,251600000.0,-368000000.0,596900000.0,37000000.0,45100000.0,4650000.0,62.283185840707965,163.7888198757764,18.16770186335404,1.4450127877237853,0.5494880546075085,4.953846153846154,-0.005564387917329,0.0785241176332966,1994-07-29,,amc,,2025-04-25,1994-06-30,,1.744032258064516,474619.3548387097
1994-03-31,CTRA,USD,858470,1994-05-16,1994-05-16 00:00:00,1994,Q1,65800000.0,37600000.0,28200000.0,0.4285714286,0,0.0,0.0,4200000.0,12500000.0,16700000.0,54300000.0,0.0,2800000.0,9900000.0,21400000.0,0.3252279635,11500000.0,0.1747720365,-2800000.0,8700000.0,0.132218845,3500000.0,5200000.0,0.0790273556,0.0064,0.0064,246896552,246896552,https://www.sec.gov/Archives/edgar/data/858470/000089924394000146/0000899243-94-000146-index.html,https://www.sec.gov/Archives/edgar/data/858470/,0.2665083795904934,0.0210614524904341,0.1101675976422708,0.0554888267536437,0.0133659217727755,0.6375139657681408,0.6375139657681408,0.6375139657681408,0.6537150830684748,402441379.76,557741379.76,19.348143257692307,6.116130391489362,14.795638961764704,29.375283194160584,2.556806732909784,2.556806732909784,8.47631276231003,26.06268129719626,20.50519778529412,40.71104961751825,0.0129211364971988,0.0340422250022354,1.007623888182973,0.3556851311953353,7.257009345794392,0.9266666666666666,4.107142857142857,5.230769230769231,0.0032302841242997,0.25,0.0,0.0,0.0,0.4963235294117647,0.2051671732522796,1.3636363636363635,0.0,0.5496424540510985,0.0170348530815137,0.0116618075801749,-1.0434532111246333,-3300000.0,157400000.0,-246800000.0,400800000.0,35100000.0,29050000.0,4250000.0,47.7355623100304,75.63829787234043,6.702127659574469,1.8853868194842407,1.1898734177215189,13.428571428571429,0.0330368487928843,0.054678770888627,1994-04-29,0.0193,amc,,2025-04-25,1994-03-31,0.0362694300518134,1.815555555555556,718095.2380952381
1993-12-31,CTRA,USD,858470,1994-03-29,1994-03-29 00:00:00,1993,Q4,48900000.0,24500000.0,24400000.0,0.4989775051,0,0.0,0.0,7700000.0,12400000.0,20100000.0,44600000.0,0.0,1500000.0,9700000.0,14000000.0,0.2862985685,4300000.0,0.0879345603,-2100000.0,2200000.0,0.0449897751,900000.0,1300000.0,0.0265848671,0.0053,0.0053,246320840,246320840,https://www.sec.gov/Archives/edgar/data/858470/000095012994000232/0000950129-94-000232-index.html,https://www.sec.gov/Archives/edgar/data/858470/,0.1985215704850633,0.0052776695629975,0.0474990260669783,-0.0304480936326784,0.0117732628713023,0.623170983015485,0.623170983015485,0.623170983015485,0.694216534825068,433524678.4,600124678.4,83.37013046153847,8.865535345603272,37.05339131623931,-57.80329045333333,2.824265005863192,2.824265005863192,12.272488310838446,42.86604845714285,51.29270755555555,-80.01662378666667,0.0029986758880668,-0.0173000532003854,1.1042345276872965,0.3808988764044944,11.9,1.195710455764075,2.8666666666666667,9.0,0.0032293432640719,1.0769230769230769,0.0,0.0,0.0,1.641025641025641,0.3926380368098159,1.9793814432989687,0.0,0.272029478027828,0.0062246670526925,0.0029213483146067,-1.052590596881693,7300000.0,153500000.0,-246900000.0,407600000.0,30700000.0,24200000.0,7000000.0,64.96932515337423,97.3469387755102,20.93877551020408,1.385269121813031,0.9245283018867924,4.298245614035087,0.0084690553745928,0.0779471196996567,1994-02-04,0.02922,amc,,2025-04-25,1993-12-31,-0.8193018480492813,1.8215625,468149.875
1993-09-30,CTRA,USD,858470,1993-09-30,1993-09-30 00:00:00,1993,Q3,33500000.0,7700000.0,25800000.0,0.7701492537,0,0.0,0.0,4500000.0,18700000.0,23200000.0,30900000.0,0.0,10200000.0,8700000.0,19000000.0,0.5671641791,2600000.0,0.0776119403,-2500000.0,100000.0,0.0029850746,2900000.0,-2800000.0,-0.0835820896,-0.0114,-0.0114,246320840,246320840,,,0.1360014848926302,-0.0113672882895332,0.0397855090133664,-0.2017693671392156,0.0125852120348404,0.6256068305060993,0.6256068305060993,0.6256068305060993,0.6950284839886061,507420930.4,665320930.4000001,-45.30544021428572,15.14689344477612,51.77764595918367,-10.209676668008049,3.292802922777417,3.292802922777417,19.86032628059701,35.016891073684214,67.88989085714287,-13.386739042253524,-0.0055181011114239,-0.0979462947277746,1.044776119402985,0.371824480369515,8.310526315789474,1.210843373493976,0.2549019607843137,-3.5,0.0023649004763245,-0.4285714285714285,0.0,0.0,0.0,6.071428571428571,1.7761194029850746,6.839080459770115,0.0,,-0.1820910455227613,-0.0064665127020785,-1.0233604269943215,7000000.0,154100000.0,-238700000.0,399700000.0,26450000.0,21650000.0,6050000.0,70.11940298507463,255.97402597402595,97.012987012987,1.2835249042145591,0.3515981735159817,0.927710843373494,-0.018170019467878,0.2415548761525821,1993-10-26,,amc,,2025-04-25,1993-09-30,,2.0275,434625.0
1993-06-30,CTRA,USD,858470,1993-06-30,1993-06-30 00:00:00,1993,Q2,37400000.0,18800000.0,18600000.0,0.4973262032,0,0.0,0.0,4700000.0,10700000.0,15400000.0,34200000.0,0.0,500000.0,8400000.0,11600000.0,0.3101604278,3200000.0,0.0855614973,-1500000.0,1700000.0,0.0454545455,500000.0,1200000.0,0.0320855615,0.0011,0.0011,245925040,245925040,,,0.1520788611033671,0.0048795356503754,0.0707532669304435,0.0410694250573264,0.0044729076795107,0.6416589380243671,0.6416589380243671,0.6416589380243671,0.4371250686794642,496768580.8,602668580.8,103.49345433333336,13.28258237433155,28.54991843678161,49.185008,3.1480898656527248,3.1480898656527248,16.114133176470588,51.954188,34.63612533333333,59.67015651485148,0.0024156117081066,0.0203313985432308,0.6780735107731305,0.2851052491340261,9.129310344827584,1.1026490066225163,6.4,15.818181818181818,0.0016104078054044,0.6666666666666666,0.0,0.0,0.0,0.4195402298850574,0.195187165775401,0.8690476190476191,0.0,0.26541938027981,0.0065454173555832,0.0031974420463629,-0.7904847753608173,3100000.0,157800000.0,-184200000.0,344900000.0,28450000.0,17250000.0,3250000.0,64.49197860962566,102.4468085106383,18.19148936170213,1.3955223880597014,0.8785046728971962,4.947368421052632,0.0076045627376425,0.0296838418731171,1993-07-28,,amc,,2025-04-25,1993-06-30,,1.96968253968254,405047.49206349207
1993-03-31,CTRA,USD,858470,1993-03-31,1993-03-31 00:00:00,1993,Q1,43500000.0,21700000.0,21800000.0,0.5011494253,0,0.0,0.0,4200000.0,9900000.0,14100000.0,35800000.0,0.0,1300000.0,7700000.0,15400000.0,0.3540229885,7700000.0,0.1770114943,-2000000.0,5700000.0,0.1310344828,1800000.0,3900000.0,0.0896551724,0.0053,0.0053,245457272,245457272,,,0.17722025363339,0.0158887123947177,0.0676288783980293,0.0334070363170988,0.0028518201734108,0.4945870986458286,0.4945870986458286,0.4945870986458286,0.4729947459042892,481096253.12,595196253.12,30.8395034051282,11.059683979770115,28.98170199518072,58.67027477073171,3.9629015907743,3.9629015907743,13.68267248551724,38.64910734545455,35.855195971084335,72.58490891707316,0.0081064859156723,0.017044406284234,0.9456342668863262,0.3367556468172484,7.409090909090909,1.2035714285714283,5.923076923076923,4.256410256410256,0.0016628689057789,0.2051282051282051,0.0,0.0,0.0,0.5060240963855421,0.193103448275862,1.0909090909090908,0.0,0.42049128849684,0.0166880616174582,0.0114403050748019,-0.7939263661334914,5700000.0,121400000.0,-185800000.0,312700000.0,32300000.0,16450000.0,4250000.0,62.27586206896552,54.33179723502304,11.19815668202765,1.4451827242524915,1.6564885496183206,8.037037037037036,0.0321252059308072,0.0342218420809304,1993-04-27,0.01895,amc,,2025-04-25,1993-03-31,0.0554089709762532,1.5458064516129033,810329.0322580645
1992-12-31,CTRA,USD,858470,1992-12-31,1992-12-31 00:00:00,1992,Q4,48400000.0,22100000.0,26300000.0,0.5433884298,0,0.0,0.0,8300000.0,9800000.0,18100000.0,40200000.0,0.0,6800000.0,7800000.0,16000000.0,0.3305785124,8200000.0,0.1694214876,-4700000.0,3500000.0,0.0723140496,1800000.0,1700000.0,0.0351239669,0.0069,0.0069,245457272,245457272,,,0.1971829948472661,0.0069258489925692,0.0040740288191583,-0.037888468018173,0.0044814317010742,0.4819576093064376,0.4819576093064376,0.4819576093064376,0.523920106143769,365731335.28,486431335.28,53.78401989411765,7.556432547107438,365.73133528,-39.32595003010752,3.091558201859679,3.091558201859679,10.0502342,30.401958455,486.43133528,-52.30444465376344,0.004648220800382,-0.0254285020256194,1.029585798816568,0.349297390306854,7.54375,1.271341463414634,1.2058823529411764,0.5882352941176471,0.0021873980237092,0.4705882352941176,0.0,0.0,0.0,10.3,0.2128099173553719,1.3205128205128205,0.0,0.2740515033980143,0.0125365349161383,0.0048752509320332,-0.8169446289617364,8900000.0,118300000.0,-188700000.0,315600000.0,27300000.0,18700000.0,6050000.0,64.15289256198348,80.63348416289593,23.61990950226244,1.4028985507246376,1.116161616161616,3.810344827586207,0.0143702451394759,0.0419624968373314,1992-12-31,,amc,,2025-04-25,1992-12-31,,1.43328125,475762.5
1992-09-30,CTRA,USD,858470,1992-09-30,1992-09-30 00:00:00,1992,Q3,32100000.0,15600000.0,16500000.0,0.5140186916,0,0.0,0.0,5400000.0,9500000.0,14900000.0,30500000.0,0.0,900000.0,7700000.0,9300000.0,0.2897196262,1600000.0,0.0498442368,-1600000.0,1600000.0,0.0498442368,-200000.0,200000.0,0.0062305296,0.0003,0.0003,245457272,245457272,,,0.1307763250949843,0.0008148057638316,0.0032592230553267,-0.0419624968373314,0.0020370144095791,0.4782909833691951,0.4782909833691951,0.4782909833691951,0.4501801845170022,405004498.7999999,514104498.7999999,506.2556235,12.616962579439251,506.2556235,-39.32082512621359,3.4497827836456554,3.4497827836456554,16.015716473520246,55.2800536344086,642.6306235,-49.91305813592233,0.0004938216750495,-0.0254318162650493,0.9335604770017036,0.3299217338952438,11.731182795698924,0.8214285714285714,1.7777777777777777,8.0,0.0022221975377227,4.5,0.0,0.0,0.0,13.875,0.3457943925233644,1.4415584415584417,0.0,0.0936406462272323,0.0059760956175298,0.0006020469596628,-0.7988152007164815,-6000000.0,117400000.0,-187200000.0,298300000.0,18850000.0,19300000.0,4700000.0,56.35514018691588,101.53846153846152,36.34615384615385,1.5970149253731345,0.8863636363636364,2.4761904761904763,0.0017035775127768,0.0452217198926581,1993-02-02,0.00114,amc,,2025-04-25,1992-09-30,-0.2894736842105263,1.32358734375,654075.0
1992-06-30,CTRA,USD,858470,1992-06-30,1992-06-30 00:00:00,1992,Q2,29400000.0,13400000.0,16000000.0,0.5442176871,0,0.0,0.0,4900000.0,9300000.0,14200000.0,27600000.0,0.0,0.0,7700000.0,9500000.0,0.3231292517,1800000.0,0.0612244898,-1100000.0,700000.0,0.0238095238,3100000.0,-2400000.0,-0.0816326531,-0.0098,-0.0098,245457272,245457272,,,0.1197764472832566,-0.0097776691659801,0.0281107988521929,-0.0032592230553267,0.00488883458299,0.4807354006606901,0.4807354006606901,0.4807354006606901,0.3992548242775223,237789186.82272,334589186.82272,-24.7697069607,8.08806757900408,34.4622009888,-297.2364835284,2.0151626001925425,2.0151626001925425,11.380584585806805,35.21991440239158,48.491186496046375,-418.2364835284,-0.0100929736632191,-0.0033643245544063,0.8305084745762712,0.3023758099352052,10.189473684210526,0.688622754491018,0.0,-2.875,0.0033643245544063,-0.3333333333333333,0.0,0.0,0.0,1.115942028985507,0.2619047619047619,1.0,0.0,,-0.0212295444493586,-0.0074051218759642,-0.774676579962968,-10400000.0,118000000.0,-183100000.0,290400000.0,17750000.0,18200000.0,2500000.0,53.87755102040816,141.044776119403,20.82089552238806,1.6704545454545454,0.638095238095238,4.32258064516129,-0.0203389830508474,0.0313700219075196,1992-06-30,,amc,,2025-04-25,1992-06-30,,1.0616552380952382,492438.09523809527
1992-03-31,CTRA,USD,858470,1992-03-31,1992-03-31 00:00:00,1992,Q1,36700000.0,17200000.0,19500000.0,0.5313351499,0,0.0,0.0,4800000.0,10000000.0,14800000.0,32000000.0,0.0,0.0,8300000.0,13000000.0,0.3542234332,4700000.0,0.1280653951,-600000.0,4100000.0,0.1117166213,1300000.0,2800000.0,0.0762942779,0.0039,0.0039,245457272,245457272,,,0.1495168576631129,0.0114072806936434,0.0782213533278411,0.0460365256564898,0.0032592230553267,0.4941796957639128,0.4941796957639128,0.4941796957639128,0.3829587090008887,240344397.02424,333544397.02424,21.45932116287857,6.548893651886648,12.5179373450125,21.269415665861946,1.981404757001154,1.981404757001154,9.088403188671393,25.65726130955693,17.372104011679166,29.517203276481418,0.0116499491341069,0.0470158661483601,0.7749381698268755,0.2919254658385093,7.1692307692307695,0.6785714285714286,0.0,6.857142857142857,0.0033285568954591,0.2857142857142857,0.0,0.0,0.0,0.4114583333333333,0.215258855585831,0.9518072289156626,0.0,0.3561432946304924,0.0110225140712945,0.008695652173913,-0.7558341966743605,-9900000.0,121300000.0,-179800000.0,290900000.0,21800000.0,17800000.0,3200000.0,43.89645776566758,80.5813953488372,9.941860465116278,2.0502793296089385,1.1168831168831168,9.052631578947368,0.0230832646331409,0.0321848276713512,1992-03-31,,amc,,2025-04-25,1992-03-31,,0.9494485714285714,606590.4761904762
1991-12-31,CTRA,USD,858470,1991-12-31,1991-12-31 00:00:00,1991,Q4,42800000.0,26000000.0,16800000.0,0.3925233645,0,0.0,0.0,2300000.0,8200000.0,10500000.0,36500000.0,0.0,2900000.0,5800000.0,12100000.0,0.2827102804,6300000.0,0.1471962617,-2700000.0,3600000.0,0.0841121495,3900000.0,-300000.0,-0.0070093458,-0.0012,-0.0012,245457272,245457272,,,0.1743684334599791,-0.0012222086457475,0.0052962374649059,-0.0069258489925692,0.0089628634021484,0.4856242352436802,0.4856242352436802,0.4856242352436802,0.4395877095871904,250366417.44,353166417.44,-208.6386812,5.849682650467289,192.58955187692308,-147.2743632,2.100389408053692,2.100389408053692,8.251551809345795,29.18730722644628,271.66647495384615,-207.74495143529413,-0.0011982437703407,-0.0067900480319306,0.8808724832214765,0.3140891414896799,8.49586776859504,0.9164345403899722,2.1724137931034484,-4.333333333333333,0.0031953167209085,-2.6666666666666665,0.0,0.0,0.0,2.3076923076923075,0.0700934579439252,0.5172413793103449,0.0,,-0.001759383378016,-0.0008973975471133,-0.779667265266437,-3000000.0,119200000.0,-182200000.0,298100000.0,19600000.0,16450000.0,5050000.0,54.04205607476636,69.92307692307692,15.576923076923078,1.6653696498054475,1.2871287128712872,5.777777777777778,-0.0025167785234899,0.0122220864574751,1991-12-31,,amc,,2025-04-25,1991-12-31,,1.202135625,390225.0
1991-09-30,CTRA,USD,858470,1991-09-30,1991-09-30 00:00:00,1991,Q3,25000000.0,11200000.0,13800000.0,0.552,0,0.0,0.0,7600000.0,7000000.0,14600000.0,25800000.0,0.0,2100000.0,6500000.0,5700000.0,0.228,-800000.0,-0.032,-2100000.0,-2900000.0,-0.116,-1100000.0,-1800000.0,-0.072,-0.0073,-0.0073,245457272,245457272,,,0.1018507204789597,-0.0073332518744851,0.0309626190256037,-0.0305552161436879,0.0069258489925692,0.4901056669447544,0.4901056669447544,0.4901056669447544,0.4090324934435024,341185608.08,437785608.08,-47.38689001111111,13.6474243232,44.892843168421045,-45.49141441066666,2.83612309293433,2.83612309293433,17.5114243232,76.80449264561403,57.603369484210525,-58.37141441066667,-0.0052757207730108,-0.0219821698875452,0.8171238570241064,0.305849408836341,16.94736842105263,0.6089385474860335,-0.3809523809523809,-4.0,0.0026378603865054,-0.5,0.0,0.0,0.0,1.986842105263158,0.604,2.3230769230769237,0.0,,-0.0017247367979782,-0.0056004978220286,-0.759704524052561,-14000000.0,120300000.0,-179300000.0,285200000.0,14300000.0,9050000.0,4350000.0,48.6,102.05357142857144,45.0,1.851851851851852,0.8818897637795275,2.0,-0.0149625935162094,0.0615178351692917,1991-09-30,,amc,,2025-04-25,1991-09-30,,1.365,289950.0
1991-06-30,CTRA,USD,858470,1991-06-30,1991-06-30 00:00:00,1991,Q2,28200000.0,13900000.0,14300000.0,0.5070921986,0,0.0,0.0,8200000.0,7700000.0,15900000.0,29800000.0,0.0,8600000.0,-300000.0,4600000.0,0.1631205674,-1600000.0,-0.0567375887,-2100000.0,-3700000.0,-0.1312056738,-1800000.0,-1900000.0,-0.0673758865,-0.0077,-0.0077,245457272,245457272,,,0.1148876127002666,-0.0077406547564009,0.0114072806936434,0.0325922305532671,0.0008148057638316,0.5006981418745663,0.5006981418745663,0.5006981418745663,0.3955881983402797,301912444.56,390212444.56,-39.72532165263158,10.706115055319149,107.82587305714284,37.73905557,2.456569931326281,2.456569931326281,13.837320729078014,84.82879229565218,139.36158734285715,48.77655557,-0.0062932152491064,0.0264977484172903,0.7200976403580146,0.2825670498084291,19.195652173913043,0.5945121951219512,-0.1860465116279069,-1.5555555555555556,0.0027100243902439,-0.4306263623556631,0.0,0.0,0.0,1.8571428571428568,0.1843971631205673,-17.333333333333332,0.0,,-0.002904282861865,-0.006066411238825,-0.7220197574753459,-13300000.0,122900000.0,-170800000.0,279800000.0,17800000.0,5000000.0,2550000.0,48.19148936170213,34.96402877697842,20.071942446043167,1.867549668874172,2.574074074074074,4.483870967741935,-0.0154597233523189,0.0211849498596236,1991-06-30,,amc,,2025-04-25,1991-06-30,,1.349375,544312.5
1991-03-31,CTRA,USD,858470,1991-03-31,1991-03-31 00:00:00,1991,Q1,44400000.0,10500000.0,33900000.0,0.7635135135,0,0.0,0.0,7300000.0,17200000.0,24500000.0,35000000.0,0.0,0.0,15200000.0,24600000.0,0.5540540541,9400000.0,0.2117117117,-200000.0,9200000.0,0.2072072072,3900000.0,5300000.0,0.1193693694,0.0058,0.0058,245457272,245457272,,,0.1808868795706325,0.0215923527415394,0.1136654040545191,-0.0215923527415394,0.0089628634021484,0.511290616804378,0.511290616804378,0.511290616804378,0.3511812842114533,309276162.72,393276162.72,14.588498241509436,6.965679340540541,11.085167122580645,-58.353992966037744,2.464351894183267,2.464351894183267,8.857571232432432,15.98683588292683,14.095919810752688,-74.20304956981133,0.0171367878901106,-0.0171367878901106,0.6868525896414343,0.2725260828327537,3.414634146341464,0.7485207100591716,0.0,5.264150943396227,0.3071688395397199,17.92452830188679,0.0,0.0,0.0,1.189964157706093,0.7477477477477478,2.1842105263157894,0.0,0.4983966948207892,0.0189542085799942,0.0167562440720834,-0.7016496133795539,-8500000.0,125500000.0,-165500000.0,281900000.0,23750000.0,4650000.0,2800000.0,41.554054054054056,39.42857142857142,17.142857142857142,2.165853658536585,2.282608695652174,5.25,0.0422310756972111,0.1352577567960586,1991-03-31,,amc,,2025-04-25,1991-03-31,,1.2421311475409835,217337.7049180328
1990-12-31,CTRA,USD,858470,1990-12-31,1990-12-31 00:00:00,1990,Q4,48500000.0,16600000.0,31900000.0,0.6577319588,0,0.0,0.0,9500000.0,9400000.0,18900000.0,35500000.0,0.0,0.0,7600000.0,20600000.0,0.424742268,13000000.0,0.2680412371,-300000.0,12700000.0,0.2618556701,4300000.0,8400000.0,0.1731958763,0.0097,0.0097,245457272,245457272,,,0.1975903977291819,0.0342218420809304,0.0224071585053711,-0.0460365256564898,0.0061110432287375,0.4966241130554079,0.4966241130554079,0.4966241130554079,0.3727736369529927,324003599.04,414003599.04,9.642964257142856,6.680486578144331,58.90974528,-28.672884870796462,2.657945849384742,2.657945849384742,8.536156681237113,20.097262089320388,75.27338164363637,-36.63748664070797,0.0259256379400988,-0.034876155800371,0.7506152584085316,0.2884615384615384,4.368932038834951,1.0319488817891374,0.0,0.6547619047619048,0.0024691083752475,0.0952380952380952,0.0,0.0,0.0,3.0545454545454547,0.3463917525773196,2.210526315789474,0.0,0.6183820173142954,0.0300749394783154,0.0264817150063051,-0.6997144496904537,1000000.0,121900000.0,-163000000.0,285100000.0,23200000.0,5350000.0,3600000.0,50.103092783505154,25.481927710843376,19.518072289156628,1.7962962962962965,3.5319148936170213,4.611111111111111,0.0689089417555373,0.0684436841618609,1990-12-31,,amc,,2025-04-25,1990-12-31,,1.41265625,91987.5
1990-09-30,CTRA,USD,858470,1990-09-30,1990-09-30 00:00:00,1990,Q3,21700000.0,18000000.0,3700000.0,0.1705069124,0,0.0,0.0,600000.0,5200000.0,5800000.0,23800000.0,0.0,0.0,4200000.0,2100000.0,0.0967741935,-2100000.0,-0.0967741935,1200000.0,-900000.0,-0.0414746544,-400000.0,-500000.0,-0.0230414747,-0.002,-0.002,245457272,245457272,,,0.088406425375737,-0.0020370144095791,0.0256663815606978,-0.0488883458299006,0.0081480576383167,0.4681059113212991,0.4681059113212991,0.4681059113212991,0.3259223055326712,370640480.72,448640480.72,-185.32024036,17.08020648479263,58.83182233650793,-30.88670672666667,3.225765715578764,3.225765715578764,20.674676530875576,213.63832415238096,71.21277471746032,-37.38670672666667,-0.0013490161652842,-0.0323763879668216,0.6962576153176675,0.264812975835816,37.142857142857146,0.75,0.0,-12.6,0.3755661004151311,-278.4,0.0,0.0,0.0,2.9047619047619047,0.8433179723502304,4.357142857142857,0.0,,-0.0043451272501551,-0.0016550810989738,-0.6878997661148943,-8400000.0,114900000.0,-162000000.0,267700000.0,16750000.0,7000000.0,3050000.0,80.46082949308756,30.0,18.0,1.118556701030928,3.0,5.0,-0.0043516100957354,0.0745547273905985,1990-09-30,,amc,,2025-04-25,1990-09-30,,1.433174603174603,114495.23809523808
1990-06-30,CTRA,USD,858470,1990-06-30,1990-06-30 00:00:00,1990,Q2,28300000.0,12800000.0,15500000.0,0.5477031802,0,0.0,0.0,6500000.0,7400000.0,13900000.0,26700000.0,0.0,0.0,6500000.0,8100000.0,0.2862190813,1600000.0,0.0565371025,900000.0,2500000.0,0.0883392226,900000.0,1600000.0,0.0565371025,0.0006,0.0006,245457272,245457272,,,0.1152950155821824,0.0065184461106534,0.0704806985714401,0.0350366478447621,0.0578512092320491,0.4852168323617644,0.4852168323617644,0.4852168323617644,0.3259223055326712,333821889.92,399621889.92,52.1596703,11.79582649893993,19.29606300115607,38.816498827906976,2.8028706122586065,2.8028706122586065,14.120914838162545,49.3360357925926,23.09953120924856,46.46766161860465,0.0047929750813628,0.0257622410623251,0.6717044500419815,0.2687269062814914,8.123456790123457,1.2099236641221374,0.0,10.8125,0.0024509779411764,0.51136880529735,0.0,0.0,0.0,0.5028901734104047,0.3074204946996466,1.3384615384615384,0.0,0.2667664613645663,0.0037716390423572,0.0053745381256298,-0.6215949470830915,5500000.0,119100000.0,-146900000.0,212800000.0,17850000.0,7600000.0,2450000.0,44.840989399293285,56.25,17.578125,2.00709219858156,1.6,5.12,0.0134340890008396,0.035444050726678,1990-06-30,,amc,,2025-04-25,1990-06-30,,1.2995238095238095,171904.7619047619
1990-03-31,CTRA,USD,858470,1990-03-31,1990-03-31 00:00:00,1990,Q1,41800000.0,17200000.0,24600000.0,0.5885167464,0,0.0,0.0,7100000.0,7700000.0,14800000.0,32000000.0,0.0,0.0,6200000.0,16000000.0,0.3827751196,9800000.0,0.2344497608,2300000.0,12100000.0,0.2894736842,4300000.0,7800000.0,0.1866028708,0.0097,0.0097,245457272,245457272,,,0.1702944046408207,0.0317774247894354,,,0.0472587343022373,0.4819576093064376,0.4819576093064376,0.4819576093064376,0.35444050726678,321549026.32,396949026.32,10.306058535897437,7.692560438277512,0.0,0.0,2.7180813721048183,2.7180813721048183,9.496388189473684,24.809314145,0.0,0.0,0.0242575761751415,,0.73541842772612,0.2878888153540701,4.7125,1.4094488188976375,0.0,0.0,,,0.0,0.0,0.0,0.0,,0.0,,0.5870228810124929,0.0228228156499307,0.0258107213765718,-0.6310670640876348,10400000.0,118300000.0,-148100000.0,219200000.0,,,,46.50717703349282,37.67441860465116,12.55813953488372,1.935185185185185,2.388888888888889,7.166666666666667,0.0659340659340659,,1990-03-31,,amc,,2025-04-25,1990-03-31,,1.3433333333333333,830833.3333333334
1989-12-31,CTRA,USD,858470,1989-12-31,1989-12-31 00:00:00,1989,Q4,36200000.0,0.0,36200000.0,1.0,0,0.0,0.0,0.0,0.0,0.0,0.0,0.0,0.0,0.0,36200000.0,1.0,36200000.0,1.0,-36200000.0,0.0,0.0,0.0,0.0,0.0,0.0083,0.0083,245457272,245457272,,,0.1474798432535337,0.0,,,,,,,,353458471.68,,0.0,9.764046179005526,0.0,0.0,0.0,0.0,,,0.0,0.0,0.0,,0.0,0.0,,0.0,0.0,0.0,,0.0,0.0,0.0,0.0,0.0,,0.0,,,0.0,0.0,,,,,,,,,,0.0,0.0,0.0,0.0,0.0,0.0,,1989-12-31,,amc,,2025-04-25,1989-12-31,,,
1989-09-30,CTRA,USD,858470,1989-09-30,1989-09-30 00:00:00,1989,Q3,37400000.0,0.0,37400000.0,1.0,0,0.0,0.0,0.0,-135300000.0,-135300000.0,-135300000.0,0.0,0.0,0.0,-97900000.0,-2.6176470588,-97900000.0,-2.6176470588,97900000.0,0.0,0.0,0.0,0.0,0.0,0.0267,0.0267,245580000,245580000,,,0.1522925319651437,0.0,,,0.0024431956999755,0.7533186741591335,0.7533186741591335,0.7533186741591335,0.0,353635200.0,353035200.0,0.0,9.455486631016043,0.0,0.0,1.9115416216216217,1.9115416216216217,9.43944385026738,-3.606079673135853,0.0,0.0,0.0,,0.0,0.0,0.0061287027579162,0.6571428571428571,0.0,0.0,,0.0,0.0,0.0,0.0,0.0,,0.0,,0.0,,0.0,-0.3562993729131036,-13200000.0,185000000.0,-79200000.0,250700000.0,,,,38.98395721925134,0.0,0.0,2.308641975308642,0.0,0.0,0.0,,1989-09-30,,amc,,2025-04-25,1989-09-30,,,
1989-06-30,CTRA,USD,858470,1989-06-30,1989-06-30 00:00:00,1989,Q2,37400000.0,0.0,37400000.0,1.0,0,0.0,0.0,0.0,0.0,0.0,0.0,0.0,0.0,0.0,37400000.0,1.0,37400000.0,1.0,-37400000.0,0.0,0.0,0.0,0.0,0.0,0.0086,0.0086,245580000,245580000,,,0.1522925319651437,0.0,,,,,,,,353635200.0,,0.0,9.455486631016043,0.0,0.0,0.0,0.0,,,0.0,0.0,0.0,,0.0,0.0,,0.0,0.0,0.0,,0.0,0.0,0.0,0.0,0.0,,0.0,,,0.0,0.0,,,,,,,,,,0.0,0.0,0.0,0.0,0.0,0.0,,1989-06-30,,amc,,2025-04-25,1989-06-30,,,
1989-03-31,CTRA,USD,858470,1989-03-31,1989-03-31 00:00:00,1989,Q1,37300000.0,0.0,37300000.0,1.0,0,0.0,0.0,0.0,0.0,0.0,0.0,0.0,0.0,0.0,37300000.0,1.0,37300000.0,1.0,-37300000.0,0.0,0.0,0.0,0.0,0.0,0.0086,0.0086,245580000,245580000,,,0.1518853326818144,0.0,,,,,,,,353635200.0,,0.0,9.480836461126003,0.0,0.0,0.0,0.0,,,0.0,0.0,0.0,,0.0,0.0,,0.0,0.0,0.0,,0.0,0.0,0.0,0.0,0.0,,0.0,,,0.0,0.0,,,,,,,,,,0.0,0.0,0.0,0.0,0.0,0.0,,1989-03-31,,amc,,2025-04-25,1989-03-31,,,
1988-12-31,CTRA,USD,858470,1988-12-31,1988-12-31 00:00:00,1988,Q4,37300000.0,0.0,37300000.0,1.0,0,0.0,0.0,0.0,0.0,0.0,0.0,0.0,0.0,0.0,37300000.0,1.0,37300000.0,1.0,-37300000.0,0.0,0.0,0.0,0.0,0.0,0.0086,0.0086,245580000,245580000,,,0.1518853326818144,0.0,,,,,,,,353635200.0,,0.0,9.480836461126003,0.0,0.0,0.0,0.0,,,0.0,0.0,0.0,,0.0,0.0,,0.0,0.0,0.0,,0.0,0.0,0.0,0.0,0.0,,0.0,,,0.0,0.0,,,,,,,,,,0.0,0.0,0.0,0.0,0.0,0.0,,1988-12-31,,amc,,2025-04-25,1988-12-31,,,
