date,symbol,reportedCurrency,cik,fillingDate,acceptedDate,calendarYear,period,revenue,costOfRevenue,grossProfit,grossProfitRatio,researchAndDevelopmentExpenses,generalAndAdministrativeExpenses,sellingAndMarketingExpenses,sellingGeneralAndAdministrativeExpenses,otherExpenses,operatingExpenses,costAndExpenses,interestIncome,interestExpense,depreciationAndAmortization,ebitda,ebitdaratio,operatingIncome,operatingIncomeRatio,totalOtherIncomeExpensesNet,incomeBeforeTax,incomeBeforeTaxRatio,incomeTaxExpense,netIncome,netIncomeRatio,eps,epsdiluted,weightedAverageShsOut,weightedAverageShsOutDil,link,finalLink,revenuePerShare,netIncomePerShare,operatingCashFlowPerShare,freeCashFlowPerShare,cashPerShare,bookValuePerShare,tangibleBookValuePerShare,shareholdersEquityPerShare,interestDebtPerShare,marketCap,enterpriseValue,peRatio,priceToSalesRatio,pocfratio,pfcfRatio,pbRatio,ptbRatio,evToSales,enterpriseValueOverEBITDA,evToOperatingCashFlow,evToFreeCashFlow,earningsYield,freeCashFlowYield,debtToEquity,debtToAssets,netDebtToEBITDA,currentRatio,interestCoverage,incomeQuality,dividendYield,payoutRatio,salesGeneralAndAdministrativeToRevenue,researchAndDdevelopementToRevenue,intangiblesToTotalAssets,capexToOperatingCashFlow,capexToRevenue,capexToDepreciation,stockBasedCompensationToRevenue,grahamNumber,roic,returnOnTangibleAssets,grahamNetNet,workingCapital,tangibleAssetValue,netCurrentAssetValue,investedCapital,averageReceivables,averagePayables,averageInventory,daysSalesOutstanding,daysPayablesOutstanding,daysOfInventoryOnHand,receivablesTurnover,payablesTurnover,inventoryTurnover,roe,capexPerShare,report_date,epsEstimated,time,revenueEstimated,updatedFromDate,fiscalDateEnding,surprise(%),QuarterAvgPrice,QuarterAvgVolume
2025-03-31,CVX,USD,93410,2025-05-02,2025-05-02 06:26:38,2025,Q1,47610000000.0,0.0,47610000000.0,1.0,0,0.0,0.0,0.0,7640000000.0,7640000000.0,42027000000.0,0.0,212000000.0,4123000000.0,9918000000.0,0.2083175803,39970000000.0,0.8395295106,-34387000000.0,5583000000.0,0.1172652804,2071000000.0,3512000000.0,0.0737660155,2.01,2.01,1744628000,1751441000,https://www.sec.gov/Archives/edgar/data/93410/000009341025000016/0000093410-25-000016-index.htm,https://www.sec.gov/Archives/edgar/data/93410/000009341025000016/a03312025ex9918-k.htm,27.28948520830802,2.01303659003524,0.0029805780945852,0.0029805780945852,17.00992991055973,85.54488406697588,85.54488406697588,85.54488406697588,17.13431172719915,291858818120.0,316901818120.0,20.775827030182228,6.130199918504516,56126.69579230769,56126.69579230769,1.955581585323363,1.955581585323363,6.656202859063222,31.952189768098407,60942.65733076923,60942.65733076923,0.0120332153149335,1.7816833609810548e-05,0.1988756666934684,0.1157618848894487,2.5250050413389795,0.0,188.53773584905665,1.4857142857142858,1.0278942467198394e-05,0.0008542141230068,0.0,0.0,0.0,0.0,0.0,0.0,4.200798151648813e-06,62.24638213290604,0.8472579746388466,0.0136975081611719,-44.408894045034245,29676000000.0,149244000000.0,-77477000000.0,29676000000.0,10342000000.0,11039500000.0,4537000000.0,0.0,0.0,0.0,0.0,0.0,0.0,0.0235319342821151,0.0,2025-05-02,2.16,bmo,48249315794.0,2025-05-11,2025-03-31,0.0092592592592592,156.55308333333332,8027321.883333334
2024-12-31,CVX,USD,93410,2025-02-21,2025-02-21 11:20:51,2024,Q4,48334000000.0,35121000000.0,13213000000.0,0.2733686432,0,0.0,0.0,1585000000.0,9212000000.0,10797000000.0,45918000000.0,0.0,199000000.0,5177000000.0,11435000000.0,0.2365829437,2416000000.0,0.0499855174,3643000000.0,6059000000.0,0.1253568916,2800000000.0,3239000000.0,0.0670128688,1.8296230603679584,1.8223596040432863,1770310000,1777366000,https://www.sec.gov/Archives/edgar/data/93410/000009341025000009/0000093410-25-000009-index.htm,https://www.sec.gov/Archives/edgar/data/93410/000009341025000009/cvx-20241231.htm,27.30256282797928,1.8296230603679584,4.91156916020358,2.461150871881196,3.832662076133559,86.51422632194361,83.92823855708887,86.04029802689924,13.974953539210649,256411700400.0,274171700400.0,19.79096174745292,5.304996491082882,29.48955726279471,58.8505165021804,1.683397237358684,1.683397237358684,5.672439698762775,23.97653698294709,31.532110454284076,62.92671572182695,0.0126320288619715,0.0169922043073819,0.1611168739085334,0.0955133144961041,1.5531263664188897,1.0610249494268376,12.14070351758794,2.684470515591232,0.0112592365929335,0.8913244828650818,0.0,0.0,0.0178175279639446,0.4989074180563542,0.0897504862001903,0.8379370291674715,0.0,59.51453226982716,0.0058330062513561,0.0128348391187192,-43.46470392191198,2353000000.0,148579000000.0,-62870000000.0,154730000000.0,20137500000.0,21058000000.0,9399500000.0,38.51450324823106,56.578969847100026,23.252754762108143,2.336782053761361,1.5906970424385165,3.870509147013445,0.021264722488478,2.450418288322384,2025-01-31,2.42,bmo,46599277088.0,2025-05-01,2024-12-31,-0.1487603305785123,153.06578125,7724008.828125
2024-09-30,CVX,USD,93410,2024-11-07,2024-11-07 11:26:20,2024,Q3,48926000000.0,34664000000.0,14262000000.0,0.2915014512,0,0.0,0.0,1191000000.0,8112000000.0,9303000000.0,43967000000.0,0.0,164000000.0,4230000000.0,10883000000.0,0.2224379675,4959000000.0,0.1013571516,1530000000.0,6489000000.0,0.1326288681,1993000000.0,4487000000.0,0.0917099293,2.49,2.48,1800336000,1807030000,https://www.sec.gov/Archives/edgar/data/93410/000009341024000059/0000093410-24-000059-index.htm,https://www.sec.gov/Archives/edgar/data/93410/000009341024000059/cvx-20240930.htm,27.17603825063766,2.492312546102505,5.373441402049395,3.121084064307996,2.612290150283058,87.2226073355196,84.59976359968361,86.7626931861608,14.444525910718887,265135482720.00003,286277482720.0,14.772424934254513,5.419112184114786,27.407017027082905,47.18552815803524,1.6973885271635447,1.6973885271635447,5.851234164248048,26.305015411191768,29.59246255116808,50.94811936643531,0.0169234232776703,0.021192938577497,0.1654332210855174,0.0996829095173435,1.942662868694294,1.069124811019654,30.23780487804878,2.15600624024961,0.0110622688819716,0.6536661466458659,0.0,0.0,0.0182153437847179,0.4191647715526153,0.0828802681600784,0.9622686283815852,-2.043903037239913e-06,69.75237879193796,0.0150264446564164,0.0176299556009587,-43.293724060397615,2469000000.0,152308000000.0,-64015000000.0,155082000000.0,20171500000.0,20522000000.0,10101000000.0,36.03789396231043,52.02313639510732,25.24953842603277,2.497371241896789,1.7299995009232918,3.564421593830334,0.02872562451185,2.2523573377413992,2024-11-01,2.42,bmo,48862710294.0,2025-04-24,2024-09-30,0.037190082644628,148.84484375,7330482.46875
2024-06-30,CVX,USD,93410,2024-08-07,2024-08-07 11:11:12,2024,Q2,49574000000.0,34871000000.0,14703000000.0,0.2965869206,0,0.0,0.0,1048000000.0,8065000000.0,9113000000.0,43984000000.0,0.0,113000000.0,4185000000.0,11334000000.0,0.2286279098,5590000000.0,0.1127607213,1446000000.0,7036000000.0,0.1419292371,2593000000.0,4434000000.0,0.0894420462,2.43,2.43,1825842000,1833431000,https://www.sec.gov/Archives/edgar/data/93410/000009341024000040/0000093410-24-000040-index.htm,https://www.sec.gov/Archives/edgar/data/93410/000009341024000040/cvx-20240630.htm,27.151308820807056,2.428468618861873,3.4477243923625376,1.312818962429389,2.195151606765536,87.77484579717193,85.18864173351254,87.21072250501412,12.759592560583007,285780789840.0,304956789840.0,16.1130350608931,5.764731307540242,45.398060339952345,119.2243595494368,1.7947334399276536,1.7947334399276536,6.151546977044418,26.906369317099,48.44428750436855,127.2243595494368,0.0155153885692682,0.0083875476771619,0.1455979602218133,0.088948911158515,1.6919004764425625,1.1569929761659858,49.469026548672566,1.4197113216057735,0.0104205744608211,0.6716283265674334,0.0,0.0,0.0181166648762296,0.6192216044479746,0.0786299269778512,0.9314217443249702,2.01718642836971e-06,69.03072731554549,0.0154581483428753,0.0173255913911269,-41.38939733010852,5342000000.0,155541000000.0,-61012000000.0,163067000000.0,20583000000.0,21132000000.0,10209500000.0,37.6745874853754,54.21783143586361,27.040520776576525,2.388878180416345,1.6599704860284668,3.3283382647704496,0.027845986698737,2.1349054299331485,2024-08-02,2.93,bmo,50660336301.0,2025-04-24,2024-06-30,-0.1296928327645052,159.45841269841267,7410127.952380952
2024-03-31,CVX,USD,93410,2024-05-02,2024-05-02 11:14:45,2024,Q1,46580000000.0,31832000000.0,14748000000.0,0.3166165736,0,0.0,0.0,1010000000.0,7786000000.0,8796000000.0,40628000000.0,0.0,118000000.0,4119000000.0,12159000000.0,0.2610347789,5952000000.0,0.1277801632,1970000000.0,7922000000.0,0.1700729927,2371000000.0,5501000000.0,0.1180978961,2.99,2.97,1842377000,1849116000,https://www.sec.gov/Archives/edgar/data/93410/000009341024000021/0000093410-24-000021-index.htm,https://www.sec.gov/Archives/edgar/data/93410/000009341024000021/cvx-20240331.htm,25.28255617607037,2.985816692240513,3.706081871408512,1.5935934936226408,3.407554479892009,87.74317091453052,85.18017756409247,87.18356774970594,11.91558513811234,293085333160.0,308642333160.0,13.319638845664423,6.292085297552598,42.92403824838899,99.8247047547684,1.8246557706459148,1.8246557706459148,6.626069840274796,25.3838583074266,45.20245066783831,105.12341047683924,0.0187692776731236,0.0100175603069062,0.1359377431906615,0.0834508562933067,1.279463771691751,1.2297510625379475,50.440677966101696,1.2412288674786405,0.010246162670858,0.5459007453190329,0.0,0.0,0.0180469403900615,0.5700058582308143,0.0835551738943752,0.9448895362952172,0.0,76.53148644325064,0.0182128162099631,0.0214105842470098,-39.85910592674572,7568000000.0,156934000000.0,-59487000000.0,165931000000.0,20167500000.0,20840000000.0,9277000000.0,39.44310863031344,60.10084192008042,28.109449610454888,2.2817674145194475,1.4974831820106318,3.2017702675518005,0.0342474708171206,2.1124883777858714,2024-04-26,2.87,bmo,48418607624.0,2025-04-24,2024-03-31,0.0209059233449477,150.90098360655736,8786969.885245902
2023-12-31,CVX,USD,93410,2024-02-26,2024-02-26 16:07:14,2023,Q4,48933000000.0,34731000000.0,14202000000.0,0.2902335847,0,0.0,0.0,969000000.0,7826000000.0,8795000000.0,43526000000.0,0.0,120000000.0,3602000000.0,7212000000.0,0.1473852002,5407000000.0,0.1104980279,-1917000000.0,3490000000.0,0.0713220117,1247000000.0,2259000000.0,0.0461651646,1.23,1.22,1861474000,1868101000,https://www.sec.gov/Archives/edgar/data/93410/000009341024000013/0000093410-24-000013-index.htm,https://www.sec.gov/Archives/edgar/data/93410/000009341024000013/cvx-20231231.htm,26.287232590946743,1.2135544197770154,6.679652791282607,4.336885715298736,4.417467018072775,86.98966517931488,84.45296576798816,86.46749833733912,11.257745206218296,277657461840.0,290315461840.0,30.72791742363878,5.674237464287904,22.330501997748108,34.39334347082869,1.7250412336214018,1.7250412336214018,5.932917700529295,40.254501087077095,23.348517117580823,35.961285995292954,0.0081359239727608,0.0290753936397072,0.1294507228638704,0.0796385763209393,1.755130338325014,1.2749705499411,45.05833333333333,5.543468568880963,0.0101167819563901,1.243470562195662,0.0,0.0,0.0180482509784735,0.3507318642432041,0.0891218605031369,0.6973137192196994,0.0017370690536039,48.59004869747139,0.015115258463246,0.0087929625160562,-38.80432925735197,8870000000.0,157207000000.0,-58575000000.0,167211000000.0,20957000000.0,21036000000.0,9020000000.0,36.639691006069526,52.92303705623218,22.316662347758488,2.4563525927413283,1.7005826763942613,4.032861124013005,0.0140348043266213,2.342767075983871,2024-02-02,3.29,bmo,47170300000.0,2025-04-24,2023-12-31,0.0486322188449848,151.24269841269842,10752727.968253968
2023-09-30,CVX,USD,93410,2023-11-02,2023-11-02 11:16:26,2023,Q3,51922000000.0,36353000000.0,15569000000.0,0.2998536266,0,0.0,0.0,1163000000.0,14406000000.0,15569000000.0,51922000000.0,0.0,114000000.0,4197000000.0,13049000000.0,0.2513192866,0.0,0.0,8738000000.0,8738000000.0,0.1682908979,2183000000.0,6526000000.0,0.1256885328,3.48,3.48,1870963000,1877104000,https://www.sec.gov/Archives/edgar/data/93410/000009341023000088/0000093410-23-000088-index.htm,https://www.sec.gov/Archives/edgar/data/93410/000009341023000088/cvx-20230930.htm,27.751484128761497,3.4880433231442844,5.170064827578098,2.6724205663072973,3.1737666645465463,88.85691486149112,86.3330808786705,88.3315169781551,11.049390073454152,315481781060.0,330243781060.0,12.085572366687098,6.076071435229768,32.614678079189495,63.096356212,1.9089449130789944,1.9089449130789944,6.360382517237395,25.307976171354127,34.14078166649436,66.048756212,0.020685822103809,0.0158487757460994,0.1244002057301909,0.0778965395734426,1.1312744271591693,1.2546072212368096,0.0,1.475667429443173,0.0090401416855751,0.4370211461844928,0.0,0.0,0.0178913108548954,0.4830972810916985,0.0900003851931743,1.1609937888198758,0.0,83.26069634241806,0.0,0.025176983468683,-37.69836709758557,8469000000.0,161526000000.0,-55947000000.0,167163000000.0,20639000000.0,20152500000.0,9313000000.0,38.121990678325176,53.596952108491735,23.34112727972932,2.3608420861183106,1.679199963046792,3.855854900296987,0.0394880948779233,2.4976442612708003,2023-10-27,3.75,bmo,47789500000.0,2025-04-24,2023-09-30,-0.1866666666666667,161.52031746031747,7235889.476190476
2023-06-30,CVX,USD,93410,2023-08-03,2023-08-03 10:51:13,2023,Q2,47216000000.0,32505000000.0,14711000000.0,0.3115681125,0,0.0,0.0,1128000000.0,7267000000.0,8395000000.0,40900000000.0,0.0,120000000.0,3559000000.0,11516000000.0,0.2439003728,6316000000.0,0.1337682142,1521000000.0,7837000000.0,0.1659818706,1829000000.0,6010000000.0,0.1272873602,3.22,3.2,1867165000,1875508000,https://www.sec.gov/Archives/edgar/data/93410/000009341023000079/0000093410-23-000079-index.htm,https://www.sec.gov/Archives/edgar/data/93410/000009341023000079/cvx-20230630.htm,25.28753484560818,3.2187835568897234,3.3724925220856217,1.3603511205490677,5.14684026317974,85.31543811071866,82.78647039763491,84.79432722871304,11.586549662188398,293798412750.0,306020412750.0,12.221231811564058,6.222433343569977,46.656886255359694,115.66866643700789,1.8556665892941733,1.8556665892941733,6.481286274779736,26.573498849426883,48.59781050500239,120.48047746062991,0.0204562030943102,0.0086453836704738,0.135885046581399,0.0854479523709284,1.0613060090309134,1.433644922437766,52.63333333333333,1.0481025299600533,0.0095916107021241,0.4688851913477537,0.0,0.0,0.0187545426743294,0.5966333174527553,0.0795704845814977,1.0670264129508662,0.0,78.36471265518321,0.0216933219942321,0.0243263700279692,-34.17386786920277,12943000000.0,154576000000.0,-49691000000.0,160433000000.0,19153000000.0,18299000000.0,9215000000.0,36.759784818705526,51.65482233502538,25.467466543608676,2.4483277158413275,1.7423349056603774,3.533920417482061,0.0379598926259276,2.012141401536554,2023-07-28,2.97,bmo,43480800000.0,2025-04-24,2023-06-30,0.0370370370370369,160.32161290322583,7688344.580645162
2023-03-31,CVX,USD,93410,2023-05-04,2023-05-04 11:29:30,2023,Q1,48842000000.0,32933000000.0,15909000000.0,0.3257237623,0,0.0,0.0,881000000.0,7307000000.0,8188000000.0,41121000000.0,0.0,115000000.0,3631000000.0,13265000000.0,0.271590025,7721000000.0,0.1580811597,1798000000.0,9519000000.0,0.194893739,2914000000.0,6574000000.0,0.1345972728,3.48,3.46,1891695000,1900785000,https://www.sec.gov/Archives/edgar/data/93410/000009341023000066/0000093410-23-000066-index.htm,https://www.sec.gov/Archives/edgar/data/93410/000009341023000066/cvx-20230331.htm,25.8191727524786,3.475190239441348,3.808753525277595,2.202786389983586,8.351240554106239,84.80965483336372,82.31348076724842,84.28895778653535,12.32809728841066,308648956200.0,316186956200.0,11.737486925768176,6.319334920764915,42.83816185981957,74.06982390208783,1.9357221192983336,1.9357221192983336,6.473669305106261,23.83618214851112,43.88437976405274,75.87879918406527,0.0212992782510501,0.0135007746382911,0.1455386988943173,0.0906888223662099,0.5682623445156426,1.43325922632281,67.13913043478261,1.0908402725208175,0.0092564706363325,0.4345908122908427,0.0,0.0,0.0184535300876171,0.4216516308119361,0.0622005650874247,0.8615995462280204,0.0,81.18314896781325,0.0238020455570375,0.0261741332356547,-32.12581837981281,14616000000.0,155712000000.0,-47101000000.0,162289000000.0,19738500000.0,18448500000.0,8739500000.0,35.04954752057655,49.03227765463213,25.22940515592263,2.5677934914042373,1.8355255824322816,3.5672660311958406,0.0412294840356477,1.6059671352940088,2023-04-28,3.41,bmo,47886700000.0,2025-04-24,2023-03-31,0.0410557184750732,167.65435483870968,8916314.483870968
2022-12-31,CVX,USD,93410,2023-02-23,2023-02-23 11:51:02,2022,Q4,54523000000.0,39438000000.0,15085000000.0,0.2766722301,0,0.0,0.0,1454000000.0,5614000000.0,7068000000.0,46506000000.0,0.0,123000000.0,3485000000.0,13416000000.0,0.2460612952,8017000000.0,0.1470388643,1791000000.0,9808000000.0,0.179887387,3430000000.0,6353000000.0,0.1165196339,3.34,3.33,1910602000,1919731000,https://www.sec.gov/Archives/edgar/data/93410/000009341023000009/0000093410-23-000009-index.htm,https://www.sec.gov/Archives/edgar/data/93410/000009341023000009/cvx-20221231.htm,28.537078889271548,3.3251299852088505,6.541393759663185,4.534172998876794,9.369298263060545,83.8699006909864,81.39842834876129,83.36744125673479,12.279899215011811,342933952980.0,348594952980.0,13.49496115929482,6.289711735964639,27.43910649543927,39.58605021124322,2.152998788186989,2.152998788186989,6.393539478385269,25.983523627012524,27.892058967834853,40.23951898649429,0.0185254330893579,0.0252614240285074,0.1465262867116183,0.0905633873865484,0.42195885509839,1.4716732927970066,65.17886178861788,1.9595484477892755,0.0079111443367586,0.4270423422005351,0.0,0.0,0.0183229922121462,0.3068490958553369,0.0703372888505768,0.8049958018471872,0.0196797681712304,78.97575907226465,0.0231226075138026,0.0251119622747413,-31.45631586274902,16135000000.0,155520000000.0,-47124000000.0,164448000000.0,21461000000.0,20327000000.0,8624500000.0,33.76630046035618,43.25650387950707,18.820173436786856,2.6653793508017207,2.0806119757319967,4.782102582757366,0.0398852349920267,2.007220760786391,2023-01-27,4.38,bmo,52675239250.0,2025-04-24,2022-12-31,-0.0662100456621004,174.50539682539682,7920465.80952381
2022-09-30,CVX,USD,93410,2022-11-03,2022-11-03 11:42:38,2022,Q3,63508000000.0,42952000000.0,20556000000.0,0.3236757574,0,0.0,0.0,1028000000.0,7519000000.0,8547000000.0,51499000000.0,0.0,128000000.0,4222000000.0,19159000000.0,0.3016785287,12009000000.0,0.1890942873,2800000000.0,14809000000.0,0.233183221,3571000000.0,11231000000.0,0.1768438622,5.81,5.78,1932238000,1940002000,https://www.sec.gov/Archives/edgar/data/93410/000009341022000075/0000093410-22-000075-index.htm,https://www.sec.gov/Archives/edgar/data/93410/000009341022000075/cvx-20220930.htm,32.86758670515744,5.812430973824135,7.901200576740546,6.351184481414816,7.986076249406129,82.61249390603021,80.19923011554478,82.12238864984542,12.30127965602581,277604633460.0,286081633460.0,6.179428222331048,4.371175811866221,18.183312599724896,22.62097730280313,1.7494620207965714,1.7494620207965714,4.504655058575298,14.931971055900622,18.73856248509858,23.31173675521512,0.0404568175250514,0.0442067549343273,0.148985379379884,0.0910196931487862,0.4424552429667519,1.3963885801046552,93.8203125,1.3585157501334757,0.0098809589948549,0.2442347075060101,0.0,0.0,0.0179529135464993,0.1961747560096941,0.0471594129873401,0.7129254939300167,0.0,103.6336870773093,0.040489903319029,0.0440307050558273,-32.77365417717693,14620000000.0,154964000000.0,-48605000000.0,163427000000.0,24663000000.0,23302500000.0,8358500000.0,31.83756377149336,45.4672657850624,18.862451108213826,2.8268494614083504,1.979446057422001,4.771384136858476,0.0707776657423746,1.5500160953257311,2022-10-28,4.81,bmo,60263093143.0,2025-04-24,2022-09-30,0.1559251559251559,152.50890625,9124707.359375
2022-06-30,CVX,USD,93410,2022-08-04,2022-08-04 11:33:10,2022,Q2,65372000000.0,44384000000.0,20988000000.0,0.3210548859,0,0.0,0.0,863000000.0,7396000000.0,8259000000.0,52643000000.0,0.0,129000000.0,3799000000.0,19931000000.0,0.3048858839,12729000000.0,0.1947163923,3274000000.0,16003000000.0,0.2447989965,4288000000.0,11622000000.0,0.1777825369,5.98,5.95,1947703000,1957109000,https://www.sec.gov/Archives/edgar/data/93410/000009341022000066/0000093410-22-000066-index.htm,https://www.sec.gov/Archives/edgar/data/93410/000009341022000066/cvx-20220630.htm,33.5636388094078,5.967028853988519,7.076027505220252,5.441281345256438,6.351070979507656,79.35604144985145,76.96193926897479,78.8385087459433,13.535944648645096,281988440340.0,296194440340.0,6.065832910428497,4.3135966520834605,20.46063273400087,26.6077033723344,1.836412208994881,1.836412208994881,4.530906815456159,14.860992440921178,21.49139749963721,27.948144965087756,0.0412144554081262,0.0375831008789642,0.1708519478489651,0.1017112772160536,0.7127590186142191,1.3084532603972292,98.67441860465117,1.1764404609475032,0.0098089127223263,0.2379969024264326,0.0,0.0,0.018078127907698,0.231025975910608,0.0487058679556996,0.8605405405405405,1.2237655265251178e-05,102.88203084640472,0.0419656714285006,0.0458872441989473,-34.400265338195815,12067000000.0,149899000000.0,-52186000000.0,161140000000.0,25057500000.0,22521500000.0,7120000000.0,36.97913479777274,50.50333453496755,15.644151045421772,2.433804914370812,1.7820605476591986,5.752948801036941,0.0756867290985581,1.6347461599638138,2022-07-29,5.1,bmo,58658000000.0,2025-04-24,2022-06-30,0.1411764705882354,165.30129032258066,11082292.032258064
2022-03-31,CVX,USD,93410,2022-05-04,2022-05-04 12:16:42,2022,Q1,52314000000.0,37065000000.0,15249000000.0,0.2914898498,0,0.0,0.0,967000000.0,7087000000.0,8054000000.0,45119000000.0,0.0,136000000.0,3789000000.0,12979000000.0,0.2480980235,7195000000.0,0.1375348855,1859000000.0,9054000000.0,0.1730703062,2777000000.0,6259000000.0,0.1196429254,3.23,3.22,1935668000,1944542000,https://www.sec.gov/Archives/edgar/data/93410/000009341022000026/0000093410-22-000026-index.htm,https://www.sec.gov/Archives/edgar/data/93410/000009341022000026/cvx-20220331.htm,27.026328895244436,3.23350905217217,4.161354116511716,3.148783779036488,6.046491443780648,75.99443706255411,73.73475203392317,75.53929702820939,15.224201670947703,315184820440.0,332846820440.0,12.589264277041062,6.024865627556677,39.129090060831786,51.71202960459393,2.155566789815277,2.155566789815277,6.362480797492067,25.64502815625241,41.32176541775295,54.60981467432322,0.019858189843224,0.0193378602164004,0.200610043838352,0.1177805081751309,1.3608136220047768,1.4328429958657822,52.90441176470589,1.2832563326429822,0.0087123485076678,0.4387282313468605,0.0,0.0,0.0175628794449262,0.2433271260086902,0.037466070267997,0.5363984674329502,0.0,74.13354515027149,0.0228648998011699,0.025580977136925,-35.92571143398558,13506000000.0,142726000000.0,-57239000000.0,162324000000.0,20837000000.0,18295500000.0,6660000000.0,40.007454983369655,48.89599352488871,15.84378794010522,2.249580735325736,1.8406416050057108,5.680459770114942,0.0428056545319007,1.0125703374752282,2022-04-29,3.27,bmo,47947333333.0,2025-04-24,2022-03-31,0.0275229357798164,143.41112903225806,17922819.06451613
2021-12-31,CVX,USD,93410,2022-02-24,2022-02-24 11:45:37,2021,Q4,45861000000.0,32154000000.0,13707000000.0,0.2988814025,0,0.0,0.0,1271000000.0,7478000000.0,8749000000.0,40903000000.0,0.0,155000000.0,3846000000.0,10986000000.0,0.2395499444,4958000000.0,0.1081092868,2027000000.0,6985000000.0,0.1523080613,1903000000.0,5055000000.0,0.1102243737,2.63,2.63,1915440000,1922082000,https://www.sec.gov/Archives/edgar/data/93410/000009341022000019/0000093410-22-000019-index.htm,https://www.sec.gov/Archives/edgar/data/93410/000009341022000019/cvx-20211231.htm,23.94280165392808,2.639080315749906,4.937768867727519,3.577245959152988,2.9627657352879755,73.05893162928622,70.76964039594036,72.60316167564633,16.45783736373888,224776884000.0,250505884000.0,11.116562017804153,4.9012643422515865,23.76579445971664,32.80456567425569,1.6163207950124758,1.6163207950124758,5.462285689365692,22.802283269615877,26.486137026855573,36.55952772913018,0.0224889673263732,0.0304835616459564,0.2255675321967109,0.1309578975932536,2.341980702712543,1.2593034974431712,31.98709677419355,1.8610783156237705,0.0114202134771118,0.5078140454995055,0.0,0.0,0.0183063017930573,0.2755339395220977,0.0568238808573733,0.5414502389362145,0.0165936198512897,65.6591610811975,0.016935388710214,0.0214969168615777,-40.04732594077601,6947000000.0,135555000000.0,-65857000000.0,158293000000.0,17493000000.0,15881000000.0,6462000000.0,36.14639890102701,46.05523418548236,19.01940660571002,2.4898745860253,1.954175276528504,4.732008830022075,0.0363493855479732,1.3605229085745312,2022-01-28,3.12,bmo,45336889125.0,2025-04-24,2021-12-31,-0.1794871794871795,113.59078125,10285674.9375
2021-09-30,CVX,USD,93410,2021-11-04,2021-11-04 13:11:52,2021,Q3,42552000000.0,28138000000.0,14414000000.0,0.3387384847,0,0.0,0.0,657000000.0,7586000000.0,8243000000.0,36381000000.0,0.0,174000000.0,4340000000.0,12569000000.0,0.2953797706,6171000000.0,0.1450225606,1884000000.0,8055000000.0,0.1892978003,1940000000.0,6111000000.0,0.1436125212,3.19,3.19,1918006000,1921095000,https://www.sec.gov/Archives/edgar/data/93410/000009341021000046/0000093410-21-000046-index.htm,https://www.sec.gov/Archives/edgar/data/93410/000009341021000046/cvx-20210930.htm,22.185540608319265,3.186121419849573,4.472874433135246,3.478612684214752,3.1449328104291645,71.28340578705176,68.98831390517026,70.83502345665238,19.562503975482876,194581708700.0,225930708700.0,7.960305543282605,4.572798192799398,22.6811643198508,29.163925164868104,1.4322011209904169,1.4322011209904169,5.309520321018988,17.975233407590103,26.33531981582935,33.86251629196643,0.0314058296683053,0.0342889372519936,0.2748892258320943,0.1556462233483921,2.494152279417615,1.275885342226457,35.46551724137931,1.402943581357318,0.0132129582846036,0.4207167403043692,0.0,0.0,0.0183456415556703,0.2222869798344795,0.0448157548411355,0.4430762081784387,0.0,71.26010225920749,0.0217843695939537,0.0259439769726507,-42.598537230853296,6949000000.0,132320000000.0,-71089000000.0,159296000000.0,16136000000.0,15013500000.0,6184000000.0,35.040186125211505,48.96296822801905,19.60373871632668,2.5684795074545783,1.8381238568068985,4.590961005057921,0.0449794644565809,0.9942617489204936,2021-10-29,2.21,bmo,40403600000.0,2025-04-24,2021-09-30,0.3393665158371041,99.74328125,10463001.0625
2021-06-30,CVX,USD,93410,2021-08-05,2021-08-05 11:59:02,2021,Q2,36117000000.0,25151000000.0,10966000000.0,0.303624332,0,0.0,0.0,1096000000.0,6578000000.0,7674000000.0,32825000000.0,0.0,185000000.0,4537000000.0,9144000000.0,0.2531771742,3292000000.0,0.0911482128,1130000000.0,4422000000.0,0.1224354182,1328000000.0,3082000000.0,0.0853337763,1.61,1.6,1917536000,1921958000,https://www.sec.gov/Archives/edgar/data/93410/000009341021000036/0000093410-21-000036-index.htm,https://www.sec.gov/Archives/edgar/data/93410/000009341021000036/cvx-20210630.htm,18.835109223503498,1.6072709977804849,3.626529045608531,2.689388882399079,3.943081120771657,69.83493399863158,67.53927957545517,69.45475860687883,22.53047661165162,200842720640.0,236333720640.0,16.291589928617782,5.560891564637151,28.881610675870004,38.945650696141165,1.5080320211439984,1.5080320211439984,6.543559006562007,25.84576997375328,33.98529201035375,45.82775269342641,0.0153453408228039,0.0256768081191433,0.3230016068237449,0.1771702511470062,3.881342957130359,1.17145699364053,17.794594594594596,2.2475759534583064,0.0128110194474609,0.8348475016223231,0.0,0.0,0.0181297002545241,0.2584124245038826,0.049754963036797,0.3973905351614329,0.0,50.11720194953345,0.0105583057842607,0.0129276354423583,-45.0764679255044,4826000000.0,129509000000.0,-75922000000.0,160436000000.0,14911500000.0,13788500000.0,5929500000.0,39.13531024171443,52.67027155977893,22.32555365591825,2.2997134670487105,1.7087438005299274,4.031255008815515,0.0231412653361565,0.937140163209452,2021-07-30,1.59,bmo,37597000000.0,2025-04-24,2021-06-30,0.0754716981132074,105.56507936507936,9661641.873015871
2021-03-31,CVX,USD,93410,2021-05-06,2021-05-06 11:37:40,2021,Q1,31076000000.0,21854000000.0,9222000000.0,0.2967563393,0,0.0,0.0,990000000.0,6473000000.0,7463000000.0,29317000000.0,0.0,198000000.0,4290000000.0,6665000000.0,0.2144741923,1759000000.0,0.0566031664,418000000.0,2177000000.0,0.070054061,779000000.0,1377000000.0,0.0443107221,0.72,0.72,1912925000,1915889000,https://www.sec.gov/Archives/edgar/data/93410/000009341021000015/0000093410-21-000015-index.htm,https://www.sec.gov/Archives/edgar/data/93410/000009341021000015/cvx-20210331.htm,16.24527882692735,0.7198400355476561,2.1934994837748474,1.2807611380477542,3.715775579283035,69.49200831187841,67.19082034057791,68.94572447952743,23.857704823764653,200455410750.0,238819410750.0,36.39350231481482,6.450489469365427,47.772976823164925,81.818535,1.5198912012465122,1.5198912012465122,7.685011286845154,35.83186957989497,56.91597015014299,97.47731051020408,0.0068693581023728,0.0122221694631907,0.3445347567633143,0.1880444453640671,5.756039009752438,1.1074599708879185,8.883838383838384,3.0014306151645207,0.0123119649939406,1.7923021060275963,0.0,0.0,0.018216805644644,0.4161105815061964,0.0561848371733813,0.4073728418105459,0.0,33.41665134486912,0.0051577295841669,0.0058041754656617,-46.11027614778416,2953000000.0,128531000000.0,-78279000000.0,161358000000.0,12794500000.0,11904000000.0,5648000000.0,40.88750160895868,52.95231994142949,23.14450443854672,2.201161637625726,1.699642246072484,3.888612099644128,0.010440676938008,0.9127383457270932,2021-04-30,0.9,bmo,30483200000.0,2025-04-24,2021-03-31,0.0,97.64606557377049,11558958.524590164
2020-12-31,CVX,USD,93410,2021-02-25,2021-02-25 14:32:29,2020,Q4,24843000000.0,17873000000.0,6970000000.0,0.2805619289,0,0.0,0.0,1129000000.0,6541000000.0,7670000000.0,25543000000.0,0.0,199000000.0,1322000000.0,564000000.0,0.0227025722,-700000000.0,-0.0281769513,-257000000.0,-957000000.0,-0.0385219176,-301000000.0,-665000000.0,-0.0267681037,-0.33,-0.33,1910724000,1910724000,https://www.sec.gov/Archives/edgar/data/93410/000009341021000009/0000093410-21-000009-index.htm,https://www.sec.gov/Archives/edgar/data/93410/000009341021000009/cvx-20201231.htm,13.001877822228645,-0.3480356137254778,1.1712837646881495,0.0894948721008371,2.9449569901252093,69.46372160500418,67.15988285068906,68.92047203049734,23.296928284775824,161360641800.0,200079641800.0,-60.66189541353384,6.49521562613211,72.1003761394102,943.6294842105264,1.2253253280481138,1.2253253280481138,8.05376330555891,354.7511379432624,89.40109106344951,1170.0563847953215,-0.0041212032412726,0.0010597379763272,0.3365150962881963,0.1848075399307727,68.65070921985816,1.175584907361493,-3.5175879396984926,-3.4115853658536586,0.0152763398341912,-3.706766917293233,0.0,0.0,0.0183577296801367,0.9235924932975872,0.0832025117739403,0.4607668301382077,0.0076480296260516,,-0.0021894677779073,-0.0028251227760123,-47.10033997584162,3895000000.0,128324000000.0,-80986000000.0,164915000000.0,10596500000.0,10243500000.0,5678500000.0,41.55657529283904,55.13903653555642,28.581659486376097,2.165722256124139,1.6322374429223745,3.148872445384073,-0.0050498147135653,1.0817888925873125,2021-01-29,0.08,bmo,47911500000.0,2025-04-24,2020-12-31,-1.125,80.965,11213108.40625
2020-09-30,CVX,USD,93410,2020-11-05,2020-11-05 14:29:24,2020,Q3,23997000000.0,17465000000.0,6532000000.0,0.2722006918,0,0.0,0.0,832000000.0,5812000000.0,6644000000.0,24109000000.0,0.0,164000000.0,4020000000.0,4140000000.0,0.1725215652,-112000000.0,-0.0046672501,68000000.0,-44000000.0,-0.0018335625,165000000.0,-207000000.0,-0.0086260783,-0.12,-0.12,1853533000,1853533000,https://www.sec.gov/Archives/edgar/data/93410/000009341020000050/0000093410-20-000050-index.htm,https://www.sec.gov/Archives/edgar/data/93410/000009341020000050/cvx-20200930.htm,12.94662679326454,-0.1116786159188965,1.908247654614188,1.0288459930306069,3.719383469298901,71.23585067004473,68.8533735304416,71.0934199714815,18.86883049829704,133454376000.0,161398376000.0,-161.17678260869565,5.561294161770221,37.73095165394402,69.98131934976402,1.0127519541032373,1.0127519541032373,6.725773054965204,38.98511497584541,45.63143228724908,84.63470162558993,-0.0015510918877624,0.0142895276809806,0.2641644026894532,0.1560545675436984,6.7497584541062805,1.2613405207485762,-0.6829268292682927,-16.923444976076556,0.0179087420857597,-11.545893719806765,0.0,0.0,0.0197970976809242,0.4608425219112242,0.0679251573113305,0.4057754543191436,0.0,,-0.0026087510849364,-0.0009467314895699,-39.9232169052291,5139000000.0,127622000000.0,-66222000000.0,151938000000.0,9146000000.0,8893500000.0,5596000000.0,36.46205775721965,49.14572001145147,29.27512167191525,2.4683192758691628,1.8312886651987,3.074282696708326,-0.0015708713403251,0.8794016615835812,2020-10-30,-0.29,bmo,60016090909.0,2025-04-24,2020-09-30,-1.379310344827586,84.1034375,9553702.859375
2020-06-30,CVX,USD,93410,2020-08-05,2020-08-05 12:31:48,2020,Q2,15926000000.0,14861000000.0,1065000000.0,0.066871782,0,0.0,0.0,1569000000.0,7390000000.0,8959000000.0,23820000000.0,0.0,172000000.0,7512000000.0,-2913000000.0,-0.1829084516,-7894000000.0,-0.495667462,-2703000000.0,-10597000000.0,-0.6653899284,-2320000000.0,-8270000000.0,-0.5192766545,-4.44,-4.44,1853313000,1853313000,https://www.sec.gov/Archives/edgar/data/93410/000009341020000039/0000093410-20-000039-index.htm,https://www.sec.gov/Archives/edgar/data/93410/000009341020000039/cvx-20200630.htm,8.593259746195058,-4.462279172487324,0.0431659412090672,-1.0856234214080407,3.7306164689936345,72.51122719152134,70.12846723678084,72.36662128847097,18.46692922350407,165371118990.0,192569118990.0,-4.999126934401452,10.383719640210977,2067.138987375,-82.19240506461233,1.2330270283630833,1.2330270283630833,12.091493092427475,-66.1068036354274,2407.113987375,-95.71029770874752,-0.0500087321807388,-0.0121665742621096,0.2539032792018968,0.152428570789112,-9.336766220391349,1.1395918367346938,-45.895348837209305,-0.0096653376827352,0.0144765302104823,-0.2894800483675937,0.0,0.0,0.0197669682143928,26.15,0.1313575285696345,0.3114485633467321,0.0,,-0.0298831840476261,-0.0377647988236744,-39.345755412064776,2907000000.0,129970000000.0,-65285000000.0,151173000000.0,9368500000.0,9628000000.0,6042500000.0,48.43023985934949,49.96299037749815,33.37527757216877,1.858343057176196,1.8013333333333332,2.6966067864271457,-0.0616621184330216,1.128789362617108,2020-07-31,-0.93,bmo,10711100542.0,2025-04-24,2020-06-30,0.7096774193548387,89.52857142857142,11366824.412698412
2020-03-31,CVX,USD,93410,2020-05-06,2020-05-06 13:56:34,2020,Q1,29705000000.0,19797000000.0,9908000000.0,0.333546541,0,0.0,0.0,683000000.0,6616000000.0,7299000000.0,27096000000.0,0.0,162000000.0,4338000000.0,8645000000.0,0.2910284464,2609000000.0,0.0878303316,1536000000.0,4145000000.0,0.1395387982,564000000.0,3599000000.0,0.1211580542,1.93,1.93,1862273000,1865649000,https://www.sec.gov/Archives/edgar/data/93410/000009341020000020/0000093410-20-000020-index.htm,https://www.sec.gov/Archives/edgar/data/93410/000009341020000020/cvx03312020-10qdoc.htm,15.950937375991597,1.932584535135289,2.535611051655692,0.8532583568574532,4.586867768581728,77.81565860644491,75.42395771189294,77.28727205946711,17.458772156391678,134940301579.99998,158799301580.0,9.373458014726312,4.542679736744655,28.576938072850485,84.9215239647577,0.9375411768220662,0.9375411768220662,5.345877851540145,18.368918632735685,33.629669966116055,99.9366278036501,0.0266710534796479,0.0117755776546708,0.2247689849232265,0.1366883981121951,2.7598611914401388,1.0115813706392776,16.104938271604937,1.318626082099972,0.017800464145072,0.667407613225896,0.0,0.0,0.0188188966397241,0.6634900465904278,0.1054704595185995,0.730643656716418,0.0,57.97149473457362,0.0103808767040274,0.0154980342171102,-38.82822228534699,327000000.0,140460000000.0,-63201000000.0,154001000000.0,11746000000.0,12554500000.0,6211000000.0,30.80390506648712,50.03485376572208,29.88634641612365,2.921707485000492,1.7987461384699257,3.011408579251597,0.0250052108663933,1.6823526947982386,2020-05-01,0.64,bmo,25542750683.0,2025-04-24,2020-03-31,1.015625,98.81370967741935,12723972.5
2019-12-31,CVX,USD,93410,2020-02-21,2020-02-21 11:40:21,2019,Q4,34574000000.0,36122000000.0,-1548000000.0,-0.0447735292,0,0.0,0.0,1129000000.0,7228000000.0,8357000000.0,44479000000.0,0.0,178000000.0,5039000000.0,-3188000000.0,-0.0922080176,-9905000000.0,-0.2864869555,1500000000.0,-8405000000.0,-0.2431017528,-1738000000.0,-6610000000.0,-0.1911841268,-3.51,-3.51,1872317000,1872317000,https://www.sec.gov/Archives/edgar/data/93410/000009341020000010/0000093410-20-000010-index.htm,https://www.sec.gov/Archives/edgar/data/93410/000009341020000010/cvx12312019-10kdoc.htm,18.465890124375303,-3.530385079022409,3.021390074437181,0.7728392147269934,3.0705270528441497,77.55524304912042,75.17156549879107,77.02381594569722,14.50128370356088,225632921670.0,246919921670.0,-8.53377162140696,6.526086703013825,39.885614578398446,155.9315284519696,1.564581013292838,1.564581013292838,7.141780577023197,-77.4529239868256,43.64856313770549,170.64265492052522,-0.029295370334598,0.0064130712366359,0.1870358428158349,0.1136049665582829,-6.677227101631117,1.0678100263852244,-55.646067415730336,-0.8485075746212689,0.0098744455530233,-0.3370650529500756,0.0,0.0,0.0187972774904392,0.7442107123917271,0.1217678023948631,0.2562541846734433,0.011395846589923,,-0.0366832920143836,-0.0283733608052711,-39.284613663177765,1799000000.0,140745000000.0,-63891000000.0,156756000000.0,13145500000.0,13666500000.0,5899500000.0,34.6864696014346,35.138419799568126,14.57062178173966,2.594671669793621,2.561299014394101,6.176812585499316,-0.0458349802028943,2.248550859710188,2020-01-31,1.47,bmo,33745100671.0,2025-04-24,2019-12-31,0.0136054421768707,117.784375,5528954.203125
2019-09-30,CVX,USD,93410,2019-11-07,2019-11-07 11:28:38,2019,Q3,34779000000.0,24243000000.0,10536000000.0,0.3029414302,0,0.0,0.0,954000000.0,6552000000.0,7506000000.0,31749000000.0,0.0,197000000.0,4375000000.0,8621000000.0,0.2478794675,3030000000.0,0.0871215389,1019000000.0,4049000000.0,0.1164208287,1469000000.0,2580000000.0,0.0741826965,1.38,1.36,1880607000,1893928000,https://www.sec.gov/Archives/edgar/data/93410/000009341019000038/0000093410-19-000038-index.htm,https://www.sec.gov/Archives/edgar/data/93410/000009341019000038/cvx09302019-10qdoc.htm,18.49349704643235,1.371897477782439,4.156636660397414,2.365193791153601,6.250641415245184,83.42625545900871,81.02968881855699,82.86739334693533,17.573049552617853,223039990200.0,244193990200.0,21.61240215116279,6.413065073751402,28.53268391966228,50.14388268884892,1.4312022522956087,1.4312022522956087,7.021305678714167,28.32548314580675,31.238837175386976,54.899728012589925,0.0115674323590424,0.0199426120670624,0.2107981853299196,0.1280556021158741,2.453775664076093,1.1242020308933949,15.380710659898478,3.02984496124031,0.0100295915454178,0.8670542635658914,0.0,0.0,0.0175686158331936,0.4309837533580657,0.0968688001380143,0.7725292364136666,0.0,50.57593576266269,0.0082473608943625,0.010236876562314,-39.98177184281458,3755000000.0,152385000000.0,-65657000000.0,172625000000.0,13674500000.0,14017500000.0,6380000000.0,33.553006124385405,49.11520851379779,22.09256280163346,2.682322998611754,1.8324263038548751,4.0737691144345485,0.0165553352455387,1.7914428692438134,2019-11-01,1.45,bmo,32483741935.0,2025-04-24,2019-09-30,0.0689655172413793,121.44828125,5579791.71875
2019-06-30,CVX,USD,93410,2019-08-07,2019-08-07 12:01:45,2019,Q2,36323000000.0,25169000000.0,11154000000.0,0.3070781598,0,0.0,0.0,1076000000.0,6375000000.0,7451000000.0,32620000000.0,0.0,198000000.0,4371000000.0,10504000000.0,0.2891831622,3703000000.0,0.1019464251,2232000000.0,5935000000.0,0.163395094,1645000000.0,4305000000.0,0.118519946,2.28,2.27,1889265000,1902977000,https://www.sec.gov/Archives/edgar/data/93410/000009341019000029/0000093410-19-000029-index.htm,https://www.sec.gov/Archives/edgar/data/93410/000009341019000029/cvx06302019-10qdoc.htm,19.225995294466365,2.278663924859668,4.648897851810095,2.7518638200570065,4.536684901271129,83.33981733637155,80.95423352467759,82.78086980915859,16.32751360979005,235855842600.0,257991842600.0,13.696622682926828,6.4932919252264405,26.853676716383927,45.36561696480092,1.5080778963521853,1.5080778963521853,7.102712953225229,24.561294992383853,29.374000068313787,49.623358838238126,0.0182526748226503,0.0220431257614306,0.1959717382269254,0.1197797387817631,2.107387661843108,1.147698498040168,18.7020202020202,2.0473193473193474,0.0095397255170646,0.5226480836236934,0.0,0.0,0.0176138628565175,0.4080610269839462,0.0986702640200423,0.8269497000461468,0.0,65.14729532612445,0.0115056588354696,0.0171260805741314,-40.04956954159422,4258000000.0,152944000000.0,-65340000000.0,174176000000.0,14655500000.0,14517500000.0,6766000000.0,35.637750185832665,52.94012475664507,24.347808812427985,2.5254119446568866,1.7000337723741978,3.69643119400793,0.027526455449343,1.8970340317530887,2019-08-02,1.8,bmo,36944745762.0,2025-04-24,2019-06-30,-0.0166666666666666,120.91698412698412,8079656.904761905
2019-03-31,CVX,USD,93410,2019-05-02,2019-05-02 11:33:10,2019,Q1,34189000000.0,23797000000.0,10392000000.0,0.3039574132,0,0.0,0.0,984000000.0,6136000000.0,7120000000.0,30917000000.0,0.0,225000000.0,4180000000.0,8362000000.0,0.2445815906,3272000000.0,0.0957032964,685000000.0,3957000000.0,0.1157389804,1315000000.0,2649000000.0,0.0774810612,1.4,1.39,1888002000,1900748000,https://www.sec.gov/Archives/edgar/data/93410/000009341019000014/0000093410-19-000014-index.htm,https://www.sec.gov/Archives/edgar/data/93410/000009341019000014/cvx03312019-10qdoc.htm,18.10856132567656,1.403070547594759,2.678492925325291,1.114405599146611,4.637177291125751,82.68953104922558,80.30235137462778,82.12120538007905,17.644049105880185,235886969880.0,260274969880.0,22.26188843714609,6.899498958144433,46.64563375123591,112.1135788403042,1.5214097189848108,1.5214097189848108,7.612827806604464,31.12592320975843,51.468255859205065,123.7048335931559,0.0112299547590424,0.0089195261657324,0.2134025605469379,0.1288389425604242,2.916527146615642,1.1242028646789757,14.542222222222222,1.9140802422407268,0.0095130307585093,0.8471121177802945,0.0,0.0,0.0175500079825862,0.583943049238679,0.0863728099681184,0.7212994626282364,0.0,50.916515037262776,0.0093408224249203,0.0104993222408066,-40.98433158439451,3720000000.0,151611000000.0,-67020000000.0,174959000000.0,14989000000.0,14091500000.0,6213500000.0,39.29684986399134,53.81770811446821,25.42631424129092,2.290259914255091,1.6723120168657766,3.5396400416480738,0.0170853623141668,1.5640873261786798,2019-04-26,1.3,bmo,30445646258.0,2025-04-24,2019-03-31,0.0692307692307691,118.30934426229508,6216108.131147541
2018-12-31,CVX,USD,93410,2019-02-22,2019-02-22 11:25:08,2018,Q4,40338000000.0,29172000000.0,11166000000.0,0.2768109475,0,0.0,0.0,1080000000.0,6796000000.0,7876000000.0,37048000000.0,0.0,190000000.0,3954000000.0,9042000000.0,0.2241558828,3290000000.0,0.0815608111,1608000000.0,4898000000.0,0.1214239675,1175000000.0,3730000000.0,0.09246864,1.97,1.95,1893405000,1906823000,https://www.sec.gov/Archives/edgar/data/93410/000009341019000008/0000093410-19-000008-index.htm,https://www.sec.gov/Archives/edgar/data/93410/000009341019000008/cvx12312018-10kdoc.htm,21.30447527074239,1.9699958540301727,4.833091705155526,2.725248956245494,5.463701638054193,82.20217016433357,79.81599288055118,81.62754402782289,18.29983548157948,205983529950.0,231100529950.0,13.805866618632708,5.106438840547375,22.50940115287947,39.91928875,1.3327609117201755,1.3327609117201755,5.729102334027468,25.558563365405885,25.25412850508141,44.78692440891473,0.0181082439013712,0.0250505465230765,0.2229576717522678,0.1357385676526315,2.7778146427781465,1.2521070258731737,17.31578947368421,2.4579640075208165,0.010292085005605,0.5683646112600537,0.0,0.0,0.017797000744496,0.4361271992132007,0.0989389657395012,0.7599009900990099,0.0040904358173434,60.150920811432485,0.0107597057259877,0.014959193085885,-38.94386039965037,6850000000.0,151124000000.0,-64200000000.0,180575000000.0,15919000000.0,14644000000.0,5866500000.0,33.57875948237394,43.04709995886467,17.597696421225834,2.680265780730897,2.090733175661148,5.114305750350631,0.0241339596516427,2.1078427489100324,2019-02-01,1.87,bmo,38307189743.0,2025-04-24,2018-12-31,0.0427807486631015,115.84301587301589,7517096.920634921
2018-09-30,CVX,USD,93410,2018-11-08,2018-11-08 11:41:58,2018,Q3,42105000000.0,30061000000.0,12044000000.0,0.2860467878,0,0.0,0.0,1018000000.0,6869000000.0,7887000000.0,37948000000.0,0.0,182000000.0,5870000000.0,11751000000.0,0.2790879943,4157000000.0,0.0987293671,1542000000.0,5699000000.0,0.135352096,1643000000.0,4047000000.0,0.0961168507,2.13,2.11,1900717000,1917474000,https://www.sec.gov/Archives/edgar/data/93410/000009341018000035/0000093410-18-000035-index.htm,https://www.sec.gov/Archives/edgar/data/93410/000009341018000035/cvx09302018-10qdoc.htm,22.152166787585948,2.129196508475486,5.0344159598719855,3.15196844138291,5.127538713022507,81.37613332231994,78.99913558935917,80.79845658243705,19.093847216603,236430187630.0,262854187630.0,14.605274748579191,5.615252051537822,24.70793057059253,39.46422761308629,1.5395096052742958,1.5395096052742958,6.242825973874837,22.36866544379202,27.46934764656704,43.87484353697212,0.0171171035330451,0.0253394038217132,0.2351294155949861,0.1407215731510565,2.248659688537146,1.219305760202858,22.84065934065934,2.3592209072978303,0.0090047722811596,0.5260686928589078,0.0,0.0,0.0176067590001792,0.3739157696729021,0.0849780311126944,0.6650557620817844,0.0,62.21579632235286,0.0126680742324738,0.0160539176795404,-40.2908481378343,6400000000.0,150155000000.0,-66350000000.0,182563000000.0,16730000000.0,15528500000.0,6336500000.0,35.88457427858924,45.91164631915106,18.05029772795316,2.508041458184417,1.9602869253342028,4.986067341184276,0.0263519453035975,1.8824475184890752,2018-11-02,2.06,bmo,41185355450.0,2025-04-24,2018-09-30,0.024271844660194,121.32079365079365,5267352.619047619
2018-06-30,CVX,USD,93410,2018-08-02,2018-08-02 11:42:15,2018,Q2,40491000000.0,29242000000.0,11249000000.0,0.277814823,0,0.0,0.0,1017000000.0,6753000000.0,7770000000.0,37012000000.0,0.0,217000000.0,4559000000.0,9681000000.0,0.2390901682,3479000000.0,0.085920328,1426000000.0,4905000000.0,0.1211380307,1483000000.0,3409000000.0,0.0841915487,1.79,1.78,1900375000,1918949000,https://www.sec.gov/Archives/edgar/data/93410/000009341018000029/0000093410-18-000029-index.htm,https://www.sec.gov/Archives/edgar/data/93410/000009341018000029/cvx06302018-10qdoc.htm,21.30684733276327,1.7938564756955864,3.607182792869828,1.9096231007038085,4.044464908241794,80.710386108005,78.3329605998816,80.08840360455173,20.38229296849306,240264411250.0,271153411250.0,17.619860021267236,5.93377321503544,35.0495129467542,66.20678182694957,1.578630542122761,1.578630542122761,6.696634097700724,28.008822564817685,39.55556692195478,74.71849304216038,0.0141885349655586,0.015104192839546,0.2530716566577747,0.1493317928577244,3.190682780704473,1.0751365262695374,16.032258064516128,2.0032144944476915,0.0088610709714504,0.6245233206218832,0.0,0.0,0.0175164483249266,0.4706053975200583,0.0796720258822948,0.717207647843486,0.0,56.8551649568296,0.0103430137563746,0.0134524547079645,-42.64263632177859,2394000000.0,148862000000.0,-70293000000.0,181154000000.0,16221500000.0,15100500000.0,6386000000.0,37.05712380529006,48.388619109500034,20.44866972163327,2.428682821497121,1.8599414832718484,4.401264298615292,0.0223984546446076,1.69755969216602,2018-07-27,2.09,bmo,47736539325.0,2025-04-24,2018-06-30,-0.1483253588516745,124.13421875,6677550.625
2018-03-31,CVX,USD,93410,2018-05-03,2018-05-03 11:45:56,2018,Q1,35968000000.0,25522000000.0,10446000000.0,0.2904248221,0,0.0,0.0,723000000.0,6203000000.0,6926000000.0,32448000000.0,0.0,159000000.0,4334000000.0,9566000000.0,0.2659586299,3520000000.0,0.0978647687,1553000000.0,5073000000.0,0.1410420374,1414000000.0,3638000000.0,0.1011454626,1.92,1.9,1895990000,1913218000,https://www.sec.gov/Archives/edgar/data/93410/000009341018000016/0000093410-18-000016-index.htm,https://www.sec.gov/Archives/edgar/data/93410/000009341018000016/cvx03312018-10qdoc.htm,18.9705641907394,1.918786491489934,2.659824155190692,1.0791196156097869,3.430397839651053,79.94029504375023,77.55051450693306,79.30210602376594,21.0465245069858,216218699600.0,249497699600.0,14.858349340296868,6.011418471975089,42.87501479278208,105.67873880742911,1.438045037111921,1.438045037111921,6.936657573398577,26.0817164541083,49.47406297838588,121.94413470185728,0.0168255567475441,0.0094626413154137,0.2643393013913644,0.1549863126944884,3.4788835458917,1.0357819131570356,22.13836477987421,1.3782454222465157,0.0098233871720131,0.5838372732270478,0.0,0.0,0.0176687126133784,0.5942891136228435,0.0833240658362989,0.6987642807181161,0.0,58.51226982577973,0.0108307496581402,0.0144416083458046,-44.02963623225861,1096000000.0,147035000000.0,-73150000000.0,181473000000.0,15562000000.0,14522000000.0,5856500000.0,39.46257784697509,51.05830264085886,21.60959172478646,2.2806416841037347,1.762690793563091,4.164817232375979,0.0241959083774508,1.580704539580905,2018-04-27,1.48,bmo,28026526315.0,2025-04-24,2018-03-31,0.2837837837837837,119.54426229508196,7294904.540983606
2017-12-31,CVX,USD,93410,2018-02-22,2018-02-22 11:49:59,2017,Q4,36381000000.0,25893000000.0,10488000000.0,0.2882823452,0,0.0,0.0,1349000000.0,8720000000.0,10069000000.0,35962000000.0,0.0,173000000.0,3104000000.0,4758000000.0,0.1307825513,419000000.0,0.0115170006,1062000000.0,1481000000.0,0.0407080619,-1637000000.0,3111000000.0,0.0855116682,1.65,1.64,1888199000,1906146000,https://www.sec.gov/Archives/edgar/data/93410/000009341018000010/0000093410-18-000010-index.htm,https://www.sec.gov/Archives/edgar/data/93410/000009341018000010/cvx12312017-10kdoc.htm,19.26756660712139,1.6476017623142476,3.299440366190216,1.3711478504119534,2.553756251327323,79.08011814432695,76.68047700480723,78.44723993604488,20.620707880896028,236383632810.0,270333632810.0,18.995791771938283,6.497447371155273,37.94279820385233,91.30306404403244,1.5958496449596282,1.5958496449596282,7.43062677798851,56.816652545187054,43.39223640609952,104.41623515256856,0.0131608096678188,0.0109525349501713,0.2616929059436688,0.1527268858892224,7.135350987810004,1.029671557846919,2.421965317919075,1.99807568954458,0.0086258087151021,0.6554162648666024,0.0,0.0,0.0178522178356697,0.5844301765650081,0.1000797119375498,0.7689545934530095,0.0101151700063219,53.92699455991048,0.0038144565832079,0.0124801925584194,-45.20590785187366,823000000.0,144788000000.0,-75927000000.0,183066000000.0,14738500000.0,13824500000.0,5673000000.0,37.98053929248784,50.62565172054223,19.41258255126868,2.3696345991011527,1.7777548918640578,4.636168307967771,0.02100267343577,1.9282925157782629,2018-02-02,1.27,bmo,61962444444.0,2025-04-24,2017-12-31,-0.4251968503937008,118.57920634920634,5085797.968253968
2017-09-30,CVX,USD,93410,2017-11-02,2017-11-02 12:02:04,2017,Q3,33892000000.0,23885000000.0,10007000000.0,0.2952614186,0,0.0,0.0,1107000000.0,8301000000.0,9408000000.0,33293000000.0,0.0,35000000.0,5230000000.0,7923000000.0,0.2337719816,599000000.0,0.0176737873,2059000000.0,2658000000.0,0.0784255872,672000000.0,1952000000.0,0.0575947126,1.03,1.03,1882650000,1895879000,https://www.sec.gov/Archives/edgar/data/93410/000009341017000046/0000093410-17-000046-index.htm,https://www.sec.gov/Archives/edgar/data/93410/000009341017000046/cvx09302017-10qdoc.htm,18.002284014553954,1.036836374259687,2.919820465832736,1.2073407165431704,3.534379730698749,78.56532016041218,76.15860621995591,77.92898308235732,22.31269752742145,221211375000.0,256542375000.0,28.33137487192623,6.526949575120972,40.24220029106786,97.32132644082712,1.5077830526265563,1.5077830526265563,7.569407972382863,32.37944907232109,46.66952428597417,112.86510118785746,0.0088241393554015,0.0102752401407929,0.2860823512572165,0.1644928672205675,4.459295721317683,1.0416327109095418,17.114285714285714,2.767875125881168,0.0091857844109508,1.040983606557377,0.0,0.0,0.0177574854992945,0.5865017282153903,0.0951256933789684,0.6310432569974554,0.0,42.63790679722982,0.001905856134176,0.0077884043745935,-46.2759939447056,1175000000.0,143380000000.0,-77851000000.0,184142000000.0,13646000000.0,12570500000.0,5918000000.0,37.50619615248437,49.30123508478124,21.70776638057358,2.3996035117530443,1.8255120758177927,4.145981600416595,0.0133048877740895,1.7124797492895651,2017-10-27,0.98,bmo,39301458823.0,2025-04-24,2017-09-30,-0.1326530612244898,109.1568253968254,5146754.015873016
2017-06-30,CVX,USD,93410,2017-08-03,2017-08-03 11:15:53,2017,Q2,32877000000.0,23636000000.0,9241000000.0,0.2810779572,0,0.0,0.0,927000000.0,7780000000.0,8707000000.0,32343000000.0,0.0,48000000.0,5323000000.0,7324000000.0,0.2227697174,534000000.0,0.0162423579,1419000000.0,1953000000.0,0.0594032302,487000000.0,1450000000.0,0.0441037808,0.77,0.77,1881019000,1893014000,https://www.sec.gov/Archives/edgar/data/93410/000009341017000033/0000093410-17-000033-index.htm,https://www.sec.gov/Archives/edgar/data/93410/000009341017000033/cvx06302017-10qdoc.htm,17.478292351113943,0.7708587738879831,2.642716527584251,0.9287519158498664,2.5385176864242203,78.35540204538073,75.94022176277858,77.72542435775503,22.8131666931594,196246712270.0,234348712270.0,33.835640046551724,5.969118601758068,39.47831669080668,112.33355024041214,1.342289229837965,1.342289229837965,7.12804429449159,31.997366503276897,47.14317285656809,134.14351017172297,0.0073886588123069,0.008902059962138,0.2931813984665157,0.1683588702233708,5.202348443473512,0.9524252396623264,11.125,3.3908594815825377,0.0103543135907639,1.4013793103448275,0.0,0.0,0.0178437464404809,0.6485616576141622,0.0980624752866745,0.6070419883261156,0.0,36.716410768315846,0.0017026304847575,0.0057987010909556,-47.59255488647377,-1330000000.0,142845000000.0,-80585000000.0,181389000000.0,13461000000.0,12567500000.0,5998000000.0,36.04708458800985,45.910052462345575,23.132086647486886,2.4967345078979344,1.9603549805092475,3.890699588477366,0.0099177171467069,1.7139646117343843,2017-07-28,0.86,bmo,30960945054.0,2025-04-24,2017-06-30,0.0581395348837209,105.9390476190476,5503363.444444444
2017-03-31,CVX,USD,93410,2017-05-04,2017-05-04 11:42:11,2017,Q1,31524000000.0,21700000000.0,9824000000.0,0.3116355792,0,0.0,0.0,810000000.0,7601000000.0,8411000000.0,30111000000.0,0.0,51000000.0,4201000000.0,7381000000.0,0.2341390686,1413000000.0,0.044822992,1716000000.0,3129000000.0,0.0992577084,430000000.0,2682000000.0,0.0850780358,1.43,1.41,1879372000,1895393000,https://www.sec.gov/Archives/edgar/data/93410/000009341017000019/0000093410-17-000019-index.htm,https://www.sec.gov/Archives/edgar/data/93410/000009341017000019/cvx03312017-10qdoc.htm,16.773688232026444,1.4270724476048382,2.0097138831482004,0.2458267974621309,3.721455890584727,78.63797055612194,76.22067371441098,78.00052357915304,24.107521022980016,201788171640.0,240061171640.0,18.80948654362416,6.401096676817663,53.42551539316919,436.7709342857143,1.3765292215127702,1.3765292215127702,7.6151875282324575,32.52420696924536,63.55868987026741,519.6129256277056,0.0132911655732964,0.0022895296401427,0.3087208033180528,0.1746587369891668,5.185340739737163,1.0401744881446564,27.705882352941178,1.3994071878473509,0.0100550987875534,0.7565249813571961,0.0,0.0,0.0175330263863749,0.8776806989674345,0.1051579748762847,0.790414878397711,0.0,50.04526907928079,0.0051000483330086,0.0105354954275478,-48.44756652754218,1142000000.0,143247000000.0,-81753000000.0,185981000000.0,13923000000.0,13532000000.0,5670000000.0,39.26722497145032,54.24055299539171,24.557142857142857,2.2919877853715285,1.6592751185196513,3.6649214659685865,0.018295677799607,1.7638870856860696,2017-04-28,0.85,bmo,21927902439.0,2025-04-24,2017-03-31,0.4470588235294118,112.16645161290322,6642935.145161291
2016-12-31,CVX,USD,93410,2017-02-23,2017-02-23 12:18:42,2016,Q4,30142000000.0,21179000000.0,8963000000.0,0.2973591666,0,0.0,0.0,1544000000.0,8204000000.0,9748000000.0,30927000000.0,0.0,58000000.0,4220000000.0,4790000000.0,0.1589144715,-785000000.0,-0.0260433946,1297000000.0,512000000.0,0.016986265,74000000.0,415000000.0,0.013768164,0.22,0.22,1875694000,1890044000,https://www.sec.gov/Archives/edgar/data/93410/000009341017000013/0000093410-17-000013-index.htm,https://www.sec.gov/Archives/edgar/data/93410/000009341017000013/cvx-123116x10kdoc.htm,16.069785370108345,0.2212514408000452,2.059504375447168,-0.0778378562814616,3.732485149496666,78.22278047485358,75.78048445002223,77.60114389660573,24.62235311303443,220769183800.0,259907183800.0,132.99348421686747,7.324304419083007,57.14967222366036,-1512.117697260274,1.5167302192970404,1.5167302192970404,8.6227584035565,54.260372400835074,67.28117623608594,-1780.186190410959,0.001879791340697,-0.0006613241825102,0.3168952155871279,0.1773544859619037,8.170772442588726,0.9318546484190656,-13.53448275862069,8.819634703196346,0.009172475819064,4.879518072289157,0.0,0.0,0.0176139465852551,1.0377944602640434,0.1330037820980691,0.9538424934570544,0.0212991838630482,19.654788478491756,-0.0028082404718294,0.0016242852166561,-49.62243308343472,-2166000000.0,142141000000.0,-83737000000.0,184601000000.0,13307000000.0,13095500000.0,5697500000.0,42.076836308141466,59.43340101043487,23.02799943340101,2.1389440817485097,1.5143000143000145,3.9082856615611736,0.0028511363324081,2.137342231728629,2017-01-27,0.64,bmo,92089904761.0,2025-04-24,2016-12-31,-0.6718750000000001,108.89746031746031,7034100.015873016
2016-09-30,CVX,USD,93410,2016-11-03,2016-11-03 11:52:48,2016,Q3,29159000000.0,19972000000.0,9187000000.0,0.3150656744,0,0.0,0.0,1109000000.0,7886000000.0,8995000000.0,28967000000.0,0.0,64000000.0,4268000000.0,5441000000.0,0.1865976199,192000000.0,0.0065845879,917000000.0,1109000000.0,0.0380328544,-192000000.0,1283000000.0,0.0440001372,0.68,0.68,1873649000,1883342000,https://www.sec.gov/Archives/edgar/data/93410/000009341016000083/0000093410-16-000083-index.htm,https://www.sec.gov/Archives/edgar/data/93410/000009341016000083/cvx-09302016x10qdoc.htm,15.56268009643215,0.684760059114594,2.8345757396396016,0.6650124970045083,4.094683689421018,78.96462998138925,76.5196683050027,78.34978696650226,24.36368818279197,192835955080.0,231069955080.0,37.57520558846453,6.613256801673582,36.30878461306722,154.76400889245585,1.3135964242506812,1.3135964242506812,7.924481466442608,42.46828801323287,43.50780551308605,185.44940215088283,0.0066533235436707,0.0064614506121697,0.3105245231607629,0.175419355583519,7.027017092446242,1.1668687358551568,3.0,4.082244427363566,0.0103974385853935,1.5627435697583787,0.0,0.0,0.0176285196430426,0.7653925814347581,0.1394080729791831,0.9842615012106536,0.0,34.743965044061305,0.0009339269141172,0.005025814589356,-49.02705896355187,4129000000.0,143371000000.0,-83038000000.0,192149000000.0,13006000000.0,12810500000.0,6201500000.0,38.64947357591138,54.99949929901863,26.929701582215102,2.3286216259383483,1.6363785333879557,3.3420348058902274,0.0087397820163487,2.169563242635093,2016-10-28,0.37,bmo,22035387755.0,2025-04-24,2016-09-30,0.3243243243243243,102.1084375,6540883.703125
2016-06-30,CVX,USD,93410,2016-08-04,2016-08-04 11:25:03,2016,Q2,27844000000.0,21999000000.0,5845000000.0,0.2099195518,0,0.0,0.0,1033000000.0,8241000000.0,9274000000.0,31273000000.0,0.0,79000000.0,6793000000.0,4802000000.0,0.1724608533,-3429000000.0,-0.1231504094,1359000000.0,-2070000000.0,-0.0743427668,-607000000.0,-1470000000.0,-0.0527941388,-0.79,-0.79,1871995000,1871995000,https://www.sec.gov/Archives/edgar/data/93410/000009341016000070/0000093410-16-000070-index.htm,https://www.sec.gov/Archives/edgar/data/93410/000009341016000070/cvx-06302016x10qdoc.htm,14.873971351419208,-0.7852585076349029,1.352033525730571,-1.035259175371729,4.852577063507114,79.23365179928365,76.78652987855203,78.6129236456294,24.126132815525683,196241235850.0,232562235850.0,-33.374359838435375,7.047882339103577,77.53505960094824,-101.25966762125904,1.333495755386884,1.333495755386884,8.35232853936216,48.43028651603498,91.88551396681152,-120.00115368937048,-0.0074907803838109,-0.0098756002611058,0.306360973886099,0.1724236838280849,7.563723448563099,1.3026437196614111,-43.40506329113924,-1.730006835269993,0.0102017294750949,-1.361904761904762,0.0,0.0,0.0175196383634569,1.7657052548399843,0.1605013647464444,0.664930813866984,0.0,,-0.0100110760627551,-0.0057221376660685,-48.471283310051575,7544000000.0,143744000000.0,-80682000000.0,196810000000.0,12974500000.0,13056000000.0,6467500000.0,43.603648901019966,54.88613118778126,26.29346788490386,2.064047442550037,1.6397584973166368,3.422903376380893,-0.0099889238463472,2.3872927011023,2016-07-29,0.31,bmo,25589942857.0,2025-04-24,2016-06-30,0.5483870967741935,100.58109375,6855901.8125
2016-03-31,CVX,USD,93410,2016-05-05,2016-05-05 11:38:56,2016,Q1,23070000000.0,15628000000.0,7442000000.0,0.3225834417,0,0.0,0.0,998000000.0,8638000000.0,9636000000.0,25264000000.0,0.0,0.0,4665000000.0,2954000000.0,0.1280450802,-2194000000.0,-0.0951018639,483000000.0,-1711000000.0,-0.074165583,-1004000000.0,-725000000.0,-0.0314260945,-0.39,-0.39,1858974358,1869775000,https://www.sec.gov/Archives/edgar/data/93410/000009341016000056/0000093410-16-000056-index.htm,https://www.sec.gov/Archives/edgar/data/93410/000009341016000056/cvx-03312016x10qdoc.htm,12.41006897202183,-0.3900000002044138,0.6137793106665326,-2.380344828833836,4.776289657675848,81.483641422019,79.01561383451853,80.85480004237907,22.775462080903,177346153753.2,211123153753.2,-61.15384612179311,7.687306187828349,155.43045902997372,-40.07822683688136,1.1798928443332646,1.1798928443332646,9.15141542059818,71.47026193405553,185.03343887221737,-47.71144717586441,-0.0040880503166081,-0.0249512036565391,0.2816834877949796,0.1604710394857528,11.43432633716994,1.0874768534394077,0.0,-1.613861386138614,0.0112773801837465,-2.7586206896551726,0.0,0.0,0.0173891950485517,4.87817703768624,0.2412657130472475,1.2641380876674997,0.0,,-0.0037107763820869,-0.0027964853001303,-48.89187933597091,2551000000.0,146888000000.0,-80653000000.0,197079000000.0,12659500000.0,13106000000.0,6421000000.0,48.60468140442133,73.11492193498849,37.478884054261584,1.8516734890440645,1.2309388783868935,2.4013521819299326,-0.0048234613158402,2.9941241395003684,2016-04-29,-0.18,bmo,39893090909.0,2025-04-24,2016-03-31,1.1666666666666667,87.46704918032786,11963651.524590164
2015-12-31,CVX,USD,93410,2016-02-25,2016-02-25 12:08:14,2015,Q4,28014000000.0,19970000000.0,8044000000.0,0.2871421432,0,0.0,0.0,1303000000.0,10184000000.0,11487000000.0,31457000000.0,0.0,0.0,6444000000.0,3001000000.0,0.1071250089,-3443000000.0,-0.1229028343,1233000000.0,-2210000000.0,-0.0788891269,-1655000000.0,-588000000.0,-0.0209895052,-0.31,-0.31,1869072000,1874313000,https://www.sec.gov/Archives/edgar/data/93410/000009341016000049/0000093410-16-000049-index.htm,https://www.sec.gov/Archives/edgar/data/93410/000009341016000049/cvx-123115x10kdoc.htm,14.988186650915534,-0.3145946223580472,2.4381083232748657,-1.5472919181283546,6.062901803675834,82.33283683025587,79.87814273607437,81.70685773474752,20.624673634830547,168141717120.0,195668717120.0,-71.48882530612245,6.002060295566502,36.897458222514814,-58.14028946058091,1.1010091746771784,1.1010091746771784,6.984676130506175,65.20117198267245,42.93805510642967,-67.65861587828492,-0.0034970500484442,-0.017199776768879,0.2524227978731763,0.14572087396991,9.172609130289905,1.3519456551615816,0.0,-8.21081081081081,0.0118887806919049,-3.3996598639455784,0.0,0.0,0.0173433129205413,1.6346280447662935,0.2659027629042622,1.3794444444444445,0.012279574498465,,-0.0035436262146725,-0.0022619560534252,-46.28500132686168,8963000000.0,149298000000.0,-76224000000.0,201947000000.0,13550000000.0,14411500000.0,6599000000.0,41.31505675733562,60.91337005508262,28.545818728092136,2.1783825816485227,1.4775081385025155,3.1528260183138617,-0.0038502841876424,3.985400241403221,2016-01-29,0.48,bmo,50246615384.0,2025-04-24,2015-12-31,-1.6458333333333337,90.173125,10358347.21875
2015-09-30,CVX,USD,93410,2015-11-06,2015-11-06 12:28:57,2015,Q3,32767000000.0,21715000000.0,11052000000.0,0.3372905667,0,0.0,0.0,1026000000.0,8790000000.0,9816000000.0,31531000000.0,0.0,0.0,4373000000.0,7157000000.0,0.2184209723,1236000000.0,0.0377208777,1548000000.0,2784000000.0,0.0849635304,727000000.0,2037000000.0,0.0621662038,1.09,1.09,1868444000,1872420000,https://www.sec.gov/Archives/edgar/data/93410/000009341015000038/0000093410-15-000038-index.htm,https://www.sec.gov/Archives/edgar/data/93410/000009341015000038/cvx-09302015x10qdoc.htm,17.53705222099244,1.0902119624671651,2.8686971619165464,-0.7760468068617523,7.085574948994992,83.45874963338478,81.00323049553532,82.90962961694329,19.20100361584291,147382862720.0,170325862720.0,18.088225665193917,4.4979052925199134,27.496802746268656,-101.6433536,0.951397326998554,0.951397326998554,5.198091455427717,23.79849975129244,31.77721319402985,-117.46611222068964,0.0138211455688028,-0.0098383215880039,0.2315895476141293,0.1336417718076804,3.2056727679195194,1.320959394904459,0.0,2.605736509479825,0.0135633136927033,0.981345115365734,0.0,0.0,0.0170907695688939,1.2705223880597014,0.2078310495315408,1.5955951265229615,0.0,45.09716260778004,0.0037292487043531,0.0077199737740704,-45.5780317740323,9675000000.0,151350000000.0,-72692000000.0,201668000000.0,15196500000.0,16343500000.0,6990000000.0,39.112521744438,63.44139995394888,28.44853787704352,2.301053370786517,1.41863199843209,3.163607226107226,0.0131494009502168,3.644743968778299,2015-10-30,0.76,bmo,20280786885.0,2025-04-24,2015-09-30,0.4342105263157895,84.1775,11229798.171875
2015-06-30,CVX,USD,93410,2015-08-05,2015-08-05 11:43:50,2015,Q2,36829000000.0,27499000000.0,9330000000.0,0.2533329713,0,0.0,0.0,1170000000.0,10325000000.0,11495000000.0,38994000000.0,0.0,0.0,7770000000.0,9133000000.0,0.2479839257,-2165000000.0,-0.0587851964,3528000000.0,1363000000.0,0.0370088789,755000000.0,571000000.0,0.0155040865,0.3,0.3,1867561000,1876705000,https://www.sec.gov/Archives/edgar/data/93410/000009341015000031/0000093410-15-000031-index.htm,https://www.sec.gov/Archives/edgar/data/93410/000009341015000031/cvx-06302015x10qdoc.htm,19.720373256884248,0.3057463718721905,3.866004912289344,-0.2264986257476998,6.704466413680732,83.47304318306068,81.01636305320147,82.81871381978955,17.086456613733098,180163609670.0,199917609670.0,78.8807397854641,4.891895236634174,24.953408541551244,-425.9186989834515,1.1648333516735738,1.1648333516735738,5.428266031388308,21.889588270009856,27.68941962188365,-472.61846257683214,0.0031693414727085,-0.0023478659246159,0.2063115427137952,0.1197575575613142,2.162925654220957,1.4411348521296166,0.0,11.875,0.0110843693887896,3.497373029772329,0.0,0.0,0.017218667317183,1.0585872576177284,0.2075266773466561,1.0984478298361595,0.0,23.86910615532644,-0.0040104648417337,0.0021804962060893,-44.10578824466778,12470000000.0,151303000000.0,-69826000000.0,202325000000.0,15696000000.0,17010000000.0,6976500000.0,39.4735127209536,56.88206843885233,23.289574166333324,2.2800099052807528,1.5822209436133488,3.864390106801574,0.0036917546502531,4.092503538037044,2015-07-31,1.13,bmo,51515180722.0,2025-04-24,2015-06-30,-0.7345132743362831,105.00301587301588,6694010.174603174
2015-03-31,CVX,USD,93410,2015-05-07,2015-05-07 11:36:15,2015,Q1,32315000000.0,21604000000.0,10711000000.0,0.3314559802,0,0.0,0.0,944000000.0,9105000000.0,10049000000.0,31653000000.0,0.0,0.0,4759000000.0,5421000000.0,0.1677549126,662000000.0,0.0204858425,2243000000.0,2905000000.0,0.089896333,305000000.0,2567000000.0,0.0794367941,1.38,1.37,1866655000,1876498000,https://www.sec.gov/Archives/edgar/data/93410/000009341015000020/0000093410-15-000020-index.htm,https://www.sec.gov/Archives/edgar/data/93410/000009341015000020/cvx-03312015x10qdoc.htm,17.311715341078024,1.375187166348361,1.2423291931288856,-2.8301962601551973,7.021651028176069,84.10820424770512,81.65033174314482,83.46641452223362,18.178506472808312,195961441900.0,217219441900.0,19.084674902610058,6.064101559647223,84.50256226821907,-37.09283397690706,1.2577514033747743,1.2577514033747743,6.721938477487235,40.06999481645453,93.66944454506252,-41.11668406208594,0.0130995157777515,-0.02695938521771,0.2177942658357027,0.1258623759291405,3.921416712783619,1.401596196298183,0.0,0.8919230769230769,0.0101907802914569,0.777950915465524,0.0,0.0,0.0170175516683728,3.278137128072445,0.2352467894166795,1.7234187259124916,0.0,50.81922565940948,0.0024275944600212,0.0096862076251999,-45.34756020796559,11825000000.0,152413000000.0,-71333000000.0,202536000000.0,15987500000.0,17820000000.0,6671000000.0,42.44190004641807,69.3204962044066,28.482225513793743,2.120545967583175,1.2983173076923078,3.159865438057627,0.016475934352997,4.072525453284083,2015-05-01,0.74,bmo,23948074766.0,2025-04-24,2015-03-31,0.8513513513513515,106.71704918032786,8660550.93442623
2014-12-31,CVX,USD,93410,2015-02-20,2015-02-20 11:36:43,2014,Q4,42111000000.0,29136000000.0,12975000000.0,0.3081142694,0,0.0,0.0,1368000000.0,10200000000.0,11568000000.0,40704000000.0,0.0,0.0,5126000000.0,6533000000.0,0.1551376125,1407000000.0,0.0334116977,3977000000.0,5384000000.0,0.1278525801,1912000000.0,3471000000.0,0.0824250196,1.86,1.85,1871332000,1883650000,https://www.sec.gov/Archives/edgar/data/93410/000009341015000010/0000093410-15-000010-index.htm,https://www.sec.gov/Archives/edgar/data/93410/000009341015000010/cvx-123114x10kdoc.htm,22.503222303685288,1.8548285392437045,3.471858547815139,-1.6945149230601515,7.061814792885495,83.46514675108425,81.01074528731407,82.84366429901269,14.865347249980228,209926023760.0,224959023760.0,15.119995949294152,4.985063849350526,32.31122422040942,-66.2018365689057,1.35411682895993,1.35411682895993,5.342048960129183,34.43426048675953,34.6250613760197,-70.94261234941659,0.0165343959640194,-0.0151053211183825,0.1794385530355806,0.1045687263650921,2.3010867901423544,1.322808995802794,0.0,1.871255760368664,0.0095366928032172,0.5767790262172284,0.0,0.0,0.0172652297143888,1.4880714175773433,0.2295837192182565,1.9839934332033653,0.0085013416921944,58.79938638149215,0.0038141043998946,0.0132768242723757,-43.18608349560634,10306000000.0,151598000000.0,-67603000000.0,198072000000.0,18355000000.0,20410500000.0,6904500000.0,35.76832656550545,58.69028006589786,20.09369851729819,2.516192638623327,1.5334736842105263,4.479016141429669,0.0223895038315659,5.166373470875291,2015-01-30,1.63,bmo,36714648648.0,2025-04-24,2014-12-31,0.1349693251533743,113.6096875,8579907.234375
2014-09-30,CVX,USD,93410,2014-11-07,2014-11-07 11:27:20,2014,Q3,51822000000.0,34689000000.0,17133000000.0,0.3306124812,0,0.0,0.0,1122000000.0,10005000000.0,11127000000.0,45816000000.0,0.0,0.0,4075000000.0,10081000000.0,0.1945312802,6006000000.0,0.1158967234,2857000000.0,8863000000.0,0.1710277488,3236000000.0,5593000000.0,0.1079271352,2.97,2.95,1880915000,1896492000,https://www.sec.gov/Archives/edgar/data/93410/000009341014000049/0000093410-14-000049-index.htm,https://www.sec.gov/Archives/edgar/data/93410/000009341014000049/cvx-09302014x10qdoc.htm,27.551484251016127,2.973552765542302,4.6147752556601445,0.2211689523450023,7.70369740259395,83.63323169840211,81.17644869651207,83.01278898833812,13.668347586148233,224430777800.0,235924777800.0,10.031770865367422,4.33080116166879,25.856080391705067,539.4970620192307,1.4373688856154734,1.4373688856154734,4.55259885376867,23.402914175181035,27.180273940092167,567.1268697115385,0.0249208243843639,0.0018535782127472,0.164653516075317,0.0968575637359615,1.1401646662037497,1.269494176013805,0.0,1.5425626443931046,0.0089649023174218,0.3597353835151082,0.0,0.0,0.0174094209041144,0.952073732718894,0.1594689514105978,2.093211752786221,0.0,74.52493164111041,0.0162948658298222,0.0214447298799892,-39.87500764255695,9995000000.0,152686000000.0,-61041000000.0,192712000000.0,20776000000.0,22722000000.0,7259500000.0,34.6891281695033,56.61420046700683,18.950099455158696,2.5944728146590568,1.5897071628248018,4.749315443592552,0.035820417573972,4.393606303315142,2014-10-31,2.55,bmo,44720949152.0,2025-04-24,2014-09-30,0.1568627450980393,127.60359375,5053447.171875
2014-06-30,CVX,USD,93410,2014-08-06,2014-08-06 11:15:14,2014,Q2,55583000000.0,37686000000.0,17897000000.0,0.3219869385,0,0.0,0.0,1077000000.0,10148000000.0,11225000000.0,48911000000.0,0.0,0.0,4197000000.0,10869000000.0,0.1955454006,6672000000.0,0.1200367019,2355000000.0,9027000000.0,0.1624057715,3337000000.0,5665000000.0,0.1019196517,3.0,2.98,1887543000,1902321000,https://www.sec.gov/Archives/edgar/data/93410/000009341014000042/0000093410-14-000042-index.htm,https://www.sec.gov/Archives/edgar/data/93410/000009341014000042/cvx-06302014x10qdoc.htm,29.44727616801313,3.0012561303239185,4.175269119696876,-0.556278717888811,7.541550046806881,81.9832978639427,79.5351417159768,81.36556359245856,12.475477379853068,246418738650.00003,256007738650.00003,10.87461335613416,4.433347222172247,31.267445584316715,-234.68451300000004,1.604487134801831,1.604487134801831,4.605863998884551,23.55393676051155,32.48416935033625,-243.81689395238092,0.0229893230970809,-0.0042610395855136,0.1533262578053275,0.0898624282088954,0.8822338761615603,1.3466196872935476,0.0,1.38506151142355,0.008193370403002,0.3563989408649602,0.0,0.0,0.0176343757751531,1.1332318233726684,0.1606786247593688,2.3245705361790736,0.0,74.12472712870756,0.0183477082948161,0.02200649512089,-38.81871830204663,12592000000.0,150126000000.0,-58378000000.0,191267000000.0,20931500000.0,23477500000.0,7343500000.0,34.939100084558234,56.41537971660564,17.230536538767712,2.575910649735842,1.595309655843881,5.223284823284823,0.0368860731470689,4.731547837585687,2014-08-01,2.66,bmo,49677731543.0,2025-04-24,2014-06-30,0.1203007518796991,124.41095238095238,5824544.476190476
2014-03-31,CVX,USD,93410,2014-05-02,2014-05-02 12:05:13,2014,Q1,50978000000.0,34953000000.0,16025000000.0,0.3143512888,0,0.0,0.0,927000000.0,9457000000.0,10384000000.0,45337000000.0,0.0,0.0,4270000000.0,9911000000.0,0.1944171996,5641000000.0,0.1106555769,2287000000.0,7928000000.0,0.1555180666,3407000000.0,4512000000.0,0.0885087685,2.38,2.36,1895032000,1909424000,https://www.sec.gov/Archives/edgar/data/93410/000009341014000024/0000093410-14-000024-index.htm,https://www.sec.gov/Archives/edgar/data/93410/000009341014000024/cvx-03312014x10qdoc.htm,26.90086499858577,2.380962432296658,4.441613650851279,-0.0670173379657968,8.539697482681031,80.10946516998129,77.66148539971884,79.50314295484192,12.165493775303002,225338255120.0,232780255120.0,12.485497291666666,4.420303957001059,26.77180172508019,-1774.316969448819,1.4956641408194555,1.4956641408194555,4.566288499352662,23.487060349107058,27.655964728525603,-1832.9153946456693,0.0200232312866593,-0.0005635971572264,0.1530190294767723,0.0892742353952555,0.7508828574311371,1.3954055873443283,0.0,1.8617562486175625,0.0084095796294812,0.4199911347517731,0.0,0.0,0.0179640486682827,1.0150885113460852,0.1676017105418023,2.068765133171913,0.0,65.26189488562419,0.0142593398701561,0.0177918682644647,-37.62218791028331,14097000000.0,147171000000.0,-56679000000.0,187963000000.0,20953500000.0,23073500000.0,6926000000.0,35.8125073561144,60.077246588275685,19.239550253197148,2.513088489031304,1.4980713183610492,4.677864025695931,0.0299480290187905,4.508630988817076,2014-05-02,2.51,bmo,54114961864.0,2025-04-24,2014-03-31,-0.0597609561752987,116.29344262295082,6666454.163934426
2013-12-31,CVX,USD,93410,2014-02-21,2014-02-21 11:21:41,2013,Q4,53950000000.0,36326000000.0,17624000000.0,0.3266728452,0,0.0,0.0,1176000000.0,10458000000.0,11634000000.0,47960000000.0,0.0,0.0,3972000000.0,9962000000.0,0.184652456,5990000000.0,0.1110287303,2208000000.0,8198000000.0,0.1519555144,3240000000.0,4930000000.0,0.0913809082,2.6,2.57,1903930000,1919324000,https://www.sec.gov/Archives/edgar/data/93410/000009341014000011/0000093410-14-000011-index.htm,https://www.sec.gov/Archives/edgar/data/93410/000009341014000011/cvx-123113x10kdoc.htm,28.33612580294444,2.589380912113365,5.48969762543791,-0.6097913263617886,8.674688670276744,79.0086820418818,76.57214288340433,78.31853061824752,10.73096174754324,237819896300.0,242005896300.0,12.059832469574037,4.408153777571826,22.753530070799847,-204.84056528854435,1.594897133717382,1.594897133717382,4.4857441390176085,24.29290266010841,23.154027583237657,-208.4460777777778,0.0207299728773786,-0.0048818455396828,0.1370168932286252,0.0805153042525605,0.4201967476410359,1.5218971470107214,0.0,2.108108108108108,0.0080018536279212,0.3860040567951318,0.0,0.0,0.0182815572623771,1.1110792192881744,0.2152548656163114,3.1947730398899585,0.009545875810936,67.54939996456125,0.0163839649576958,0.0197901362428446,-35.40229945428666,17232000000.0,145788000000.0,-53076000000.0,186700000000.0,21631500000.0,22982000000.0,6636500000.0,36.07006487488415,56.52562902604196,15.80686010020371,2.495143834982888,1.5921981152750384,5.693730407523511,0.0330621743241702,6.099488951799699,2014-01-31,2.57,bmo,54010000000.0,2025-04-24,2013-12-31,0.0,120.87375,5910716.0
2013-09-30,CVX,USD,93410,2013-11-08,2013-11-08 11:17:00,2013,Q3,56603000000.0,38480000000.0,18123000000.0,0.3201773758,0,0.0,0.0,1197000000.0,9991000000.0,11188000000.0,49668000000.0,0.0,0.0,3925000000.0,10860000000.0,0.1918626221,6935000000.0,0.1225200078,1900000000.0,8835000000.0,0.1560871332,3839000000.0,4950000000.0,0.0874511952,2.58,2.57,1914047000,1929831000,https://www.sec.gov/Archives/edgar/data/93410/000009341013000045/0000093410-13-000045-index.htm,https://www.sec.gov/Archives/edgar/data/93410/000009341013000045/cvx-09302013x10qdoc.htm,29.57241906807931,2.586143391463219,5.389627318451428,0.3704193261711964,9.707180649169011,76.31630780226399,73.89212490602372,75.64025334801079,9.707703102379408,232556710500.0,234123710500.0,11.745288409090907,4.108558035793156,22.54330268514928,328.006643864598,1.6062875865975037,1.6062875865975037,4.1362420808084375,21.558352716390424,22.695202646374565,330.2167990126939,0.0212851307939359,0.0030487187339193,0.1283404361129722,0.0749723609777354,0.1442909760589318,1.5985360023902002,0.0,2.0648518815052044,0.0082345506000782,0.3868686868686868,0.0,0.0,0.0187219070521873,0.9312718107793718,0.1697259862551454,2.6262985237834884,0.0,66.34283819526144,0.0182488722299237,0.0203537858041595,-33.179827872565305,20033000000.0,141433000000.0,-48262000000.0,181605000000.0,20957000000.0,22379000000.0,7158000000.0,34.40966026535696,54.14267151767152,16.121881496881496,2.615544568180768,1.6622748282863191,5.582474974611925,0.0341900413734036,5.019207992280231,2013-11-01,2.71,bmo,59776062256.0,2025-04-24,2013-09-30,-0.0516605166051661,122.914375,5023584.5
2013-06-30,CVX,USD,93410,2013-08-07,2013-08-07 11:33:32,2013,Q2,55307000000.0,37685000000.0,17622000000.0,0.3186215126,0,0.0,0.0,1139000000.0,9956000000.0,11095000000.0,48780000000.0,0.0,0.0,3479000000.0,10006000000.0,0.1809174246,6527000000.0,0.1180139946,2062000000.0,8589000000.0,0.1552967979,3185000000.0,5365000000.0,0.0970039959,2.8,2.77,1921391000,1936783000,https://www.sec.gov/Archives/edgar/data/93410/000009341013000028/0000093410-13-000028-index.htm,https://www.sec.gov/Archives/edgar/data/93410/000009341013000028/cvx-06302013x10qdoc.htm,28.784875124323992,2.792247907895894,4.43428745112265,-0.027584182501115,11.604093076318147,75.03105822812743,72.61614111859585,74.34249457814677,10.390389046269084,228799240280.0,228133240280.0,10.66166077726002,4.136894792340933,26.85437092488263,-4316.9667977358495,1.6017756826121352,1.6017756826121352,4.124852916990616,22.799644241455127,26.77620191079812,-4304.40076,0.0234485044331197,-0.0002316441258071,0.1397637933086438,0.0818035796236805,-0.066560063961623,1.6791069344267202,0.0,1.5766099185788305,0.0083960068995382,0.3580615097856477,0.0,0.0,0.0190126532485412,1.0062206572769954,0.1550075035709765,2.5126025791324738,0.0,68.34186262062093,0.0193209878559824,0.0224094432934571,-30.53608037093959,22691000000.0,139524000000.0,-43780000000.0,177923000000.0,21121000000.0,21613000000.0,7043500000.0,32.98985661851122,51.607005439830175,17.727743133872895,2.728111281014157,1.743949280392429,5.076788360501145,0.0375592441945939,4.461871633623765,2013-08-02,2.96,bmo,58980938628.0,2025-04-24,2013-06-30,-0.0641891891891891,120.863125,6434853.46875
2013-03-31,CVX,USD,93410,2013-05-02,2013-05-02 11:44:28,2013,Q1,54296000000.0,36391000000.0,17905000000.0,0.3297664653,0,0.0,0.0,998000000.0,9146000000.0,10144000000.0,46535000000.0,0.0,0.0,3493000000.0,11254000000.0,0.2072712539,7761000000.0,0.1429387064,2522000000.0,10283000000.0,0.1893878002,4044000000.0,6178000000.0,0.1137837041,3.2,3.18,1929014000,1943931000,https://www.sec.gov/Archives/edgar/data/93410/000009341013000010/0000093410-13-000010-index.htm,https://www.sec.gov/Archives/edgar/data/93410/000009341013000010/cvx-03312013x10qdoc.htm,28.147022261113708,3.202672453388104,2.9621350596729727,-1.2845940983321014,9.87447473165047,73.3462794982307,70.94090556107939,72.64540329930213,7.3317249123127155,230729364540.0,227498364540.0,9.33673375445128,4.249472604611758,40.37965777738887,-93.11112370460047,1.6464909625073143,1.6464909625073143,4.189965458597318,20.21488933179314,39.81420450472524,-91.8072496125908,0.0267759589782468,-0.0107398553493194,0.1009248290921546,0.0595720483551661,-0.2870979207392927,1.5769352746143863,0.0,0.9158518993428434,0.0075196323773483,0.2808352217546131,0.0,0.0,0.0195442483467419,1.4336716835841792,0.1508766759982319,2.353346739442689,0.0,72.35217495188894,0.0229906406549303,0.0265412209477166,-29.58363702907288,20011000000.0,136846000000.0,-41228000000.0,170624000000.0,21483000000.0,22196500000.0,6404000000.0,36.415389715632834,53.46184496166635,16.480998048968154,2.471482543584141,1.6834435860665218,5.4608343337334935,0.04408637447015,4.246729158005074,2013-04-26,3.08,bmo,52661220125.0,2025-04-24,2013-03-31,0.0324675324675324,115.99033333333334,5580633.283333333
2012-12-31,CVX,USD,93410,2013-02-22,2013-02-22 11:55:46,2012,Q4,54307000000.0,47372000000.0,6935000000.0,0.1276999282,0,0.0,0.0,-15115000000.0,16319000000.0,1204000000.0,48576000000.0,0.0,0.0,4109000000.0,21159000000.0,0.3896182813,5731000000.0,0.1055296739,6245000000.0,11976000000.0,0.2205240577,4679000000.0,7245000000.0,0.1334082163,3.73,3.7,1938257000,1952298000,https://www.sec.gov/Archives/edgar/data/93410/000009341013000003/0000093410-13-000003-index.htm,https://www.sec.gov/Archives/edgar/data/93410/000009341013000003/cvx-123112x10kdoc.htm,28.018472266577653,3.737894407191616,6.593552867344217,1.183537580413743,11.305518308459613,71.11131289607106,68.71740950761432,70.43647978570438,6.290187524151854,209603111980.0,200856111980.0,7.232681572808834,3.8595965893899495,16.40086948200313,91.37014471665212,1.5352839938765344,1.5352839938765344,3.698530796766531,9.49270343494494,15.716440687010955,87.55715430688753,0.0345653264952063,0.0109444939930991,0.0893029796958776,0.0523302229356774,-0.4133938276856184,1.628668303519233,0.0,1.7514046868576127,0.0083252580723443,0.240855762594893,0.0,0.0,0.0199157016421869,0.8205007824726135,0.1930874472904045,2.9504783342712435,0.008470362936638,76.96682913241338,0.0175563703934076,0.0317287227054155,-28.07535326842622,21508000000.0,133192000000.0,-39430000000.0,167496000000.0,21230500000.0,22882500000.0,7069500000.0,34.79717163533246,43.271130625686055,11.672718061302035,2.5864171072057918,2.0799086757990866,7.710286458333333,0.0530675925112068,5.4100152869304745,2013-02-01,3.03,bmo,52085422018.0,2025-04-24,2012-12-31,0.0792079207920792,109.14290322580644,6182692.064516129
2012-09-30,CVX,USD,93410,2012-11-06,2012-11-06 11:49:16,2012,Q3,55660000000.0,37352000000.0,18308000000.0,0.3289256198,0,0.0,0.0,1352000000.0,9408000000.0,10760000000.0,48112000000.0,0.0,0.0,3446000000.0,10994000000.0,0.1975206612,7548000000.0,0.135609055,2384000000.0,9932000000.0,0.1784405318,4624000000.0,5253000000.0,0.094376572,2.71,2.69,1945840000,1960141000,https://www.sec.gov/Archives/edgar/data/93410/000009341012000003/0000093410-12-000003-index.htm,https://www.sec.gov/Archives/edgar/data/93410/000009341012000003/cvx-9302012x10qdoc.htm,28.604612917814418,2.699605311844756,3.9725773958804425,0.1233400485137524,11.087242527648728,68.97894996505366,66.59437569378777,68.3206224561115,6.339678493606874,228149740000.0,219172740000.0,10.858068722634686,4.0989892202659,29.51484346701164,950.6239166666668,1.7161728887250736,1.7161728887250736,3.937706431908013,19.9356685464799,28.353523932729622,913.21975,0.0230243523398273,0.0010519407122708,0.0927930435305887,0.0543761901403484,-0.8165362925231945,1.6390983767417084,0.0,1.4562923888470234,0.0076747841132757,0.3333333333333333,0.0,0.0,0.0204527822836589,0.9689521345407504,0.1345670140136543,2.222551928783383,0.0,64.41949312163842,0.0208614136903984,0.0236383108935128,-26.195627595280182,22796000000.0,129582000000.0,-34177000000.0,160188000000.0,21087500000.0,22473500000.0,7590500000.0,34.70643190801294,55.39221460698222,19.264028699935743,2.593179276928811,1.6247770672930533,4.67191994996873,0.0395137692660653,3.84923734736669,2012-11-02,2.83,bmo,61518914396.0,2025-04-24,2012-09-30,-0.0918727915194347,111.41285714285716,5796996.301587301
2012-06-30,CVX,USD,93410,2012-08-02,2012-08-02 11:26:15,2012,Q2,59780000000.0,40056000000.0,19724000000.0,0.3299431248,0,0.0,0.0,1250000000.0,8947000000.0,10197000000.0,50253000000.0,0.0,0.0,3484000000.0,13011000000.0,0.2176480428,9527000000.0,0.1593676815,2828000000.0,12355000000.0,0.2066744731,5123000000.0,7210000000.0,0.1206088993,3.68,3.66,1954147000,1967990000,https://www.sec.gov/Archives/edgar/data/93410/000119312512330913/0001193125-12-330913-index.htm,https://www.sec.gov/Archives/edgar/data/93410/000119312512330913/d357441d10q.htm,30.591352646448808,3.6895893707075262,5.073825050009032,1.45741338804092,10.979214972056862,67.18481260621643,64.80986333167361,66.52365456641697,5.235532434356269,206162508500.0,195184508500.0,7.14849197295423,3.448686993977919,20.79299127584468,72.38852124297753,1.5859020477395631,1.5859020477395631,3.2650469805955167,15.001499385135654,19.685779979828546,68.53388641151686,0.0349724110967538,0.0138143449103404,0.0787018161957583,0.046636186690613,-0.8437475981861502,1.7150906418422345,0.0,1.3709900442477876,0.0085272536349643,0.2438280166435506,0.0,0.0,0.0211551698202653,0.7127584467977811,0.1182167949146871,2.151948842874543,0.0,74.3136043921273,0.0298084798555104,0.03357579934618,-24.31175853198352,23352000000.0,126648000000.0,-32082000000.0,157040000000.0,21358000000.0,22454500000.0,7266500000.0,31.180829708932755,49.33642899940084,16.145895745955663,2.8863888754768,1.8242098551780672,5.574172001113276,0.0554628183727316,3.616411661968112,2012-07-27,3.24,bmo,54194460674.0,2025-04-24,2012-06-30,0.0987654320987653,102.08333333333331,6971823.222222222
2012-03-31,CVX,USD,93410,2012-05-03,2012-05-03 10:58:21,2012,Q1,58896000000.0,39258000000.0,19638000000.0,0.3334352078,0,0.0,0.0,940000000.0,8438000000.0,9378000000.0,48636000000.0,0.0,0.0,3447000000.0,13707000000.0,0.2327322738,10260000000.0,0.174205379,1809000000.0,12069000000.0,0.2049205379,5570000000.0,6471000000.0,0.1098716381,3.3,3.27,1963862000,1978781000,https://www.sec.gov/Archives/edgar/data/93410/000119312512207154/0001193125-12-207154-index.htm,https://www.sec.gov/Archives/edgar/data/93410/000119312512207154/d316080d10q.htm,29.989887273138336,3.295038042387907,4.270666676171747,1.268928264816978,9.730826300422333,64.32529373245167,61.96209305949196,63.908258319576426,4.722836940681168,210545645020.0,200949645020.0,8.13420047210632,3.5748717233768,25.103808873256227,84.48862159711075,1.6775609728541037,1.6775609728541037,3.4119404546998098,14.660366602465894,23.95965720996781,80.63789928571428,0.0307344281539773,0.0118359132992909,0.0739002605432366,0.0431616175717809,-0.7000802509666594,1.61199170972356,0.0,1.290506231727958,0.0075518066395957,0.2457116365322206,0.0,0.0,0.0215970961887477,0.7028734946941696,0.1000916870415647,1.8393135725429013,0.0,68.83351802486598,0.0305192922542488,0.0307777920465733,-25.09175797484752,20965000000.0,121685000000.0,-33342000000.0,150404000000.0,21899000000.0,22549000000.0,6445000000.0,33.62622249388753,52.61577258138468,16.84319119669876,2.676482617586912,1.7105137031066184,5.34340547162107,0.0515588771941007,3.00173841135477,2012-04-27,3.26,bmo,60689476340.0,2025-04-24,2012-03-31,-0.0276073619631901,107.59532258064516,7019715.79032258
2011-12-31,CVX,USD,93410,2012-02-23,2012-02-23 13:51:37,2011,Q4,58418000000.0,66097000000.0,-7679000000.0,-0.1314492109,0,0.0,0.0,-14371000000.0,6379000000.0,-7992000000.0,58105000000.0,0.0,0.0,3313000000.0,13278000000.0,0.2272929577,313000000.0,0.0053579376,9652000000.0,9965000000.0,0.1705809853,4813000000.0,5123000000.0,0.0876955733,2.61,2.58,1972803000,1987146000,https://www.sec.gov/Archives/edgar/data/93410/000095012312002976/0000950123-12-002976-index.htm,https://www.sec.gov/Archives/edgar/data/93410/000095012312002976/f60351e10vk.htm,29.611674353698778,2.596812758293656,4.5985331530821885,0.8946661171946717,10.173849086806944,61.93269170819387,59.57969447532268,61.5276842137811,5.145977576068163,209906239200.0,204194239200.0,10.243326137029085,3.593177431613544,23.13781296296296,118.92704770538244,1.7293028554480896,1.7293028554480896,3.4953993495155604,15.378388251242656,22.50818333333333,115.69078708215298,0.0244061349463689,0.0084085161390476,0.0836367830485574,0.0484642485463589,-0.430185268865793,1.584345238095238,0.0,1.7608695652173914,0.0076129228273077,0.3119266055045872,0.0,0.0,0.0221602681000983,0.8054453262786596,0.1250813105549659,0.5659515142126869,0.0,59.95796190230889,0.0009183378388993,0.0250107405092954,-24.384467176905144,19634000000.0,117539000000.0,-34059000000.0,146884000000.0,21335500000.0,21446500000.0,5807500000.0,33.57475435653395,30.156134166452333,7.547543761441517,2.6805855091084294,2.984467422224229,11.92440916471225,0.0422055988532072,3.703867035887516,2012-01-27,2.84,bmo,63874682170.0,2025-04-24,2011-12-31,-0.0915492957746478,101.99746031746032,9406861.07936508
2011-09-30,CVX,USD,93410,2011-11-03,2011-11-03 11:17:58,2011,Q3,62205000000.0,37600000000.0,24605000000.0,0.3955469818,0,0.0,0.0,6493000000.0,6999000000.0,13492000000.0,51092000000.0,0.0,0.0,3215000000.0,14328000000.0,0.2303351821,11113000000.0,0.1786512338,2227000000.0,13340000000.0,0.2144522145,5483000000.0,7829000000.0,0.12585805,3.94,3.92,1984643000,1998673000,https://www.sec.gov/Archives/edgar/data/93410/000119312511294378/0001193125-11-294378-index.htm,https://www.sec.gov/Archives/edgar/data/93410/000119312511294378/d241403d10q.htm,31.3431685194768,3.94479007055677,5.805578131684137,2.3918659426405657,7.294510901960705,61.30875930834916,58.963753178783286,60.91322217648212,4.909195255771441,183758095370.0,179272095370.0,5.867866118597522,2.9540727492966803,15.948454727477868,38.71036346534653,1.520031229537352,1.520031229537352,2.881956359938912,12.512011122975991,15.559112599375108,37.76534555930061,0.0426049256999327,0.0258328755010321,0.0805932616985549,0.0477366376121392,-0.3130932439977666,1.639711794174037,0.0,1.4664630266004837,0.0084295605963974,0.1978541320730616,0.0,0.0,0.022802659493677,0.5880055545912168,0.1089140744313158,0.0,0.0,73.52905660462818,0.0380529772496168,0.039253929654792,-24.816301974712832,20687000000.0,117022000000.0,-29398000000.0,143718000000.0,22245500000.0,21755000000.0,6679000000.0,30.20689655172414,49.657978723404256,14.534042553191489,2.9794520547945207,1.8123975706160225,6.19235836627141,0.0647608175960162,3.413712189043571,2011-10-28,3.48,bmo,54384765306.0,2025-04-24,2011-09-30,0.1264367816091954,99.3109375,10777774.40625
2011-06-30,CVX,USD,93410,2011-08-04,2011-08-04 11:13:43,2011,Q2,67066000000.0,40759000000.0,26307000000.0,0.3922553902,0,0.0,0.0,6460000000.0,3262000000.0,9722000000.0,50481000000.0,0.0,0.0,3257000000.0,19842000000.0,0.2958578117,16585000000.0,0.2472937107,-3378000000.0,13207000000.0,0.1969254168,5447000000.0,7732000000.0,0.1152894164,3.88,3.85,1994007000,2008995000,https://www.sec.gov/Archives/edgar/data/93410/000095012311072688/0000950123-11-072688-index.htm,https://www.sec.gov/Archives/edgar/data/93410/000095012311072688/f59221e10vq.htm,33.63378363265525,3.877619286191071,5.361064429563186,1.4628835304991408,6.798371319659359,58.38996553171579,56.05597171925675,58.00029789263528,5.777311714552657,205063679880.0,203248679880.0,6.630356954216245,3.057639934989413,19.18275770626754,70.29951315735345,1.7730943415216207,1.7730943415216207,3.030577041720097,10.243356510432417,19.0129728606174,69.67729855330819,0.0377053606202943,0.0142248495770044,0.0996083110684547,0.0571097131129255,-0.0914726338070759,1.5333901192504258,0.0,1.3775773195876289,0.0075878868501264,0.2012415933781686,0.0,0.0,0.0230719275023919,0.7271281571562208,0.1159007544806608,0.0,0.0,71.13592031139734,0.0578673388733897,0.0392361833525319,-25.26483106629014,18786000000.0,111776000000.0,-31281000000.0,138194000000.0,22845500000.0,21887500000.0,6759000000.0,31.687740434795572,50.265217497975904,16.088225913295222,2.8402151357303183,1.7905025478826218,5.594153170463904,0.066855161560876,3.898180899064045,2011-07-29,3.56,bmo,61649028571.0,2025-04-24,2011-06-30,0.0814606741573033,103.55126984126984,7609699.761904762
2011-03-31,CVX,USD,93410,2011-05-05,2011-05-05 11:48:58,2011,Q1,58654000000.0,35201000000.0,23453000000.0,0.3998533774,0,0.0,0.0,6163000000.0,7855000000.0,14018000000.0,49219000000.0,0.0,0.0,3126000000.0,12561000000.0,0.2141541924,9435000000.0,0.1608585945,1687000000.0,11122000000.0,0.1896204862,4883000000.0,6211000000.0,0.1058921813,3.11,3.09,1994735000,2008584000,https://www.sec.gov/Archives/edgar/data/93410/000095012311045356/0000950123-11-045356-index.htm,https://www.sec.gov/Archives/edgar/data/93410/000095012311045356/f58560e10vq.htm,29.404407101695213,3.113696806844017,4.919951773042534,2.5913216542548256,6.664544413167664,55.57129142467546,53.23764810864601,55.19530163154504,5.8027758073127504,214414065150.0,212840065150.0,8.630416404363226,3.6555744731817095,21.847775132463827,41.4807632327336,1.9474483664850133,1.9474483664850133,3.62873913373342,16.944515974046652,21.687392006317506,41.176255591023406,0.0289673160930692,0.0241075602777451,0.1051316984559491,0.0594394462246323,-0.1253084945466125,1.5264611412961906,0.0,1.573008494951114,0.0066973218337864,0.2312027048784414,0.0,0.0,0.0239041574233834,0.4733034440595068,0.0791932349029904,1.4859245041586693,0.0,62.18426066912767,0.0324225682624216,0.032675543584051,-25.52594705562393,17538000000.0,106195000000.0,-33035000000.0,133268000000.0,21418500000.0,20135000000.0,5862500000.0,33.87697343744672,53.71978068804864,15.933638248913384,2.6566717999818823,1.6753605254390558,5.6484274711168165,0.0564123524069028,2.3286301187877085,2011-04-29,3.01,bmo,56899715210.0,2025-04-24,2011-03-31,0.026578073089701,98.53629032258064,8691106.08064516
2010-12-31,CVX,USD,93410,2011-02-24,2011-02-24 12:52:15,2010,Q4,52517000000.0,35452000000.0,17065000000.0,0.3249423996,0,0.0,0.0,1408000000.0,8397000000.0,9805000000.0,45257000000.0,0.0,4000000.0,3439000000.0,12209000000.0,0.2324771027,7260000000.0,0.1382409505,1506000000.0,8766000000.0,0.1669173791,3446000000.0,5295000000.0,0.1008244949,9.53,9.48,1996786000,2006541000,https://www.sec.gov/Archives/edgar/data/93410/000095012311017688/0000950123-11-017688-index.htm,https://www.sec.gov/Archives/edgar/data/93410/000095012311017688/f56670e10vk.htm,26.300765329885124,2.6517613805385256,4.1351451783015305,1.378715595962712,7.1189401367998375,52.99065598416656,50.67844025348735,52.625068485055486,5.749239027116577,182206722500.0,179622722500.0,8.602772544853634,3.469480787173677,22.06693986920189,66.18478841264076,1.7339644892987314,1.7339644892987314,3.4202776719919266,14.71232062412974,21.75399327843042,65.24617598982928,0.0290603986908331,0.0151092120105502,0.1092109896175331,0.062109985982497,-0.2116471455483659,1.683475803115952,1815.0,1.5520676691729325,0.0079085995304042,0.2721435316336166,0.0,0.0,0.0249879579366668,0.6665859270921642,0.1048041586533884,0.4213427237234938,0.0,56.03441171083593,0.0282538813402996,0.0293918468848527,-23.250989339869168,19829000000.0,101194000000.0,-30117000000.0,128950000000.0,19376500000.0,18248000000.0,5815000000.0,35.57533750975875,48.89174094550378,13.94477039377186,2.529842477961366,1.8408017030998496,6.454032404878937,0.050389699374768,2.7564295823388183,2011-01-28,2.41,bmo,51214475409.0,2025-04-24,2010-12-31,0.0124481327800829,85.1525,8590077.1875
2010-09-30,CVX,USD,93410,2010-11-05,2010-11-05 14:32:28,2010,Q3,48476000000.0,28610000000.0,19866000000.0,0.4098110405,0,0.0,0.0,5846000000.0,8380000000.0,14226000000.0,42836000000.0,0.0,9000000.0,3401000000.0,10283000000.0,0.2121255879,5640000000.0,0.1163462332,1233000000.0,6873000000.0,0.1417815001,3081000000.0,3768000000.0,0.0777291856,1.89,1.87,1997721000,2006785000,https://www.sec.gov/Archives/edgar/data/93410/000095012310101589/0000950123-10-101589-index.htm,https://www.sec.gov/Archives/edgar/data/93410/000095012310101589/f56750e10vq.htm,24.26565070898289,1.886149267089849,3.99555293256666,1.1978649671300448,5.536809194076651,51.54123123298999,49.22959712592499,51.1798194042111,5.320062210889309,161915287050.0,161539287050.0,10.742787091958595,3.340112365913029,20.28505224880982,67.6620505850397,1.583632004636014,1.583632004636014,3.332355950367192,15.70935398716328,20.23794626033575,67.50492563727539,0.0232714283416391,0.0147793333390505,0.1038604109816809,0.0599269747571938,-0.0365652047067976,1.6567225325884545,626.6666666666666,2.104957805907173,0.0088873634245272,0.381900212314225,0.0,0.0,0.0260610951529071,0.7002004510147832,0.1152941661853288,0.0,0.0,46.604586945154665,0.0206732979752126,0.021833226137292,-23.331085772237465,17633000000.0,98347000000.0,-29751000000.0,123983000000.0,17943500000.0,16803500000.0,6024000000.0,33.407459361333444,54.223348479552605,19.30548759175113,2.6940091141491607,1.6598015896037597,4.661886915430992,0.0368533787154132,2.797687965436615,2010-10-29,2.15,bmo,55824117647.0,2025-04-24,2010-09-30,-0.1302325581395348,75.98953125,9367452.671875
2010-06-30,CVX,USD,93410,2010-08-05,2010-08-05 11:54:06,2010,Q2,51354000000.0,30604000000.0,20750000000.0,0.4040581065,0,0.0,0.0,5727000000.0,3299000000.0,9026000000.0,39630000000.0,0.0,17000000.0,3141000000.0,11924000000.0,0.2321922343,11724000000.0,0.2282976983,-2958000000.0,8766000000.0,0.1706975114,3322000000.0,5409000000.0,0.1053277252,2.71,2.7,1996393000,2006000000,https://www.sec.gov/Archives/edgar/data/93410/000095012310073101/0000950123-10-073101-index.htm,https://www.sec.gov/Archives/edgar/data/93410/000095012310073101/f55996e10vq.htm,25.72339213772037,2.709386378333324,3.8083683923956855,1.52825621007487,4.73954777441115,50.23610080780688,47.92292900245593,49.87444856799237,5.254476448274463,135475228980.0,136552228980.0,6.261565399334443,2.638065758850333,17.818654344337762,44.40354932153392,1.360616547118079,1.360616547118079,2.6590378350274566,11.451880994632674,17.96030895436012,44.75654833824976,0.0399261181599369,0.0225207222233255,0.1051833401962458,0.0609795861330103,0.0903220395840322,1.6297235997385922,689.6470588235294,1.3965833945628214,0.0106071051572988,0.2656683305601774,0.0,0.0,0.0268885447113761,0.5987110351177167,0.0886396385870623,0.0,0.0,55.13987586568001,0.0498331642086291,0.0323644152984538,-22.8500851285293,16381000000.0,95673000000.0,-29061000000.0,119538000000.0,17907000000.0,16578500000.0,5994500000.0,31.358219418156327,48.14076591295256,17.38302182721213,2.870060917677304,1.869517409896152,5.177465741837253,0.0543241370306019,2.280112182320816,2010-07-30,2.44,bmo,46134977777.0,2025-04-24,2010-06-30,0.1065573770491804,76.56238095238096,12719957.0
2010-03-31,CVX,USD,93410,2010-05-05,2010-05-05 11:11:50,2010,Q1,46944000000.0,31733000000.0,15211000000.0,0.3240243695,0,0.0,0.0,1042000000.0,7734000000.0,8776000000.0,40509000000.0,0.0,20000000.0,3082000000.0,10752000000.0,0.2290388548,6435000000.0,0.1370782209,1215000000.0,7650000000.0,0.1629601227,3070000000.0,4552000000.0,0.0969665985,2.28,2.27,1994983000,2004217000,https://www.sec.gov/Archives/edgar/data/93410/000095012310044204/0000950123-10-044204-index.htm,https://www.sec.gov/Archives/edgar/data/93410/000095012310044204/f55136e10vq.htm,23.53102758269118,2.281723703911261,3.767951907359611,1.7794637849044328,3.739380235320301,48.14677618806777,45.83196949547941,47.79439223291627,5.215583290684682,151279560890.0,154288560890.0,8.308411736050088,3.2225536999403546,20.124991471331647,42.61396081408451,1.5865878078427669,1.5865878078427669,3.286651348202114,14.349754547061012,20.52528414127977,43.46156644788732,0.0300899868641864,0.0234664879982122,0.1089156677049575,0.0614744394194113,0.2798549107142857,1.4810273525357325,321.75,1.6412663755458514,0.0089701476657954,0.2981107205623902,0.0,0.0,0.0273364430658489,0.5277371291738726,0.084504942058623,1.2871512005191434,0.0,49.534896261294826,0.0271944845363393,0.0277030563433426,-24.5316626758223,13260000000.0,91434000000.0,-32054000000.0,115225000000.0,17812000000.0,16612000000.0,5803500000.0,34.357745398773005,47.61068918791164,17.23820628367945,2.619496679872775,1.890331804372431,5.220960842382363,0.0477404062968673,1.988488122455179,2010-04-30,1.94,bmo,38422686440.0,2025-04-24,2010-03-31,0.2164948453608247,74.6611475409836,10684442.573770491
2009-12-31,CVX,USD,93410,2010-02-25,2010-02-25 12:56:14,2009,Q4,47778000000.0,33505000000.0,14273000000.0,0.2987358198,0,0.0,0.0,1330000000.0,8020000000.0,9350000000.0,42855000000.0,0.0,0.0,3156000000.0,8977000000.0,0.1878898238,4923000000.0,0.1030390556,898000000.0,5821000000.0,0.121834317,2719000000.0,3070000000.0,0.0642555151,1.54,1.54,1992801000,1994983000,https://www.sec.gov/Archives/edgar/data/93410/000095012310016846/0000950123-10-016846-index.htm,https://www.sec.gov/Archives/edgar/data/93410/000095012310016846/f54086e10vk.htm,23.97529908907111,1.540545192420116,3.522679886250559,0.8355074089184018,4.426934751638523,46.4476884545923,44.130347184691296,46.12301980980539,5.275990929350196,153425748990.0,155223748990.0,12.493953500814332,3.211221670852693,21.8555197991453,92.147596990991,1.6692315532998236,1.6692315532998236,3.2488540539578885,17.291272027403362,22.11164515527065,93.22747687087087,0.0200096790806613,0.0108521549411404,0.1143895380464347,0.0638679147860844,0.2002896290520218,1.419861890046164,0.0,2.2285714285714286,0.0088446692222988,0.4420195439739414,0.0,0.0,0.0280523141033039,0.7628205128205128,0.1120808740424463,0.4421965317919075,0.0,39.98410208604919,0.0189018075819731,0.0191871402411204,-23.683373302201275,11005000000.0,87943000000.0,-34844000000.0,112091000000.0,17386500000.0,16076000000.0,5926000000.0,33.347356523923146,44.15251455006715,14.851813162214594,2.698864599220471,2.0383890004258687,6.059866160245976,0.0334007876928433,2.687172477332157,2010-01-29,1.7,bmo,52875555555.0,2025-04-24,2009-12-31,-0.0999999999999999,76.57765625,8900827.484375
2009-09-30,CVX,USD,93410,2009-11-05,2009-11-05 11:12:07,2009,Q3,45553000000.0,31372000000.0,14181000000.0,0.3113077075,0,0.0,0.0,1177000000.0,7874000000.0,9051000000.0,40423000000.0,0.0,14000000.0,2988000000.0,9190000000.0,0.2017430246,5130000000.0,0.1126160736,1058000000.0,6188000000.0,0.1358417667,2342000000.0,3831000000.0,0.0840998397,0.0,0.0,1992452000,2000586000,https://www.sec.gov/Archives/edgar/data/93410/000095012309058120/0000950123-09-058120-index.htm,https://www.sec.gov/Archives/edgar/data/93410/000095012309058120/f53312e10vq.htm,22.86278414737218,1.9227564829667163,3.345124499862481,1.3004077388062547,3.8590641079433774,45.78378801597228,43.46553894397456,45.49469698642677,5.297994631740187,140328394360.0,143302394360.0,9.157425891412164,3.0805521998551137,21.05452278469617,54.15993607101505,1.548092517706242,1.548092517706242,3.1458387891028035,15.593296448313383,21.5007343375844,55.30775544577384,0.0273002482318147,0.0184638327247799,0.1162985680559539,0.0648495026482366,0.3236126224156692,1.3996376954278738,366.4285714285714,1.7329693187727508,0.0096559217838969,0.3536935525972331,0.0,0.0,0.0284139492252139,0.6112528132033008,0.0894342853379579,0.0,0.0,44.364315957234304,0.0232040782616654,0.0242557394486583,-23.93332436615788,10148000000.0,86603000000.0,-35798000000.0,109024000000.0,16843500000.0,15649500000.0,6403500000.0,33.72555045770861,45.0831952059161,18.13942368991457,2.668599882835384,1.9963092586700604,4.961568875533765,0.0422633100191955,2.0447167610562262,2009-10-30,1.47,bmo,38613139534.0,2025-04-24,2009-09-30,0.1700680272108843,68.5040625,10094959.828125
2009-06-30,CVX,USD,93410,2009-08-06,2009-08-06 11:27:55,2009,Q2,39470000000.0,27887000000.0,11583000000.0,0.2934633899,0,0.0,0.0,1043000000.0,7923000000.0,8966000000.0,36853000000.0,0.0,6000000.0,3099000000.0,6451000000.0,0.1634405878,2617000000.0,0.0663035217,729000000.0,3346000000.0,0.0847732455,1585000000.0,1745000000.0,0.044210793,0.88,0.87,1991605000,1999667000,https://www.sec.gov/Archives/edgar/data/93410/000095012309030860/0000950123-09-030860-index.htm,https://www.sec.gov/Archives/edgar/data/93410/000095012309030860/f53053e10vq.htm,19.818186839257784,0.8761777561313614,1.6489213473555249,-0.5754153057458683,3.687478189701271,44.42648015043144,42.10724516156567,44.16437998498698,6.058430261020634,131943831250.0,136767831250.0,18.903127686246417,3.342889061312389,40.17778052679659,-115.13423320244328,1.5000776649082517,1.5000776649082517,3.465108468457056,21.201027941404437,41.64672084348356,-119.34365728621292,0.0132253246208507,-0.0086855140489942,0.1371108938356943,0.0748134316784635,0.7477910401488141,1.3687115596909003,436.1666666666667,1.8648495173197048,0.0098147824550153,0.7421203438395415,0.0,0.0,0.0286536684015607,1.348964677222899,0.1122371421332657,0.0,0.0,29.506890136271917,0.0100751783506498,0.0111443205477002,-24.94081406704643,9352000000.0,83861000000.0,-38005000000.0,107644000000.0,15516500000.0,14609500000.0,6456000000.0,37.89029642766658,50.29440240972496,20.92587944203392,2.3752783294216764,1.7894635523613962,4.300894509561998,0.0198390140748993,2.224336653101393,2009-07-31,0.95,bmo,43292701149.0,2025-04-24,2009-06-30,-0.0842105263157894,67.48730158730159,12576988.031746032
2009-03-31,CVX,USD,93410,2009-05-07,2009-05-07 11:18:40,2009,Q1,35519000000.0,24746000000.0,10773000000.0,0.3033024578,0,0.0,0.0,977000000.0,7226000000.0,8203000000.0,32949000000.0,0.0,8000000.0,2867000000.0,6048000000.0,0.1702750641,2570000000.0,0.0723556406,603000000.0,3173000000.0,0.0893324699,1319000000.0,1837000000.0,0.0517187984,0.92,0.92,1991128000,1999509000,https://www.sec.gov/Archives/edgar/data/93410/000089161809000166/0000891618-09-000166-index.htm,https://www.sec.gov/Archives/edgar/data/93410/000089161809000166/f52062e10vq.htm,17.838632172316395,0.9225926208661624,1.207355830463938,-1.7979758207408063,4.672728222394542,44.10364376373593,41.78385317267398,43.85102313864302,6.128184627005396,133883446719.99998,136927446719.99998,18.22039285792052,3.769347299191981,55.691949550748745,-37.39761081564245,1.5333735723202728,1.5333735723202728,3.8550479101326047,22.64012015873016,56.9581725124792,-38.24789014525139,0.0137208896619,-0.0267396760966806,0.1396584701018176,0.0764868967420621,0.5033068783068783,1.3688185433656048,321.25,1.296655879180151,0.0096725923310618,0.7049537289058248,0.0,0.0,0.0289726895236661,2.4891846921797005,0.1684732115205946,2.0871991628880364,0.0,30.17075045827873,0.0110782217788166,0.0118663884708055,-24.24756218585646,9181000000.0,83197000000.0,-37536000000.0,106348000000.0,15136000000.0,15107500000.0,6641000000.0,36.52805540696529,49.589832700234375,23.3783237694981,2.4638596004439512,1.814888155482215,3.8497199751088975,0.02103924959628,3.0053316512047443,2009-05-01,0.81,bmo,39360375000.0,2025-04-24,2009-03-31,-0.1111111111111112,67.98836065573771,16292167.098360656
2008-12-31,CVX,USD,93410,2009-02-26,2009-02-26 00:00:00,2008,Q4,45203000000.0,29329000000.0,15874000000.0,0.3511713824,0,0.0,0.0,1492000000.0,7136000000.0,8628000000.0,37957000000.0,0.0,0.0,2589000000.0,9835000000.0,0.2175740548,7246000000.0,0.1602990952,-6000000.0,7240000000.0,0.1601663606,2345000000.0,4895000000.0,0.1082892728,2.46,2.46,1991128000,1991128000,https://www.sec.gov/Archives/edgar/data/93410/000089161809000054/0000891618-09-000054-index.htm,https://www.sec.gov/Archives/edgar/data/93410/000089161809000054/f50714e10vk.htm,22.70220699020857,2.458405486739175,2.615602814083273,-0.4148402312658955,4.801298560413996,43.75258647359688,41.432795882534926,43.51704159652217,4.470330385590479,147283738160.0,146837738160.0,7.522152102145045,3.258273525208504,28.28028766513057,-178.30961036319613,1.6997938574462192,1.6997938574462192,3.248406923434285,14.930120809354348,28.1946501843318,-177.76965878934624,0.033235169484104,-0.0056082226749478,0.102725971747761,0.0552291130208171,-0.0453482460599898,1.138868937950848,0.0,1.0639427987742591,0.0088332901938343,0.2657814096016343,0.0,0.0,0.0286600688735147,1.1586021505376345,0.1334867154834856,2.3306295867130165,0.0,49.06227686440783,0.0371253154731301,0.0312687644526209,-24.69404277374433,4447000000.0,82498000000.0,-37578000000.0,100846000000.0,20389000000.0,19343500000.0,6571500000.0,31.56958608941884,50.87797060929455,21.03242524463841,2.8508451059535824,1.7689384800965018,4.279107090749927,0.056492936940264,3.030443045349169,2009-01-30,1.81,bmo,36663122065.0,2025-04-24,2008-12-31,0.1767955801104971,72.159375,21190651.625
2008-09-30,CVX,USD,93410,2008-11-06,2008-11-06 08:33:49,2008,Q3,77194000000.0,54914000000.0,22280000000.0,0.2886234681,0,0.0,0.0,1278000000.0,8334000000.0,9612000000.0,64526000000.0,0.0,0.0,2449000000.0,16790000000.0,0.2175039511,12668000000.0,0.1641060186,1673000000.0,14341000000.0,0.1857786875,6416000000.0,7893000000.0,0.1022488794,3.88,3.85,2032433000,2044616000,https://www.sec.gov/Archives/edgar/data/93410/000095013408019596/0000950134-08-019596-index.htm,https://www.sec.gov/Archives/edgar/data/93410/000095013408019596/f50197e10vq.htm,37.98107981911335,3.8835228516758,4.4837886414951935,2.1904781117015912,5.403868171792133,42.8870225980389,40.62372535773627,42.7832061376685,3.424959149944918,167635073840.0,163960073840.0,5.309612119599645,2.17160755810037,18.395157888730385,37.65388001796945,1.9278592570784552,1.9278592570784552,2.1240002311060446,9.765340907683145,17.991887834961044,36.82840831985624,0.0470844186672623,0.0265576880662171,0.0800538215608252,0.0420071208738157,-0.218880285884455,1.2009384908053269,0.0,1.154567338147726,0.0078921431517532,0.1676168757126568,0.0,0.0,0.0277593386035845,0.5114671348622847,0.0603803404409669,1.903225806451613,0.0,61.142170969232176,0.0550711638726209,0.0489913723542921,-22.49815861088656,7922000000.0,82565000000.0,-31198000000.0,98213000000.0,27756500000.0,25673500000.0,6330000000.0,29.05640334741042,36.23174418181156,10.307207633754595,3.097423962763823,2.4840095897227124,8.73175385593894,0.0907721323918393,2.293310529793602,2008-10-31,3.25,bmo,64317922077.0,2025-04-24,2008-09-30,0.1846153846153846,85.91453125,15252255.03125
2008-06-30,CVX,USD,93410,2008-08-07,2008-08-07 08:31:34,2008,Q2,81426000000.0,61304000000.0,20122000000.0,0.2471200845,0,0.0,0.0,1639000000.0,8281000000.0,9920000000.0,71224000000.0,0.0,0.0,2275000000.0,14040000000.0,0.1724264977,10202000000.0,0.1252916759,1563000000.0,11765000000.0,0.1444870189,5756000000.0,5975000000.0,0.0733795102,2.91,2.9,2050773000,2064888000,https://www.sec.gov/Archives/edgar/data/93410/000095013408014499/0000950134-08-014499-index.htm,https://www.sec.gov/Archives/edgar/data/93410/000095013408014499/f42584e10vq.htm,39.70502829908527,2.9135355302610284,3.51282175062769,1.30926240983278,4.196954026603627,40.22580753696289,37.96860988515062,40.115605188872685,3.249506405633388,203293127490.0,201777127490.0,8.50598859790795,2.4966611093508218,28.21947910744031,75.71438640223464,2.4711081768123693,2.4711081768123693,2.478042977550168,14.371590277065527,28.0090404622432,75.14976815270019,0.0293910575028853,0.0132075296058991,0.0810035493752127,0.0408668882538358,-0.1079772079772079,1.169981406077153,0.0,1.2056903765690377,0.0065717912675907,0.2235983263598326,0.0,0.0,0.0283872787705591,0.6272903942254303,0.0554982438041903,1.9863736263736265,0.0,51.28118976099663,0.0428959049553681,0.0377121505708893,-22.35071848517608,7222000000.0,77865000000.0,-30863000000.0,94245000000.0,27232500000.0,26365000000.0,6011500000.0,33.81217301598998,42.927052068380526,9.353223280699464,2.6617632637050117,2.096580027359781,9.62235127923403,0.0726284825205426,2.20355934079491,2008-08-01,3.03,bmo,84591331034.0,2025-04-24,2008-06-30,-0.0429042904290428,96.0828125,12322278.25
2008-03-31,CVX,USD,93410,2008-05-08,2008-05-08 08:32:49,2008,Q1,64702000000.0,46983000000.0,17719000000.0,0.2738555222,0,0.0,0.0,1347000000.0,7911000000.0,9258000000.0,56241000000.0,0.0,0.0,2215000000.0,11920000000.0,0.1842292356,8461000000.0,0.1307687552,1244000000.0,9705000000.0,0.1499953634,4509000000.0,5168000000.0,0.0798738833,2.5,2.48,2066420000,2080209000,https://www.sec.gov/Archives/edgar/data/93410/000095013408008862/0000950134-08-008862-index.htm,https://www.sec.gov/Archives/edgar/data/93410/000095013408008862/f40423e10vq.htm,31.31115649287173,2.500943661017605,3.9232101896032754,1.768759497101267,4.200985278888125,38.435071282701486,36.19448127679755,38.33005874894746,3.287811771082355,176389611200.0,174975611200.0,8.532779179566562,2.726184835090105,21.75769226594301,48.25981154582763,2.226972845491503,2.226972845491503,2.704330796575068,14.679162013422818,21.5832750955964,47.87294424076608,0.0292987776595314,0.0207211749894712,0.0857763300760043,0.0444496784366065,-0.1186241610738255,1.170687660487034,0.0,1.5686919504643964,0.0068144602838151,0.2325851393188854,0.0,0.0,0.0302917296381348,0.5491550511903294,0.0688077648295261,2.0099322799097066,0.0,46.44221832265102,0.0383285080239697,0.0348677951921844,-21.298429167352232,6049000000.0,74793000000.0,-31936000000.0,91072000000.0,23160000000.0,22623000000.0,5481000000.0,33.208556149732615,44.9971266202669,10.826894834301768,2.710144927536232,2.0001277139208176,8.312632696390658,0.0652475822538696,2.1544506925020084,2008-05-02,2.41,bmo,62833947580.0,2025-04-24,2008-03-31,0.0290456431535269,85.45590163934426,13150825.44262295
2007-12-31,CVX,USD,93410,2008-03-27,2008-03-27 08:38:03,2007,Q4,61410000000.0,43303000000.0,18107000000.0,0.2948542583,0,0.0,0.0,1833000000.0,5106000000.0,6939000000.0,50242000000.0,0.0,0.0,2094000000.0,13262000000.0,0.215958313,11168000000.0,0.181859632,-2590000000.0,8578000000.0,0.1396840905,3703000000.0,4875000000.0,0.0793844651,2.36,2.36,2066420000,2066420000,https://www.sec.gov/Archives/edgar/data/93410/000095013408005470/0000950134-08-005470-index.htm,https://www.sec.gov/Archives/edgar/data/93410/000095013408005470/f37829a1e10vkza.htm,29.718063123663143,2.359152544013318,3.427667173178734,0.8642967063810842,3.916919116152573,37.403819165513305,35.159841658520534,37.30509770520997,3.4997725534983206,192858978600.0,192728978600.0,9.89020403076923,3.140514225696141,27.22843125794155,107.98375061590146,2.501802856475716,2.501802856475716,3.138397306627585,14.532421851907706,27.210077453056613,107.91096226203808,0.0252775371693273,0.0092606525916756,0.0938148609381486,0.0486067237508905,-0.0098024430704267,1.1650689389904727,0.0,1.452923076923077,0.0062947548971412,0.249025641025641,0.0,0.0,0.0311655666527764,0.7478469575038825,0.0862563100472235,2.529608404966571,0.0,44.49931868588561,0.0546442877077351,0.0338191732166022,-21.249552365927546,5579000000.0,72655000000.0,-32117000000.0,88826000000.0,21101000000.0,20784000000.0,5484500000.0,32.89594528578407,45.21719049488488,11.036186869270027,2.735899492114408,1.990393454679169,8.154990583804143,0.0632394146948941,2.5633704667976502,2008-02-01,2.26,bmo,60166222222.0,2025-04-24,2007-12-31,-0.0044247787610618,90.06640625,9468297.796875
2007-09-30,CVX,USD,93410,2007-11-06,2007-11-06 08:30:09,2007,Q3,55173000000.0,38680000000.0,16493000000.0,0.2989324488,0,0.0,0.0,1446000000.0,8033000000.0,9479000000.0,48159000000.0,0.0,0.0,2496000000.0,9510000000.0,0.1723669186,7014000000.0,0.1271273993,-47000000.0,6967000000.0,0.1262755333,3249000000.0,3718000000.0,0.067388034,1.77,1.75,2109345000,2124198000,https://www.sec.gov/Archives/edgar/data/93410/000095013407022949/0000950134-07-022949-index.htm,https://www.sec.gov/Archives/edgar/data/93410/000095013407022949/f35025e10vq.htm,26.15646089188824,1.7626324759581766,2.704631058456535,0.6072975260092588,4.145362659972646,35.628595606693075,33.41037146602381,35.529512716032706,2.867714859352074,199206541800.0,197305541800.0,13.394737883270574,3.610580207710293,34.917886380368095,155.50861967213115,2.658071917698548,2.658071917698548,3.576124948797419,20.747165278654048,34.58466990359334,154.02462279469165,0.0186640457005313,0.0064305117112373,0.0807135994876174,0.0433452283703799,-0.1998948475289169,1.2743425969966704,0.0,1.5344271113501882,0.0061493964451723,0.3294782140935987,0.0,0.0,0.0335282399644582,0.7754601226993865,0.080184148043427,1.7724358974358974,0.0,37.53762301725544,0.0337147768712603,0.0275662650602409,-18.020048877732187,8075000000.0,70474000000.0,-26892000000.0,85652000000.0,19558000000.0,19074000000.0,5404500000.0,32.22663259202871,46.09824198552223,13.167269906928643,2.792721198623203,1.9523521098324248,6.835129881604524,0.0496103757472245,2.0973335324472764,2007-11-02,2.07,bmo,56263020304.0,2025-04-24,2007-09-30,-0.0483091787439612,88.08079365079365,11307616.396825396
2007-06-30,CVX,USD,93410,2007-08-03,2007-08-03 08:30:16,2007,Q2,56094000000.0,37535000000.0,18559000000.0,0.3308553499,0,0.0,0.0,1516000000.0,7899000000.0,9415000000.0,46950000000.0,0.0,0.0,2155000000.0,11300000000.0,0.2014475702,9144000000.0,0.1630120869,-82000000.0,9062000000.0,0.1615502549,3682000000.0,5380000000.0,0.0959104361,2.52,2.52,2127763000,2141583000,https://www.sec.gov/Archives/edgar/data/93410/000095013407016714/0000950134-07-016714-index.htm,https://www.sec.gov/Archives/edgar/data/93410/000095013407016714/f32319e10vq.htm,26.36289849950393,2.52847709072862,3.054381526513996,1.3168759866582886,5.688133499830573,34.960660562290066,32.7606975024944,34.86243533701827,3.848642917467782,179242755120.0,176215755120.0,8.329124308550185,3.195399777516312,27.58005156485613,63.96957713062098,2.416354428072635,2.416354428072635,3.14143678682212,15.59431461238938,27.11428760116941,62.88927734475375,0.0300151601463511,0.0156324309907204,0.1103951253050054,0.0586579373379367,-0.2678761061946902,1.306143199186592,0.0,1.207992565055762,0.0068900971711419,0.2295539033457249,0.0,0.0,0.0335300775038322,0.5688567471918756,0.0659072271544193,1.7155452436194896,0.0,44.53481283473434,0.0484911605872517,0.0398740040763387,-16.928577101867077,9334000000.0,69707000000.0,-25395000000.0,85132000000.0,18412500000.0,17454000000.0,4911000000.0,31.06214568403038,43.965365658718525,12.348474756893566,2.8974173553719007,2.0470658813263527,7.288349514563107,0.0725272651289448,1.7375055398557075,2007-07-27,2.3,bmo,55062202643.0,2025-04-24,2007-06-30,-0.0130434782608694,80.03015873015872,9233053.57142857
2007-03-31,CVX,USD,93410,2007-05-04,2007-05-04 08:31:20,2007,Q1,48227000000.0,32046000000.0,16181000000.0,0.3355174487,0,0.0,0.0,1131000000.0,7388000000.0,8519000000.0,40565000000.0,0.0,0.0,1963000000.0,9625000000.0,0.1995770004,7662000000.0,0.15887366,-102000000.0,7560000000.0,0.1567586622,2845000000.0,4715000000.0,0.0977668111,2.2,2.18,2145518000,2157879000,https://www.sec.gov/Archives/edgar/data/93410/000095013407010195/0000950134-07-010195-index.htm,https://www.sec.gov/Archives/edgar/data/93410/000095013407010195/f29711e10vq.htm,22.478021624614662,2.197604494578932,2.6520402066074484,1.1325936207479963,5.920714717844362,33.4063848450584,31.21996646031401,33.30664203236701,4.636642526420193,158682511280.0,156830511280.0,8.413706854718981,3.290325155618222,27.88796331810193,65.30144497119342,2.220578103554436,2.220578103554436,3.251923430443528,16.294079094025975,27.562480014059755,64.53930505349794,0.0297134193426031,0.0153135968191995,0.1392107472712006,0.0731438318897695,-0.1924155844155844,1.2879465798928886,0.0,1.2067868504772004,0.0070392130234756,0.2369034994697773,0.0,0.0,0.0344911253915268,0.5729349736379613,0.0675969892383934,1.6607233825776873,0.0,40.58181353965566,0.0433155526088875,0.0359060274911472,-16.869702328295546,8495000000.0,66983000000.0,-26335000000.0,83083000000.0,17546500000.0,16623500000.0,4664000000.0,32.59273850747506,46.541846096236654,13.121138363602322,2.7613512739765245,1.9337436640115857,6.859160958904109,0.0659809683739154,1.519446585859452,2007-04-27,1.67,bmo,41572225806.0,2025-04-24,2007-03-31,0.1137724550898204,71.03311475409835,10058716.50819672
2006-12-31,CVX,USD,93410,2007-02-28,2007-02-28 17:24:00,2006,Q4,47746000000.0,32297000000.0,15449000000.0,0.3235663721,0,0.0,0.0,1203000000.0,-2030000000.0,-827000000.0,31470000000.0,0.0,0.0,1988000000.0,18264000000.0,0.3825241905,16276000000.0,0.3408871947,-9645000000.0,6631000000.0,0.1388807439,2859000000.0,3772000000.0,0.0790013823,1.76,1.76,2145518000,2145518000,https://www.sec.gov/Archives/edgar/data/93410/000095014907000074/0000950149-07-000074-index.htm,https://www.sec.gov/Archives/edgar/data/93410/000095014907000074/f27542e10vk.htm,22.253833340013927,1.758083595663145,2.6772089537351818,0.7448084798169953,5.334842215259904,32.22718243333311,30.072458026453287,32.129770060190594,4.585372856345181,157759938540.0,157104938540.0,10.45598744300106,3.304149845850961,27.4651703586351,98.72336579474344,2.288531784144484,2.288531784144484,3.290431419176476,8.601891072054315,27.351138325208915,98.31347843554444,0.0239097456230537,0.0101293142909968,0.1427141510118227,0.0741773984377356,-0.0358628996933858,1.2779048892956455,0.0,1.522799575821845,0.0071120717362318,0.2974549310710498,0.0,0.0,0.0348568929637783,0.7217966573816156,0.0868344992250659,2.085513078470825,0.0,35.6504346073526,0.0870339143574528,0.0294675989219171,-17.00708173970109,7895000000.0,64521000000.0,-27180000000.0,81376000000.0,18183000000.0,16870000000.0,4931500000.0,33.22833326351946,46.4671641328916,12.974579682323435,2.708531881098253,1.9368515742128936,6.93664089347079,0.054718212809168,1.9324004739181864,2007-02-02,1.73,bmo,45972264367.0,2025-04-24,2006-12-31,0.0057803468208092,69.32238095238095,8525936.80952381
2006-09-30,CVX,USD,93410,2006-11-03,2006-11-03 08:30:42,2006,Q3,54212000000.0,36010000000.0,18202000000.0,0.3357559212,0,0.0,0.0,1428000000.0,4804000000.0,6232000000.0,42242000000.0,0.0,0.0,1923000000.0,13893000000.0,0.2562716742,11970000000.0,0.2207998229,-2646000000.0,9324000000.0,0.171991441,4307000000.0,5017000000.0,0.0925440862,2.3,2.29,2178472000,2189688000,https://www.sec.gov/Archives/edgar/data/93410/000095013406020382/0000950134-06-020382-index.htm,https://www.sec.gov/Archives/edgar/data/93410/000095013406020382/f24501e10vq.htm,24.885332471567228,2.302990352871187,3.087485173093801,1.5079376737456345,5.633765318076156,32.05411866666177,29.915463682801523,31.949917189663218,4.77077511209692,141295693920.0,140462693920.0,7.040845820211281,2.6063545694680146,21.007388331846567,43.01238779908676,2.0300522099939657,2.0300522099939657,2.5909889677562163,10.110321307133088,20.883540576865897,42.758810934550986,0.035507097639087,0.0232491161539567,0.1493204218269589,0.077489729423431,-0.0599582523573022,1.3230493767646856,0.0,1.340641817819414,0.0080257222887631,0.2260314929240582,0.0,0.0,0.0347372894625002,0.5115967885816235,0.0634730318010772,1.7893915756630263,0.0,40.6885475154081,0.0599875497656959,0.0387526841853207,-16.23247854459456,9382000000.0,65170000000.0,-25868000000.0,80929000000.0,18554000000.0,17066500000.0,5019500000.0,31.10787279569099,42.650652596500976,13.013885031935574,2.893158287970968,2.110167008496924,6.915690416746688,0.0720812620327002,1.579547499348167,2006-10-27,2.03,bmo,46962144104.0,2025-04-24,2006-09-30,0.1280788177339902,65.04825396825397,8985417.53968254
2006-06-30,CVX,USD,93410,2006-08-03,2006-08-03 08:31:30,2006,Q2,53536000000.0,36847000000.0,16689000000.0,0.3117341602,0,0.0,0.0,1207000000.0,6960000000.0,8167000000.0,45014000000.0,0.0,0.0,1807000000.0,10329000000.0,0.1929355947,8522000000.0,0.1591826061,-143000000.0,8379000000.0,0.1565115063,4026000000.0,4353000000.0,0.0813097729,1.98,1.97,2196134000,2206009000,https://www.sec.gov/Archives/edgar/data/93410/000095013406014650/0000950134-06-014650-index.htm,https://www.sec.gov/Archives/edgar/data/93410/000095013406014650/f21349e10vq.htm,24.37738316514384,1.9821194881550943,2.769867412462081,1.1037577852717548,5.069362798444904,30.570538956183917,28.430414537546437,30.465354117735984,4.712371831591333,136292076040.0,136561076040.0,7.827479671490926,2.54580237671847,22.405404576689136,56.22610397689769,2.0370680662421905,2.0370680662421905,2.550827033024507,13.221132349695033,22.44962617787276,56.33707757425743,0.0319387606857088,0.0177853333108565,0.1546796998774399,0.0788897951716304,0.0260431793978119,1.3633447709980606,0.0,1.397427061796462,0.0083937381632095,0.2628072593613599,0.0,0.0,0.0358278130550452,0.6015124116389939,0.068346533173939,2.0249031543995573,0.0,36.86033603322122,0.0423988734799759,0.0344156922274139,-16.72006352982104,9742000000.0,62437000000.0,-27492000000.0,80042000000.0,17907500000.0,16363000000.0,4530000000.0,30.882023311416617,41.689147013325375,11.802317692078052,2.914316820903647,2.158835247246309,7.625620860927152,0.0650614294682091,1.6661096271903262,2006-07-28,2.21,bmo,54884823809.0,2025-04-24,2006-06-30,-0.0497737556561085,59.78142857142857,9446354.047619049
2006-03-31,CVX,USD,93410,2006-05-04,2006-05-04 08:01:01,2006,Q1,54624000000.0,38717000000.0,15907000000.0,0.2912089924,0,0.0,0.0,1523000000.0,6582000000.0,8105000000.0,46822000000.0,0.0,0.0,1788000000.0,9590000000.0,0.1755638547,7802000000.0,0.14283099,-160000000.0,7642000000.0,0.1399018746,3646000000.0,3996000000.0,0.0731546573,1.81,1.8,2213980000,2223843000,https://www.sec.gov/Archives/edgar/data/93410/000095013406008713/0000950134-06-008713-index.htm,https://www.sec.gov/Archives/edgar/data/93410/000095013406008713/f18554e10vq.htm,24.67230959629265,1.804894353155855,2.606166270698019,1.4467158691587096,5.313507800431801,29.3832825951454,27.28570267120751,29.28707576400871,5.469787441620972,128344420600.0,129751420600.0,8.029555843343344,2.349597623755126,22.243400450606583,40.07006575085857,1.9793713946422788,1.9793713946422788,2.3753555323667253,13.529866590198123,22.48724793760832,40.50934142990946,0.0311349724539564,0.0249562854779836,0.1867645471229623,0.0948086212430811,0.1467153284671533,1.4281374058170624,0.0,1.443943943943944,0.0077603685095446,0.2492492492492492,0.0,0.0,0.0363576578904103,0.4448873483535528,0.0469939953134153,1.435682326621924,0.0,34.48697939085718,0.0395186078454146,0.032464841941066,-16.131694956594007,10569000000.0,60410000000.0,-27422000000.0,79513000000.0,17314500000.0,15866000000.0,4174500000.0,28.74286028119508,36.39796471834078,9.828240824444045,3.131212381771282,2.472665729978286,9.15728476821192,0.0616276738483367,1.1594504015393092,2006-04-28,1.78,bmo,52929288888.0,2025-04-24,2006-03-31,0.0112359550561797,58.02564516129033,9621990.403225806
2005-12-31,CVX,USD,93410,2006-03-01,2006-03-01 12:24:08,2005,Q4,60340000000.0,38339000000.0,22001000000.0,0.3646171694,0,0.0,0.0,1340000000.0,4615000000.0,5955000000.0,44294000000.0,0.0,0.0,1725000000.0,17771000000.0,0.2945144183,16046000000.0,0.265926417,-8887000000.0,7159000000.0,0.1186443487,3015000000.0,4144000000.0,0.0686774942,1.87,1.87,2213980000,2213980000,https://www.sec.gov/Archives/edgar/data/93410/000095014906000076/0000950149-06-000076-index.htm,https://www.sec.gov/Archives/edgar/data/93410/000095014906000076/f16935e10vk.htm,27.254085402758832,1.871742292161628,2.6861127923468144,1.2529471810946802,5.0334691370292415,28.399533871128018,26.30556734929855,28.30919881841751,5.813060641920885,125687644600.0,128514644600.0,7.582507516891892,2.082990464037123,21.13462999831848,45.30917253064168,2.0053552332631317,2.0053552332631317,2.129841640702685,7.231705846604018,21.60999572893896,46.3282785147801,0.0329706234307138,0.0220705862444016,0.2053417576105686,0.1022784166315672,0.1590793990208767,1.3728359521810405,0.0,1.4350868725868726,0.0087359422120955,0.2649613899613899,0.0,0.0,0.0368424817019382,0.5335463258785943,0.0525853496851176,1.8394202898550724,0.0,34.52852886276782,0.0914549472894343,0.0341922654851192,-16.650782753231738,9325000000.0,58240000000.0,-28621000000.0,77651000000.0,17480500000.0,15612500000.0,3838000000.0,25.630759032151143,37.73337854404132,9.673961240512272,3.511405959031657,2.3851561527933307,9.303324435816547,0.0661178122407301,1.4331656112521345,2006-01-27,1.89,bmo,61297777777.0,2025-04-24,2005-12-31,-0.0158730158730157,58.37095238095238,9262149.698412698
2005-09-30,CVX,USD,93410,2005-11-03,2005-11-03 08:31:12,2005,Q3,54456000000.0,39468000000.0,14988000000.0,0.2752313795,0,0.0,0.0,1337000000.0,6816000000.0,8153000000.0,47621000000.0,0.0,0.0,1534000000.0,8369000000.0,0.1536837079,6835000000.0,0.1255141766,-160000000.0,6675000000.0,0.1225760247,3081000000.0,3594000000.0,0.0659982371,1.65,1.64,2181387000,2193851000,https://www.sec.gov/Archives/edgar/data/93410/000095013405020352/0000950134-05-020352-index.htm,https://www.sec.gov/Archives/edgar/data/93410/000095013405020352/f13984e10vq.htm,24.963933497357417,1.6475756021283705,2.541960688314361,1.4628307585953342,5.033494744398862,27.681928974546928,26.03572864420665,27.59116103653318,6.35238038917441,141201180510.0,145250180510.0,9.822007547996662,2.592940732150727,25.464595222723176,44.24982153243497,2.346041180155183,2.346041180155183,2.6672943387321872,17.355739097861154,26.194802616771867,45.51870276089,0.0254530449888517,0.0225989612018435,0.2302324422217422,0.1110256471889046,0.4838092962122117,1.370235436988287,0.0,1.5428491930996104,0.0071387505144024,0.2804674457429048,0.0,0.0,0.0287719635603201,0.424526600541028,0.043227559864845,1.5345501955671448,0.0,31.981506915078395,0.0365958146676353,0.029649062020492,-17.57310830219489,9451000000.0,56794000000.0,-29446000000.0,77024000000.0,16310500000.0,13787500000.0,3454000000.0,29.380233583076247,34.549255092733354,8.106567345697782,3.063284018675817,2.604976569203353,11.10210970464135,0.0597138917041886,1.079129929719027,2005-10-28,1.91,bmo,62225237804.0,2025-04-24,2005-09-30,-0.1413612565445026,60.56546875,8121934.625
2005-06-30,CVX,USD,93410,2005-08-03,2005-08-03 08:33:45,2005,Q2,48343000000.0,33982000000.0,14361000000.0,0.297064725,0,0.0,0.0,1152000000.0,6631000000.0,7783000000.0,41765000000.0,0.0,0.0,1320000000.0,7898000000.0,0.1633742217,6578000000.0,0.1360693379,-122000000.0,6456000000.0,0.1335457047,2772000000.0,3684000000.0,0.0762054486,1.77,1.76,2077743000,2085763000,https://www.sec.gov/Archives/edgar/data/93410/000095014905000525/0000950149-05-000525-index.htm,https://www.sec.gov/Archives/edgar/data/93410/000095014905000525/f11081e10vq.htm,23.267073935515604,1.7730778060616736,2.3453333737618176,1.448206058208354,6.486365253065466,23.433119495529525,23.433119495529525,23.35948189934944,5.4236736689763845,116187388560.0,115139388560.0,7.884594771986971,2.4033963254245703,23.84309225528422,38.61328965104686,2.393888710415164,2.393888710415164,2.381717902488468,14.578296854899977,23.6280296655038,38.26500118311731,0.0317073999653375,0.025897819352796,0.2321829607499742,0.1137823101777059,-0.1326918207141048,1.6455616425073931,0.0,1.3227470141150923,0.0078149617721298,0.2464712269272529,0.0,0.0,0.0,0.3825159039605992,0.0385578056802432,1.412121212121212,0.0,30.52718502628121,0.0474780812088508,0.0371970920840064,-11.582520071057871,13316000000.0,48688000000.0,-16409000000.0,57985000000.0,14254500000.0,12122500000.0,3224500000.0,27.63502471919409,32.904478841739746,8.880289565063856,3.25673672864457,2.73518995492595,10.134804652549954,0.0759039868136396,0.8971273155534636,2005-07-29,1.69,bmo,45385142045.0,2025-04-24,2005-06-30,0.0414201183431953,54.6228125,9137957.890625
2005-03-31,CVX,USD,93410,2005-05-04,2005-05-04 15:09:27,2005,Q1,41607000000.0,28960000000.0,12647000000.0,0.3039632754,0,0.0,0.0,1152000000.0,6460000000.0,7612000000.0,36572000000.0,0.0,0.0,1334000000.0,6369000000.0,0.1530752037,5035000000.0,0.121013291,-128000000.0,4907000000.0,0.1179368856,2230000000.0,2677000000.0,0.0643401351,1.28,1.28,2090609000,2099899000,https://www.sec.gov/Archives/edgar/data/93410/000095013405008933/0000950134-05-008933-index.htm,https://www.sec.gov/Archives/edgar/data/93410/000095013405008933/f07987e10vq.htm,19.90185634903514,1.2804881257088243,1.7889524057344055,1.1623407342071137,5.668683144480867,22.365253378321817,22.365253378321817,22.2863290074806,5.283627880679744,121903410790.0,122262410790.0,11.384330480948824,2.9298774434590333,32.59449486363636,50.166012670781896,2.616402189002404,2.616402189002404,2.9385057992645467,19.19648465850212,32.6904841684492,50.31374929629629,0.0219600090157575,0.0199338146837097,0.2370793269230769,0.1152991033683705,0.0563667765740304,1.583765375622649,0.0,1.3970862906238326,0.0070711721223694,0.3220022413149047,0.0,0.0,0.0,0.3502673796791444,0.0314850866440743,0.9820089955022488,0.0,25.339515432298192,0.0357879175891521,0.0279427575336889,-12.148732737685526,11485000000.0,46757000000.0,-17887000000.0,55700000000.0,13047000000.0,11284000000.0,3039500000.0,29.55872809863725,36.73653314917127,9.621546961325969,3.044785949506037,2.449877336942729,9.354005167958656,0.0574562156593406,0.6266116715272918,2005-04-29,1.38,bmo,43653281250.0,2025-04-24,2005-03-31,-0.0724637681159419,56.75262295081967,6591913.032786885
2004-12-31,CVX,USD,93410,2005-03-03,2005-03-03 08:36:36,2004,Q4,48552000000.0,29447000000.0,19105000000.0,0.3934956335,0,0.0,0.0,1319000000.0,4351000000.0,5670000000.0,35117000000.0,0.0,0.0,1285000000.0,14720000000.0,0.3031800956,13435000000.0,0.2767136266,-8102000000.0,5333000000.0,0.1098409952,1874000000.0,3440000000.0,0.0708518702,1.65,1.65,2090609000,2090609000,https://www.sec.gov/Archives/edgar/data/93410/000095013405004137/0000950134-05-004137-index.htm,https://www.sec.gov/Archives/edgar/data/93410/000095013405004137/f04196e10vk.htm,23.223854867170285,1.6454535496594531,1.6937648312046871,0.7638922438389962,5.138215706523793,21.717116878383283,21.717116878383283,21.63484420090031,5.391730352256209,109777878590.0,111758878590.0,7.978043502180232,2.2610372093837534,31.0019425557752,68.74006173450219,2.4271032188812733,2.4271032188812733,2.301838824147306,7.592315121603261,31.56138903981926,69.9805125798372,0.031336003611873,0.0145475574907445,0.2492151227061684,0.1209338254227105,0.1345788043478261,1.5165203511572227,0.0,1.029360465116279,0.0080344055772302,0.2563953488372093,0.0,0.0,0.0,0.5489974583451003,0.0400395452298566,1.51284046692607,0.0,28.30159804146693,0.1158327481604595,0.0369067032872714,-12.556508653698517,9708000000.0,45402000000.0,-19303000000.0,54166000000.0,12490500000.0,10861000000.0,2968500000.0,23.03942165101335,32.84646992902503,9.117057764797773,3.906348056963553,2.7400204708290685,9.871605766007375,0.0760557152332522,0.929872587365691,2005-01-28,1.4,bmo,43003199999.0,2025-04-24,2004-12-31,0.1142857142857144,53.3515625,5412364.5
2004-09-30,CVX,USD,93410,2004-11-03,2004-11-03 08:31:03,2004,Q3,38680000000.0,28380000000.0,10300000000.0,0.2662874871,0,0.0,0.0,1231000000.0,4127000000.0,5358000000.0,33738000000.0,0.0,0.0,1199000000.0,6161000000.0,0.1592812823,4942000000.0,0.1277662875,-130000000.0,4812000000.0,0.1244053775,1875000000.0,3201000000.0,0.0827559462,1.51,1.51,2113243000,2119329000,https://www.sec.gov/Archives/edgar/data/93410/000095013404016230/0000950134-04-016230-index.htm,https://www.sec.gov/Archives/edgar/data/93410/000095013404016230/f02658e10vq.htm,18.303621495492948,1.5147335162118127,1.5227780241079705,0.8640747893167042,5.225144481727846,20.36632796133715,20.36632796133715,20.273106311011087,5.609861241702919,113354354520.0,115172354520.0,8.853042371134022,2.930567593588418,35.2250946302051,62.07795975903615,2.6458698128005227,2.6458698128005227,2.977568627714581,18.693776094789808,35.79004180236171,63.07357859802848,0.0282388798697205,0.016108776832899,0.276714439101816,0.1302460997582948,0.2950819672131147,1.473264492383192,0.0,1.0053108403623867,0.0074280340050936,0.2630427991252733,0.0,0.0,0.0,0.4325668116842759,0.0359875904860393,1.1609674728940784,0.0,26.285698700202143,0.0416076334441501,0.0351680949241924,-12.326078922300937,9258000000.0,43039000000.0,-19161000000.0,53140000000.0,12109000000.0,10503000000.0,3077500000.0,29.205791106514997,34.80443974630021,9.367864693446087,3.0815806246016573,2.585876993166287,9.60731211916046,0.074716399794594,0.6587032347912664,2004-10-29,1.37,bmo,42396148437.0,2025-04-24,2004-09-30,-0.0656934306569343,48.730625,6167693.84375
2004-06-30,CVX,USD,93410,2004-08-04,2004-08-04 06:05:28,2004,Q2,35275000000.0,24851000000.0,10424000000.0,0.2955067328,0,0.0,0.0,986000000.0,4211000000.0,5197000000.0,30048000000.0,0.0,0.0,1263000000.0,6490000000.0,0.1839829908,5227000000.0,0.1481785967,905000000.0,6132000000.0,0.1738341602,2056000000.0,4125000000.0,0.1169383416,1.94,1.94,2122715000,2127344000,https://www.sec.gov/Archives/edgar/data/93410/000095013404011227/0000950134-04-011227-index.htm,https://www.sec.gov/Archives/edgar/data/93410/000095013404011227/f00715e10vq.htm,16.617869096887713,1.9432660531442043,2.0982562425949784,1.3350826653601635,4.398612154716955,19.41758549781765,19.41758549781765,19.327135296071305,5.712024459242056,99894967900.0,103680967900.0,6.054240478787879,2.831891364989369,22.42814726088909,35.24875366972477,2.4349185370253013,2.4349185370253013,2.939219501063076,15.975495824345147,23.27816971261787,36.58467462949894,0.0412933712950319,0.0283697973939686,0.2955442889874713,0.1369081896503054,0.5833590138674885,1.3714391027328734,0.0,1.0797575757575757,0.0077681590605926,0.1881212121212121,0.0,0.0,0.0,0.363718006286484,0.0459248759744861,1.2826603325415675,0.0,29.06973913403872,0.0486786368315049,0.0465770129738152,-13.029539999481797,7054000000.0,41218000000.0,-21300000000.0,51247000000.0,11445000000.0,9861000000.0,3051500000.0,29.76442239546421,36.32811556878999,11.592692446984024,3.023744213955083,2.4774199980061806,7.76351140268666,0.1005459952225418,0.7631735772348148,2004-07-30,1.36,bmo,32514666666.0,2025-04-24,2004-06-30,0.1249999999999999,45.70887096774193,6385345.354838709
2004-03-31,CVX,USD,93410,2004-05-07,2004-05-07 08:06:24,2004,Q1,33645000000.0,22279000000.0,11366000000.0,0.3378213702,0,0.0,0.0,1021000000.0,4098000000.0,5119000000.0,27398000000.0,0.0,0.0,1190000000.0,7437000000.0,0.2210432457,6247000000.0,0.1856739486,-1972000000.0,4275000000.0,0.1270619706,1724000000.0,2562000000.0,0.076148016,1.21,1.2,2126735000,2130735000,https://www.sec.gov/Archives/edgar/data/93410/000095014904000945/0000950149-04-000945-index.htm,https://www.sec.gov/Archives/edgar/data/93410/000095014904000945/f98722e10vq.htm,15.820024591686318,1.2046634865180663,1.6349004459888044,0.9982437868375704,3.235475976085408,18.08546904057158,18.08546904057158,17.945818355366324,5.832884680037711,93342399150.0,99889399150.0,9.108352766393445,2.7743319705751226,26.84567131147541,43.96721580310881,2.445695099041032,2.445695099041032,2.968922548669936,13.431410400699209,28.72861637906241,47.051059420631184,0.0274473339375271,0.0227442193401132,0.325027511397579,0.1457576932567238,0.8803280892833132,1.2800470667339048,0.0,1.3571428571428572,0.0083241914400697,0.3032786885245901,0.0,0.0,0.0,0.3894161633592177,0.0402437212067171,1.13781512605042,0.0,22.05493419711106,0.0541941119183556,0.0301032817512073,-14.056288160019935,4998000000.0,38463000000.0,-23799000000.0,49231000000.0,10473000000.0,9183000000.0,2775000000.0,30.02407489968792,39.14852551730329,11.723147358499034,2.997594440484676,2.29893715818801,7.677119228118539,0.0671278100927527,0.6366566591512341,2004-04-30,1.01,bmo,27149292682.0,2025-04-24,2004-03-31,0.2178217821782178,43.55483870967742,5293271.0322580645
2003-12-31,CVX,USD,93410,2004-03-09,2004-03-09 12:55:13,2003,Q4,30465000000.0,20615000000.0,9850000000.0,0.3233218447,0,0.0,0.0,1173000000.0,4142000000.0,5315000000.0,25930000000.0,0.0,0.0,1322000000.0,5857000000.0,0.1922534055,4535000000.0,0.1488593468,-1950000000.0,2585000000.0,0.0848514689,850000000.0,1735000000.0,0.056950599,0.82,0.82,2125436000,2125436000,https://www.sec.gov/Archives/edgar/data/93410/000095013404003128/0000950134-04-003128-index.htm,https://www.sec.gov/Archives/edgar/data/93410/000095013404003128/f96742e10vk.htm,14.333529685203413,0.8163031020458861,1.2006948221447271,0.3942720458296556,2.4780797916286352,17.202588080751433,17.202588080751433,17.076496304758177,5.9267839633844535,91818835200.0,100149835200.0,13.230379711815564,3.013912200886263,35.979167398119124,109.56901575178998,2.5297929521972726,2.5297929521972726,3.287373549975382,17.099169404131807,39.24366583072101,119.51054319809067,0.018895905139951,0.0091266677275383,0.3470725995316159,0.1546213330060145,1.422400546354789,1.205760039724412,0.0,1.4708933717579251,0.008516771077488,0.4507204610951009,0.0,0.0,0.0,0.6716300940438872,0.0562612834400131,1.2965204236006052,0.0,17.709910512961585,0.0453878615862096,0.021296182643918,-14.596769792174406,3315000000.0,36563000000.0,-25481000000.0,47853000000.0,9672500000.0,8371000000.0,2681000000.0,28.72082717872969,37.87290807664322,11.560514188697551,3.133614482616746,2.376368876080692,7.78512084592145,0.0478027276484364,0.8064227763150713,2004-01-30,0.8,bmo,31226624999.0,2025-04-24,2003-12-31,-0.025,38.148125,5044847.0
2003-09-30,CVX,USD,93410,2003-11-12,2003-11-12 13:58:10,2003,Q3,29526000000.0,20376000000.0,9150000000.0,0.3098963625,0,0.0,0.0,1197000000.0,3993000000.0,5190000000.0,25566000000.0,0.0,0.0,1409000000.0,5369000000.0,0.1818397345,3960000000.0,0.1341190815,-639000000.0,3321000000.0,0.1124771388,1360000000.0,1975000000.0,0.0668901985,1.01,1.01,2125436000,2128181000,https://www.sec.gov/Archives/edgar/data/93410/000095014903002647/0000950149-03-002647-index.htm,https://www.sec.gov/Archives/edgar/data/93410/000095014903002647/f94071e10vq.htm,13.891737977525551,0.9292211103980548,1.250566942500268,0.6441031393088289,2.4592601235699405,16.70763081080776,16.70763081080776,16.58200952651597,6.24060192826319,75941828280.0,84822828280.0,9.612889655696202,2.572032387726072,28.571041489841985,55.4724823082542,2.1547448723186924,2.1547448723186924,2.872818135880241,15.798626984540885,31.91227550037622,61.959699254930605,0.0260067481219718,0.0180269560399896,0.376347747134264,0.1631267602169448,1.6541255354814677,1.1778488407846996,0.0,1.3458227848101263,0.010244683563997,0.3939240506329114,0.0,0.0,0.0,0.4849510910458992,0.0436564383932805,0.914833215046132,0.0,18.619558248233403,0.0349508958222775,0.0242894565310966,-15.05514633232899,2892000000.0,35511000000.0,-26647000000.0,48808000000.0,9664000000.0,8250500000.0,2820500000.0,29.332452753505383,35.63162544169612,11.987632508833922,3.0682739270497765,2.5258460394198585,7.507737656595431,0.0560379071615026,0.6064638031914393,2003-10-31,0.81,bmo,26770500000.0,2025-04-24,2003-09-30,0.1358024691358024,36.23859375,4918528.125
2003-06-03,CVX,USD,93410,2003-08-12,2003-08-12 16:18:41,2003,Q2,29361000000.0,19266000000.0,10095000000.0,0.3438234393,0,0.0,0.0,1061000000.0,4159000000.0,5220000000.0,24486000000.0,0.0,0.0,1411000000.0,6286000000.0,0.2140935254,4875000000.0,0.1660365791,-1903000000.0,2972000000.0,0.1012227104,1372000000.0,1600000000.0,0.0544940567,0.76,0.75,2124512000,2127418000,https://www.sec.gov/Archives/edgar/data/93410/000095014903001899/0000950149-03-001899-index.htm,https://www.sec.gov/Archives/edgar/data/93410/000095014903001899/f92216e10vq.htm,13.820114925215767,0.7531141269147926,1.7759372505309454,1.1541473994969198,1.8484244852464944,16.200426262595833,16.200426262595833,16.051215526200842,6.171299573737405,77480952640.0,87499952640.0,12.10639885,2.638907143489664,20.53563547309833,31.599083458401307,2.272102068561039,2.272102068561039,2.980142115050578,13.919814292077632,23.191082067320437,35.685135660685155,0.0206502365482531,0.0316464875101979,0.3844755285768745,0.1626957536048445,1.593859370028635,1.1114138661822586,0.0,2.358125,0.0098604879517908,0.4775,0.0,0.0,0.0,0.3501192684866154,0.0449916555975613,0.9362154500354358,0.0,16.49208708005321,0.0400045010192428,0.0198545653091107,-15.76773866186682,1840000000.0,34418000000.0,-27813000000.0,48254000000.0,9951000000.0,8482000000.0,2879000000.0,29.74864616327782,39.39894113983183,13.673310495172844,3.025347758887172,2.2843253497747216,6.582166040314315,0.0469194451775607,0.6217898510340257,2003-08-01,0.76,bmo,27548592592.0,2025-04-24,2003-06-03,0.0657894736842105,34.29666666666667,6567422.476190476
2003-03-31,CVX,USD,93410,2003-05-09,2003-05-09 16:00:02,2003,Q1,30762000000.0,20239000000.0,10523000000.0,0.3420778883,0,0.0,0.0,1009000000.0,3871000000.0,4880000000.0,25119000000.0,0.0,0.0,1242000000.0,6885000000.0,0.2238150965,5643000000.0,0.1834406085,-1843000000.0,3800000000.0,0.1235290293,1721000000.0,1920000000.0,0.0624146674,0.91,0.91,2124034000,2127200000,https://www.sec.gov/Archives/edgar/data/93410/000095014903001091/0000950149-03-001091-index.htm,https://www.sec.gov/Archives/edgar/data/93410/000095014903001091/f89902e10vq.htm,14.482819013254966,0.9039403324052252,1.5687131185282346,0.9561993828724022,2.148741498488254,15.60003276783705,15.60003276783705,15.44843444125659,7.199978908058911,68648778880.0,80137778880.0,8.938643083333332,2.231609741889344,20.60287481392557,33.80048196947317,2.0921213811599064,2.0921213811599064,2.605090009752292,11.63947405664488,24.050954045618248,39.45730127031019,0.0279684508788745,0.0295853769453094,0.4660652790052723,0.1881011537231556,1.6687000726216412,1.0061340206185567,0.0,1.7354166666666666,0.0108669085185627,0.3885416666666667,0.0,0.0,0.0,0.3904561824729892,0.0422924387230999,1.047504025764895,0.0,17.725699328639216,0.0467661627484246,0.0236156552114339,-16.261392237600717,119000000.0,33135000000.0,-28648000000.0,46717000000.0,9791000000.0,8492500000.0,2797000000.0,29.83323581041545,37.93171599387321,12.589060724344089,3.0167696381288613,2.3726846424384527,7.149063935005299,0.058513394081614,0.6125137356558322,2003-05-02,0.91,bmo,27543267326.0,2025-04-24,2003-03-31,0.1098901098901098,32.67622950819672,6838137.803278688
2002-12-31,CVX,USD,93410,2003-03-17,2003-03-17 17:23:02,2002,Q4,27058000000.0,18355000000.0,8703000000.0,0.3216423978,0,0.0,0.0,1107000000.0,3889000000.0,4996000000.0,23351000000.0,0.0,0.0,1271000000.0,4978000000.0,0.1839751645,3707000000.0,0.1370019957,-2111000000.0,1596000000.0,0.0589844039,692000000.0,904000000.0,0.0334097125,0.43,0.43,2124034000,2124034000,https://www.sec.gov/Archives/edgar/data/93410/000095014903000567/0000950149-03-000567-index.htm,https://www.sec.gov/Archives/edgar/data/93410/000095014903000567/f87939e10vk.htm,12.73896745532322,0.4256052398407935,1.4980927800590762,0.5381269791349856,1.780103331679248,15.021887596902875,15.021887596902875,14.879234513195176,7.6594819103649,70602890160.0,83914890160.0,19.525135553097343,2.609316659028753,22.188211866750475,61.76980766404199,2.233985892924946,2.233985892924946,3.10129684973021,16.85714948975492,26.371744236329352,73.41635184601925,0.0128040084187964,0.0161891389631463,0.5147766105556258,0.2103052004291679,2.6741663318601847,0.8943449386194405,0.0,3.519911504424779,0.0103253563465736,0.8064159292035398,0.0,0.0,0.0,0.6407919547454431,0.0753566412890827,1.6042486231313926,0.0,11.9367208188349,0.0334129670223521,0.0116857767034217,-15.654528129022417,-2100000000.0,31907000000.0,-27676000000.0,42055000000.0,9192500000.0,7991000000.0,2890000000.0,31.216276147534927,41.45736856442386,13.547807137019886,2.883111347895578,2.1709047900650504,6.643141512848353,0.0286039741804834,0.9599658009240908,2003-01-31,0.64,bmo,32976937500.0,2025-04-24,2002-12-31,-0.21875,34.543125,6319881.40625
2002-09-30,CVX,USD,93410,2002-11-12,2002-11-08 21:42:02,2002,Q3,25681000000.0,17155000000.0,8526000000.0,0.3319964176,0,0.0,0.0,1032000000.0,4101000000.0,5133000000.0,22288000000.0,0.0,0.0,1514000000.0,4907000000.0,0.1910751139,3393000000.0,0.1321210233,-3431000000.0,-38000000.0,-0.0014796932,866000000.0,-904000000.0,-0.0352011215,-0.43,-0.42,2123266000,2127324000,https://www.sec.gov/Archives/edgar/data/93410/000095014902002234/0000950149-02-002234-index.htm,https://www.sec.gov/Archives/edgar/data/93410/000095014902002234/f85714e10vq.htm,12.095046028147204,-0.4257591842001897,1.4430598898112623,0.5119471606477944,1.6851397799427863,15.268459062595078,15.268459062595078,15.12810924302466,7.779053590082448,73528701580.0,87278701580.0,-20.33426481747788,2.863155701880768,23.99761800913838,67.64369970561178,2.289116203729648,2.289116203729648,3.3985709894474514,17.786570527817403,28.485215920365537,80.29319372585097,-0.0122945187467568,0.0147833427850936,0.5142118863049095,0.2160581841014036,2.8021194212349703,0.951348747591522,0.0,-3.3893805309734515,0.0101728982550598,-0.827433628318584,0.0,0.0,0.0,0.6452349869451697,0.0769829835286787,1.3058124174372523,0.0,,1.282393343350751,-0.0118251860766282,-15.16131280772169,-909000000.0,32419000000.0,-26253000000.0,42953000000.0,8968500000.0,7268500000.0,2980500000.0,31.54082784938281,39.4887787816963,15.82803847274847,2.8534444444444444,2.2791284708383155,5.686112031819689,-0.028143582080259,0.931112729163468,2002-10-31,0.65,bmo,28292627118.0,2025-04-24,2002-09-30,-0.0923076923076923,37.818125,6686684.53125
2002-06-30,CVX,USD,93410,2002-08-09,2002-08-09 16:58:08,2002,Q2,25333000000.0,16528000000.0,8805000000.0,0.3475703628,0,0.0,0.0,1153000000.0,3627000000.0,4780000000.0,21308000000.0,0.0,0.0,1241000000.0,5266000000.0,0.2078711562,4025000000.0,0.1588836695,-2742000000.0,1283000000.0,0.0506454032,876000000.0,407000000.0,0.0160660009,0.2,0.2,2120868000,2124578000,https://www.sec.gov/Archives/edgar/data/93410/000095014902001622/0000950149-02-001622-index.htm,https://www.sec.gov/Archives/edgar/data/93410/000095014902001622/f83457e10vq.htm,11.944637761520283,0.1919025606496962,1.229213699296703,0.4106809098916104,1.6101897902179674,16.050975355373367,16.050975355373367,15.916124907349255,7.906196896742277,93954452400.0,108070452400.0,57.71158009828009,3.7087771839103145,36.03929896432681,107.86963536165328,2.783340810522573,2.783340810522573,4.265995042040027,20.52230391188758,41.45395182201764,124.07629437428244,0.0043318862449141,0.0092704494332191,0.4967413200616187,0.2159655856366399,2.680592480060767,0.8833449755513422,0.0,6.405405405405405,0.008142243187615,1.87960687960688,0.0,0.0,0.0,0.6658995013425393,0.0685272174633876,1.3988718775181306,0.0,8.289919500222332,0.0197438015244009,0.0052420081914427,-15.092994943579704,-2338000000.0,34042000000.0,-25896000000.0,41441000000.0,8979000000.0,7192500000.0,2986500000.0,31.750286187976155,38.1715876089061,16.030977734753147,2.834620118608034,2.357774607703281,5.614130434782608,0.0120571157720109,0.8185327894050927,2002-07-30,0.69,bmo,30006672413.0,2025-04-24,2002-06-30,-0.1594202898550724,43.7775,4895606.25
2002-03-31,CVX,USD,93410,2002-05-15,2002-05-15 13:18:05,2002,Q1,20844000000.0,13650000000.0,7194000000.0,0.3451352907,0,0.0,0.0,863000000.0,3297000000.0,4160000000.0,17810000000.0,0.0,0.0,1205000000.0,4239000000.0,0.2033678756,3034000000.0,0.1455574746,-1719000000.0,1315000000.0,0.0630876991,590000000.0,725000000.0,0.0347821915,0.34,0.34,2120160000,2124020000,https://www.sec.gov/Archives/edgar/data/93410/000095014902001024/0000950149-02-001024-index.htm,https://www.sec.gov/Archives/edgar/data/93410/000095014902001024/f81693e10-q.htm,9.831333484265338,0.341955324126481,0.5060938797071919,-0.3641234623801977,2.0451286695343747,16.232265489397026,16.232265489397026,16.09454003471436,8.412100973511434,95089176000.0,109399176000.0,32.78937103448276,4.561944732297064,88.61992171481828,-123.17250777202072,2.786659320692788,2.786659320692788,5.248473229706391,25.807779193205945,101.9563616029823,-141.70877720207253,0.0076244219426194,-0.0081186948133823,0.5226679951938575,0.2267064954874793,3.375796178343949,0.8383298614255955,0.0,1.48,0.0078768166000302,1.033103448275862,0.0,0.0,0.0,1.7194780987884437,0.0885146804835924,1.5311203319502074,0.0,11.127951618350114,0.0254404897657153,0.009215711198678,-14.922812429250625,-3570000000.0,34415000000.0,-25743000000.0,39876000000.0,8650000000.0,6901000000.0,2988500000.0,38.95077720207254,48.62637362637363,19.97142857142857,2.3106085799800464,1.8508474576271183,4.506437768240343,0.021246666471295,0.8702173420873897,2002-04-25,0.35,bmo,15715142857.0,2025-04-24,2002-03-31,0.2571428571428572,43.33283333333333,5298093.333333333
2001-12-31,CVX,USD,93410,2002-03-27,2002-03-27 00:00:00,2001,Q4,69032000000.0,46536000000.0,22496000000.0,0.3258778537,0,0.0,0.0,2544000000.0,9871000000.0,12415000000.0,58951000000.0,0.0,0.0,4974000000.0,15055000000.0,0.2180872639,10081000000.0,0.1460337235,-8836000000.0,1245000000.0,0.0180351141,1406000000.0,-804000000.0,-0.0116467725,-0.38,-0.38,2120160000,2120160000,https://www.sec.gov/Archives/edgar/data/93410/000095014902000568/0000950149-02-000568-index.htm,https://www.sec.gov/Archives/edgar/data/93410/000095014902000568/f80065e10-k405.htm,32.55980680703343,-0.3792166628933665,2.180024149120821,-0.8843672175684854,1.4857369255150554,16.150196211606673,16.150196211606673,16.016715719568335,8.215417704324201,95004369600.0,110305369600.0,-29.54115970149254,1.3762366670529609,20.55481817395067,-50.66899712,2.797702149714353,2.797702149714353,1.5978874956541893,7.326826276984391,23.865289831241885,-58.82953045333333,-0.0084627686430119,-0.0197359343353824,0.5129277342599682,0.2245397823957098,1.0163400863500498,0.8873341725573739,0.0,-5.748756218905473,0.0168729081277962,-1.993781094527363,0.0,0.0,0.0,1.405668541756815,0.0941157723954108,0.0,0.0,,-0.0199496134414469,-0.0103645645335945,-15.327970530526,-2327000000.0,34241000000.0,-25004000000.0,40906000000.0,5699000000.0,4633500000.0,2000500000.0,10.793689882952831,12.429731820526044,5.701392470345539,8.338205097233965,7.2407032830247395,15.78561736770692,-0.0236763060250898,3.0643913666893066,2002-01-29,0.45,bmo,91122240000.0,2025-04-24,2001-12-31,-0.4666666666666667,43.69109375,6222121.9375
2001-09-30,CVX,USD,93410,2001-11-13,2001-11-13 00:00:00,2001,Q3,11909000000.0,7382000000.0,4527000000.0,0.3801326728,0,0.0,0.0,537000000.0,1966000000.0,2503000000.0,9885000000.0,0.0,65000000.0,713000000.0,2737000000.0,0.2298261819,2024000000.0,0.1699554958,-65000000.0,1959000000.0,0.1644974389,791000000.0,1168000000.0,0.0980770846,0.91,0.91,1286652000,1288948000,https://www.sec.gov/Archives/edgar/data/93410/000009341001500018/0000093410-01-500018-index.htm,https://www.sec.gov/Archives/edgar/data/93410/000009341001500018/q30110q.txt,9.255804988450643,0.9077823685036824,1.5388776452374069,0.8533776032680165,3.969993440339735,17.87818306737175,17.87818306737175,17.87818306737175,5.167675486456322,53846386200.0,57013386200.0,11.5253395119863,4.521486791502225,27.195144545454543,49.04042459016394,2.340841898882754,2.340841898882754,4.787420119237551,20.830612422360247,28.794639494949497,51.924759744990894,0.0216913349702194,0.0203913405798809,0.2862235360605139,0.1478586988254845,1.1571063207891852,1.2201620825147348,31.13846153846153,1.6952054794520548,0.0078185376904643,0.3604452054794521,0.0,0.0,0.0,0.4454545454545454,0.0740616340582752,0.0,0.0,19.10925785613942,0.03183712712549,0.0262300972400009,-10.532956852357902,1793000000.0,23003000000.0,-11589000000.0,24834000000.0,3336000000.0,2982000000.0,1047500000.0,23.57124863548577,34.62476293687347,12.837984286101328,3.8182109650529017,2.5992957746478877,7.010446343779677,0.0507759857409903,0.6855000419693903,2001-10-25,0.73,bmo,8646260273.0,2025-04-24,2001-09-30,0.2739726027397261,44.68677966101695,5708661.118644068
2001-06-30,CVX,USD,93410,2001-08-09,2001-08-09 00:00:00,2001,Q2,13006000000.0,8069000000.0,4937000000.0,0.3795940335,0,0.0,0.0,462000000.0,1961000000.0,2423000000.0,10492000000.0,0.0,75000000.0,690000000.0,3204000000.0,0.2463478395,2514000000.0,0.1932954021,-75000000.0,2439000000.0,0.1875288328,1115000000.0,1324000000.0,0.1017991696,1.03,1.02,1285768000,1289354000,https://www.sec.gov/Archives/edgar/data/93410/000009341001500008/0000093410-01-500008-index.htm,https://www.sec.gov/Archives/edgar/data/93410/000009341001500008/q20110q.txt,10.115355180716897,1.0297347577478986,1.8292569110446053,1.053067116307141,3.4345231799204834,17.28461122068678,17.28461122068678,17.28461122068678,5.276224015530018,58181002000.0,61995002000.0,10.985838746223564,4.4733970475165306,24.73682057823129,42.96972082717873,2.6179356551475883,2.6179356551475883,4.766646317084422,19.349251560549316,26.358419217687075,45.78655982274741,0.0227565692319977,0.0232722014653511,0.3018808495320374,0.1522869140846668,1.1903870162297128,1.0931627801675343,33.52,1.7764350453172206,0.0071672880436125,0.3149546827794562,0.0,0.0,0.0,0.4243197278911564,0.0767338151622328,0.0,0.0,20.011689367273856,0.0365923959547947,0.0300533424128929,-11.066732100970004,823000000.0,22224000000.0,-12174000000.0,23843000000.0,3488500000.0,3112000000.0,1087500000.0,24.5863447639551,34.84446647663899,11.622258024538358,3.660568533633549,2.582906530089629,7.743761996161228,0.0595752339812815,0.7761897947374643,2001-07-24,1.03,bmo,27380833333.0,2025-04-24,2001-06-30,0.0485436893203883,47.10650793650794,4840946.063492063
2001-03-31,CVX,USD,93410,2001-05-11,2001-05-11 00:00:00,2001,Q1,12298000000.0,7251000000.0,5047000000.0,0.4103919336,0,0.0,0.0,441000000.0,1871000000.0,2312000000.0,9563000000.0,0.0,87000000.0,682000000.0,3417000000.0,0.2778500569,2735000000.0,0.2223938852,-87000000.0,2648000000.0,0.2153195642,1048000000.0,1600000000.0,0.1301024557,1.25,1.25,1284050000,1286286000,https://www.sec.gov/Archives/edgar/data/93410/000009341001500004/0000093410-01-500004-index.htm,https://www.sec.gov/Archives/edgar/data/93410/000009341001500004/chv10q.txt,9.577508663992836,1.246057396518827,1.94930103967914,0.9088431135859196,2.9484833145126745,16.549199797515673,16.549199797515673,16.549199797515673,5.270044001401814,56369795000.0,60734795000.0,8.80778046875,4.583655472434542,22.52089292848581,48.30316623821765,2.6526962352941177,2.6526962352941177,4.938591234347048,17.774303482587065,24.264800239712343,52.04352613538989,0.0283839953648935,0.0207025766192692,0.3143529411764706,0.1560127986547399,1.2774363476733976,1.088384733546024,31.436781609195403,1.564375,0.0073975787919753,0.260625,0.0,0.0,0.0,0.5337594886136636,0.1086355504960156,0.0,0.0,21.54015293164492,0.0456132480218276,0.0373683350071233,-11.406487286320626,748000000.0,21250000000.0,-12356000000.0,23605000000.0,7093500000.0,5331500000.0,1893500000.0,25.057732964709707,38.47745138601572,14.062887877534132,3.591705607476636,2.339032258064516,6.39982347749338,0.0752941176470588,1.0404579260932207,2001-04-25,1.09,bmo,10492788990.0,2025-04-24,2001-03-31,0.146788990825688,42.60241935483871,4773993.612903226
2000-12-31,CVX,USD,93410,2001-03-28,2001-03-28 00:00:00,2000,Q4,80655000000.0,54408000000.0,26247000000.0,0.3254230984,0,0.0,0.0,2464000000.0,8921000000.0,11385000000.0,65793000000.0,0.0,0.0,3170000000.0,18032000000.0,0.2235695245,14862000000.0,0.1842663195,-7466000000.0,7396000000.0,0.0916992127,3360000000.0,4036000000.0,0.0500402951,3.14,3.14,1284050000,1284050000,https://www.sec.gov/Archives/edgar/data/93410/000009341001000015/0000093410-01-000015-index.htm,https://www.sec.gov/Archives/edgar/data/93410/000009341001000015/0000093410-01-000015-0001.txt,62.81297457264125,3.1431797827187413,5.495113118648027,1.700868346248199,2.524045013823449,26.568280051399867,26.568280051399867,25.987305790272963,12.39437716599821,54212591000.0,67799591000.0,3.3580643582755205,0.6721541255966772,7.68319033446712,24.822614926739927,1.62463936587851,1.62463936587851,0.8406123736904098,3.759959571872227,9.608785572562358,31.043768772893777,0.0744476499933382,0.0402858442976835,0.4769396745482334,0.2050347199855709,0.7534937888198758,1.0751455494868256,0.0,1.7482656095143707,0.0279824293954148,0.3758671952428146,0.0,0.0,0.0,0.6904761904761905,0.0604054305374744,0.0,0.0,42.87029762859832,0.1266150283588973,0.0519962381314335,-24.03781005412561,1252000000.0,34115000000.0,-25593000000.0,45571000000.0,7245000000.0,5456500000.0,1855500000.0,12.010042774781477,12.510476400529331,4.390163211292457,7.493728514354734,7.193970646568822,20.50037678975132,0.1209505828763223,3.794244772399829,2001-01-24,1.1,bmo,73322727272.0,2025-04-24,2000-12-31,0.0909090909090907,41.46285714285714,4024571.4285714286
2000-09-30,CVX,USD,93410,2000-11-08,2000-11-08 00:00:00,2000,Q3,13621000000.0,8410000000.0,5211000000.0,0.38257103,0,0.0,0.0,399000000.0,2041000000.0,2440000000.0,10850000000.0,0.0,101000000.0,801000000.0,3572000000.0,0.2622421261,2771000000.0,0.2034358711,-101000000.0,2670000000.0,0.1960208502,1139000000.0,1531000000.0,0.1123999706,1.18,1.18,1297040000,1299154000,https://www.sec.gov/Archives/edgar/data/93410/000009341000000022/0000093410-00-000022-index.htm,https://www.sec.gov/Archives/edgar/data/93410/000009341000000022/0000093410-00-000022-0001.txt,10.50160365139086,1.1803799420218344,2.092456670572997,1.34460001233578,2.0508234133103067,14.583975821871338,14.583975821871338,14.583975821871338,5.531055325972985,55292815200.0,61023815200.0,9.02887250163292,4.059380016151531,20.373181724392044,31.704595871559636,2.923071220131106,2.923071220131106,4.480127391527788,17.08393482642777,22.484825055268978,34.99071972477064,0.0276889500826139,0.031541168480783,0.3739162613660393,0.1698362387744321,1.6044232922732362,1.0497578692493947,27.43564356435644,1.7726975832789027,0.0076140091344092,0.2749836708033965,0.0,0.0,0.0,0.3574060427413412,0.0712135672858086,0.0,0.0,19.680681696502216,0.0452682117438671,0.0367622340680977,-12.911128415469069,411000000.0,18916000000.0,-14059000000.0,23356000000.0,3944000000.0,3366000000.0,1284500000.0,24.625945231627632,35.85017835909631,11.3115338882283,3.6546820499060906,2.5104477611940297,7.956480605487228,0.0809367731021357,0.747856658237217,2000-10-24,0.72,bmo,12609506246.0,2025-04-24,2000-09-30,0.7500000000000001,42.095238095238095,3270260.3174603176
2000-06-30,CVX,USD,93410,2000-08-09,2000-08-09 00:00:00,2000,Q2,13224000000.0,8685000000.0,4539000000.0,0.3432395644,0,0.0,0.0,386000000.0,1893000000.0,2279000000.0,10964000000.0,0.0,126000000.0,699000000.0,2959000000.0,0.2237598306,2260000000.0,0.1709013914,-126000000.0,2134000000.0,0.1613732607,1018000000.0,1116000000.0,0.0843920145,0.86,0.86,1306634000,1309400000,https://www.sec.gov/Archives/edgar/data/93410/000009341000000011/0000093410-00-000011-index.htm,https://www.sec.gov/Archives/edgar/data/93410/000009341000000011/0000093410-00-000011-0001.txt,10.1206611797948,0.8541029852276919,1.921731716762307,1.2283470352064925,1.3194207406205565,14.34984854213192,14.34984854213192,14.34984854213192,5.869279385045851,55414347939.99999,61855347939.99999,12.413608409498208,4.190437684513007,22.068637172441257,34.52607348286604,2.955431890133333,2.955431890133333,4.677506650030248,20.90413921595133,24.633750673038627,38.53915759501557,0.020139188522228,0.0289636179015914,0.4022933333333333,0.1822949393397457,2.176748901655965,1.0202477370176275,17.936507936507937,2.25,0.0076514479690185,0.3799283154121863,0.0,0.0,0.0,0.3608124253285543,0.0685117967332123,0.0,0.0,16.606191337615698,0.0336156647910351,0.0269708540770457,-13.03138445808084,170000000.0,18750000000.0,-14062000000.0,25263000000.0,4087000000.0,3223000000.0,1480000000.0,28.318965517241377,35.04663212435233,15.66839378238342,3.1780821917808217,2.568007096392667,5.744047619047619,0.05952,0.6933846815558145,2000-07-25,0.86,bmo,31459386363.0,2025-04-24,2000-06-30,0.0232558139534883,44.906349206349205,3104863.492063492
2000-03-31,CVX,USD,93410,2000-05-05,2000-05-05 00:00:00,2000,Q1,11727000000.0,7583000000.0,4144000000.0,0.3533725591,0,0.0,0.0,377000000.0,1789000000.0,2166000000.0,9749000000.0,0.0,129000000.0,651000000.0,2629000000.0,0.2241835081,1978000000.0,0.1686705892,-129000000.0,1849000000.0,0.1576703334,805000000.0,1044000000.0,0.0890253262,0.8,0.8,1312264000,1316248000,https://www.sec.gov/Archives/edgar/data/93410/000009341000000007/0000093410-00-000007-index.html,https://www.sec.gov/Archives/edgar/data/93410/000009341000000007/,8.936464004194278,0.7955716227832205,1.011229447733078,0.3398706357867014,1.380819713106509,13.720562325873452,13.720562325873452,13.720562325873452,6.889619771631318,60652842080.0,68379842080.0,14.524148007662834,5.172068054916005,45.70673856819894,135.99291946188342,3.3686665970563734,3.3686665970563734,5.83097485119809,26.009829623430964,51.52964738507912,153.31803156950673,0.0172127136041371,0.0073533240109628,0.4949736184393224,0.2160537225144852,2.9391403575504,0.937685786634372,15.333333333333334,1.271072796934866,0.0070400658131863,0.4090038314176245,0.0,0.0,0.0,0.6639035418236624,0.0751257781188709,0.0,0.0,15.671726956197356,0.0313032459583588,0.0253097044776843,-13.48680600854706,-566000000.0,18005000000.0,-14727000000.0,24616000000.0,6609000000.0,4938000000.0,2327500000.0,30.79815809669992,36.36555452986945,17.185810365290784,2.92225267879392,2.474869451697128,5.236878453038674,0.0579838933629547,0.6713588119463767,2000-04-26,0.73,bmo,19298623529.0,2025-04-24,2000-03-31,0.1643835616438356,41.056984126984126,4185015.873015873
1999-12-31,CVX,USD,93410,2000-03-30,2000-03-30 00:00:00,1999,Q4,60106000000.0,38597000000.0,21509000000.0,0.3578511297,0,0.0,0.0,2019000000.0,8978000000.0,10997000000.0,49594000000.0,0.0,0.0,2968000000.0,13480000000.0,0.2242704555,10512000000.0,0.1748910259,-6898000000.0,3614000000.0,0.0601271088,1628000000.0,1986000000.0,0.0330416265,1.51,1.51,1312264000,1312264000,https://www.sec.gov/Archives/edgar/data/93410/000009341000000006/0000093410-00-000006-index.html,https://www.sec.gov/Archives/edgar/data/93410/000009341000000006/,45.80328348564009,1.5134149835703792,3.1525668615461524,-0.204989239970006,2.2617400157285426,23.260563423213625,23.260563423213625,22.701986795339963,14.637298592356416,56834153840.0,74045153840.0,7.15434967774421,0.945565398462716,13.73801156393522,-211.27938230483272,1.9077625403645395,1.9077625403645395,1.231909523841214,5.492963934718101,17.898272622673435,-275.26079494423794,0.0349437770392606,-0.0047330694982684,0.6447584841059381,0.2548156009551605,1.276780415430267,0.9638070463156704,0.0,2.080985915492957,0.0259175143901465,0.7416918429003021,0.0,0.0,0.0,1.065022963500121,0.0733038299005091,0.0,0.0,27.80367524069253,0.0905999879181685,0.0263465110108782,-25.43752629044156,-640000000.0,30524000000.0,-27813000000.0,45847000000.0,6273500000.0,4801000000.0,2339500000.0,13.78314976874189,15.884136072751769,7.478042334896494,6.529712112982075,5.666030534351145,12.035235422513251,0.0666644288543519,3.3575561015161584,2000-01-25,0.61,bmo,59120655737.0,2025-04-24,1999-12-31,0.0163934426229508,44.59765625,2783396.875
1999-09-30,CVX,USD,93410,1999-11-04,1999-11-04 00:00:00,1999,Q3,10177000000.0,6649000000.0,3528000000.0,0.3466640464,0,0.0,0.0,357000000.0,1948000000.0,2305000000.0,8954000000.0,0.0,116000000.0,767000000.0,1990000000.0,0.1955389604,1223000000.0,0.120172939,-116000000.0,1107000000.0,0.108774688,525000000.0,582000000.0,0.0571877764,0.44,0.44,1314380000,1321298000,https://www.sec.gov/Archives/edgar/data/93410/000009341099000058/0000093410-99-000058-index.html,https://www.sec.gov/Archives/edgar/data/93410/000009341099000058/,7.742814102466562,0.4427943212769519,1.250779835359637,-0.1552062569424367,1.114593953042499,13.177315540406884,13.177315540406884,13.177315540406884,6.41595276860573,58332184400.0,65946184400.0,25.056780240549827,5.731766178638106,35.48186399026764,-285.94208039215687,3.3679090300230947,3.3679090300230947,6.479923788935836,33.138786130653266,40.11325085158151,-323.2656098039216,0.0099773393708191,-0.0034972117382252,0.4801963048498845,0.2071327173561128,3.826130653266332,0.7453510822070928,10.54310344827586,2.8247422680412373,0.0068401347232935,0.6855670103092784,0.0,0.0,0.0,1.124087591240876,0.1815859290557138,0.0,0.0,11.457919141220655,0.019039039733048,0.0144945583144472,-13.790152010834005,-2506000000.0,17320000000.0,-15498000000.0,23185000000.0,3184500000.0,2587000000.0,1444000000.0,29.55487864793161,37.76507745525643,19.92480072191307,3.045182525433872,2.3831541218637997,4.516983695652174,0.0336027713625866,1.405986092302074,1999-10-25,0.51,bmo,9578352941.0,2025-04-24,1999-09-30,0.0588235294117647,46.93671875,2313553.125
1999-06-30,CVX,USD,93410,1999-08-05,1999-08-05 00:00:00,1999,Q2,8741000000.0,5826000000.0,2915000000.0,0.3334858712,0,0.0,0.0,449000000.0,1776000000.0,2225000000.0,8051000000.0,0.0,113000000.0,633000000.0,1323000000.0,0.1513556801,690000000.0,0.0789383366,-113000000.0,577000000.0,0.0660107539,227000000.0,350000000.0,0.0400411852,0.27,0.27,1313820000,1320066000,https://www.sec.gov/Archives/edgar/data/93410/0000093410-99-000045-index.html,https://www.sec.gov/Archives/edgar/data/93410/000009341099000045/0000093410-99-000045.txt,6.653118387602564,0.2663987456424777,0.912605988643802,0.2702044420087988,1.2992647394620267,13.050493979388348,13.050493979388348,13.050493979388348,6.266459636784338,62445864600.0,69813864600.0,44.604189,7.144018373183847,52.08162185154296,175.90384394366197,3.6420077335821768,3.6420077335821768,7.986942523738703,52.76936099773243,58.22674278565472,196.6587735211268,0.0056048547368499,0.0056849240902335,0.4735798436953225,0.2114473204520598,5.569160997732427,0.7657002246710174,6.106194690265487,3.4257142857142857,0.0064215621413623,1.1457142857142857,0.0,0.0,0.0,0.7039199332777314,0.0965564580711589,0.0,0.0,8.844449818263692,0.0127387446465623,0.0091141086401749,-12.612648612443104,-2190000000.0,17146000000.0,-14099000000.0,22240000000.0,2900000000.0,2333000000.0,1422500000.0,31.166914540670405,36.82801235839341,21.874356333676623,2.88767756854972,2.4437919463087248,4.114406779661017,0.0204129242972121,0.6424015466350033,1999-07-23,0.35,bmo,8241514285.0,2025-04-24,1999-06-30,0.0571428571428572,47.2236507936508,2909571.4285714286
1999-03-31,CVX,USD,93410,1999-05-06,1999-05-06 00:00:00,1999,Q1,6689000000.0,4029000000.0,2660000000.0,0.3976678128,0,0.0,0.0,397000000.0,1644000000.0,2041000000.0,6070000000.0,0.0,105000000.0,566000000.0,1185000000.0,0.1771565256,619000000.0,0.092539991,-105000000.0,514000000.0,0.0768425774,185000000.0,329000000.0,0.0491852295,0.25,0.25,1309354000,1309586000,https://www.sec.gov/Archives/edgar/data/93410/000009341099000038/0000093410-99-000038-index.html,https://www.sec.gov/Archives/edgar/data/93410/,5.108626085840804,0.2512689463659178,0.6041147008372068,-0.004582412395731,1.134147067943429,13.128611513769386,13.128611513769386,13.128611513769386,6.291652219338697,58109130520.0,65704130520.0,44.15587425531916,8.68726723277022,73.46287044247788,-9684.855086666666,3.3804031716114022,3.3804031716114022,9.822713487815816,55.44652364556962,83.0646403539823,-10950.68842,0.0056617608464605,-0.0001032539971998,0.4731239092495637,0.2153524334057088,6.409282700421941,0.8082843198598423,5.895238095238096,2.404255319148936,0.0068663908137925,1.2127659574468086,0.0,0.0,0.0,1.0075853350189634,0.1191508446703543,0.0,0.0,8.615293297504534,0.0118024477571112,0.0087115394799555,-12.446404868354929,-1532000000.0,17190000000.0,-14117000000.0,22867000000.0,2793000000.0,2226000000.0,1442000000.0,37.31050979219614,50.975428145941926,31.9210722263589,2.4121889650198343,1.7655565293602102,2.8194541637508745,0.0191390343222803,0.6086971132329377,1999-04-22,0.25,bmo,7491680000.0,2025-04-24,1999-03-31,-0.12,40.53393442622952,2893734.426229508
1998-12-31,CVX,USD,93410,1999-03-31,1999-03-31 00:00:00,1998,Q4,7257000000.0,-677000000.0,7934000000.0,1.093289238,0,0.0,0.0,1343000000.0,7073000000.0,8416000000.0,7739000000.0,0.0,0.0,646000000.0,164000000.0,0.0225988701,-482000000.0,-0.0664186303,-109000000.0,-591000000.0,-0.081438611,-392000000.0,-199000000.0,-0.0274217996,-0.15,-0.15,1294633854,1309354000,https://www.sec.gov/Archives/edgar/data/93410/000009341099000034/0000093410-99-000034-index.html,https://www.sec.gov/Archives/edgar/data/93410/,5.605445877672839,-0.1537114137600792,0.6897703140087977,-0.1606631862416908,1.0914282796130248,13.157388050196932,13.157388050196932,13.157388050196932,5.837944046224517,53688465925.38,60677465925.38,-67.44782151429649,7.39816259134353,60.12146240244121,-258.11762464125,3.151841371690736,3.151841371690736,8.361232730519498,369.98454832548776,67.94789017399776,-291.7185861797115,-0.003706568935618,-0.0038742027065756,0.4437008336268639,0.2068418171866447,42.61585365853659,0.8787329053865476,0.0,-4.4874371859296485,0.007413137871236,-2.0,0.0,0.0,0.0,1.232922732362822,0.1517155849524596,0.0,0.0,,-0.0049877931202068,-0.0054460864805692,-11.78383367070517,-869000000.0,17034000000.0,-13209000000.0,22860000000.0,2921000000.0,2178500000.0,1409500000.0,34.88631665977677,-288.4785819793205,-193.4268833087149,2.5798080341272662,-0.3119815668202765,-0.4652920962199313,-0.0116825173183045,0.8504335002504886,1999-01-25,0.25,bmo,5747544000.0,2025-04-24,1998-12-31,0.52,41.60296875,3036856.25
1998-09-30,CVX,USD,93410,1998-11-06,1998-11-06 00:00:00,1998,Q3,7678000000.0,4733000000.0,2945000000.0,0.383563428,0,0.0,0.0,367000000.0,1708000000.0,2075000000.0,6808000000.0,0.0,103000000.0,563000000.0,1433000000.0,0.1866371451,870000000.0,0.113310758,-103000000.0,767000000.0,0.0998958062,306000000.0,461000000.0,0.0600416775,0.35,0.35,1310066000,1314372000,https://www.sec.gov/Archives/edgar/data/93410/000009341098000020/0000093410-98-000020-index.html,https://www.sec.gov/Archives/edgar/data/93410/,5.86077342668232,0.3518906681037443,1.2350522798088035,0.4152462547688437,1.349550327998742,13.426804451073457,13.426804451073457,13.426804451073457,5.556208618497084,55062073980.0,61086073980.0,29.860126887201737,7.171408437092993,34.03094807169345,101.21704775735294,3.130305513359864,3.130305513359864,7.9559877546236,42.6281046615492,37.75406302843016,112.29057716911764,0.0083723689770103,0.009879758619292,0.407959067652075,0.1962264150943396,4.203768318213538,0.8923538622129437,8.446601941747574,3.509761388286334,0.0072645283965382,0.8676789587852495,0.0,0.0,0.0,0.6637824474660075,0.1398801771294608,0.0,0.0,10.310541292662464,0.016457603359818,0.0126059611703582,-10.883611970694606,-825000000.0,17590000000.0,-12141000000.0,22690000000.0,2989500000.0,2197000000.0,1404500000.0,35.50533993227403,41.58673145996197,25.93703781956476,2.534829976890063,2.1641518061271148,3.469941348973607,0.0262080727686185,0.8198060250399598,1998-10-22,0.34,bmo,7452176470.0,2025-04-24,1998-09-30,0.0294117647058822,40.55359375,2991796.875
1998-06-30,CVX,USD,93410,1998-08-11,1998-08-11 00:00:00,1998,Q2,7969000000.0,5038000000.0,2931000000.0,0.3678002259,0,0.0,0.0,276000000.0,1697000000.0,1973000000.0,7011000000.0,0.0,99000000.0,557000000.0,1515000000.0,0.1901116828,958000000.0,0.1202158364,-99000000.0,859000000.0,0.1077926967,282000000.0,577000000.0,0.0724055716,0.44,0.44,1310918000,1315524000,https://www.sec.gov/Archives/edgar/data/93410/000009341098000018/0000093410-98-000018-index.html,https://www.sec.gov/Archives/edgar/data/93410/,6.078946204110402,0.4401495745729328,0.8276642780097611,0.0839106641300218,1.304429415112158,13.482155253036424,13.482155253036424,13.482155253036424,5.6159119029565545,54901245840.0,60979245840.0,23.78736821490468,6.889351968879407,50.60022658064517,499.1022349090909,3.1063282697748105,3.1063282697748105,7.652057452628937,40.25032728712871,56.20206989861751,554.3567803636364,0.0105097797175962,0.002003597519819,0.4109426275885481,0.2007684652808491,4.011881188118812,0.9416837782340862,9.676767676767676,1.880415944540728,0.0072675946400709,0.6915077989601387,0.0,0.0,0.0,0.8986175115207373,0.1223491027732463,0.0,0.0,11.555029650605826,0.0202453804602115,0.0159498009730207,-10.570455207724663,-426000000.0,17674000000.0,-11623000000.0,22678000000.0,3030500000.0,2263000000.0,1442000000.0,33.31660183209939,39.42635966653434,25.813815005954744,2.70135593220339,2.2827367467149977,3.486505190311419,0.0326468258458753,0.7437536138797393,1998-07-23,0.38,bmo,6710736842.0,2025-04-24,1998-06-30,0.1578947368421052,41.11650793650794,2535612.698412698
1998-03-31,CVX,USD,93410,1998-05-08,1998-05-08 00:00:00,1998,Q1,7628000000.0,4942000000.0,2686000000.0,0.3521237546,0,0.0,0.0,253000000.0,1565000000.0,1818000000.0,6760000000.0,0.0,94000000.0,554000000.0,1422000000.0,0.1864184583,868000000.0,0.1137912952,-94000000.0,774000000.0,0.1014682748,267000000.0,507000000.0,0.0664656529,0.39,0.39,1309742000,1314256000,https://www.sec.gov/Archives/edgar/data/93410/000009341098000004/0000093410-98-000004-index.html,https://www.sec.gov/Archives/edgar/data/93410/,5.824047789564663,0.3870991386089779,0.2878429492220605,-0.2695187296429373,1.348357157363817,13.343849399347352,13.343849399347352,13.343849399347352,5.46901603521915,52599238719.99999,58403238719.99999,25.936508244575936,6.895547813319348,139.5205271087533,-149.0063419830028,3.0096262928420208,3.0096262928420208,7.656428778185631,41.07119459915612,154.91575257294429,-165.44826832861187,0.0096389227741279,-0.006711123746089,0.4044744521370945,0.1971827057182705,4.081575246132208,0.9770401106500692,9.23404255319149,0.7435897435897436,0.0075856611181006,0.7869822485207101,0.0,0.0,0.0,1.936339522546419,0.0957000524383848,0.0,0.0,10.780599875927312,0.0181496358863233,0.0141422594142259,-10.34879388459712,-166000000.0,17477000000.0,-11309000000.0,22647000000.0,3242500000.0,2527000000.0,1408500000.0,36.70555846879916,42.23188992310805,26.20598947794415,2.451944712311154,2.1310909874946096,3.434329395413481,0.0290095554156891,0.5573616788649979,1998-04-23,0.35,bmo,7871657142.0,2025-04-24,1998-03-31,-0.0285714285714284,39.54918032786885,3194422.950819672
1997-12-31,CVX,USD,93410,1998-03-25,1998-03-25 00:00:00,1997,Q4,10255000000.0,334000000.0,9921000000.0,0.9674305217,0,0.0,0.0,496000000.0,7942000000.0,8438000000.0,8772000000.0,0.0,0.0,657000000.0,2140000000.0,0.2086786933,1483000000.0,0.1446123842,-85000000.0,1398000000.0,0.1363237445,523000000.0,875000000.0,0.0853242321,0.67,0.67,1306021368,1307356000,https://www.sec.gov/Archives/edgar/data/93410/000009341098000003/0000093410-98-000003-index.html,https://www.sec.gov/Archives/edgar/data/93410/,7.852092049385213,0.6699737243502741,0.791717521117924,-0.1500741142544614,1.278692708188523,13.378035327826275,13.378035327826275,13.378035327826275,4.646172067837101,50281822668.0,55334822668.0,14.366235048000002,4.903151893515358,48.62845519148936,-256.53991157142855,2.877851572115385,2.877851572115385,5.395887144612384,25.85739377009346,53.5153023868472,-282.32052381632656,0.0174019149181889,-0.0038980289416743,0.3472985347985348,0.1710596791926253,2.361214953271028,1.0086380650734237,0.0,0.0,0.0075971788557121,0.4365714285714285,0.0,0.0,0.0,1.1895551257253385,0.1199414919551438,0.0,0.0,14.200914528443212,0.0307718141304407,0.0246666478730301,-10.039269127792709,60000000.0,17472000000.0,-10995000000.0,22731000000.0,3419000000.0,2765000000.0,1393500000.0,29.61092150170649,736.9760479041917,371.3173652694611,3.0394190871369293,0.1221206581352833,0.2423802612481857,0.0500801282051282,0.9417916353723854,1998-01-22,0.49,bmo,7743571428.0,2025-04-24,1997-12-31,0.2448979591836734,40.84359375,2341853.125
1997-09-30,CVX,USD,93410,1997-11-12,1997-11-12 00:00:00,1997,Q3,10328000000.0,6491000000.0,3837000000.0,0.37151433,0,0.0,0.0,301000000.0,2218000000.0,2519000000.0,9010000000.0,0.0,69000000.0,548000000.0,1866000000.0,0.1806738962,1318000000.0,0.1276142525,-69000000.0,1249000000.0,0.120933385,522000000.0,727000000.0,0.0703911696,0.56,0.55,1314580000,1319750000,https://www.sec.gov/Archives/edgar/data/93410/000009341097000008/0000093410-97-000008-index.html,https://www.sec.gov/Archives/edgar/data/93410/,7.856501696359293,0.5530283436534863,0.9508740434207124,0.1833285155715133,1.1897336031279953,12.972204049962723,12.972204049962723,12.972204049962723,4.781755389554078,54594507400.0,59820507400.0,18.77390213204952,5.286067718822618,43.67560592,226.53322572614107,3.201460587579898,3.201460587579898,5.792070817195972,32.05814973204716,47.85640592,248.21787302904565,0.0133163579016009,0.0044143634859502,0.3645692839969507,0.175269938823264,2.8006430868167205,0.9885324232081912,19.10144927536232,1.71939477303989,0.0069420902953325,0.5213204951856947,0.0,0.0,0.0,0.8072,0.0976955848179705,0.0,0.0,12.70491722459983,0.0256584678425371,0.0204956161371261,-10.308615679532627,-84000000.0,17053000000.0,-11177000000.0,22293000000.0,3450000000.0,2704500000.0,1433500000.0,30.18590240123935,38.75365891234016,19.536281004467725,2.9815242494226326,2.322361359570662,4.606813342796309,0.0426317949920835,0.7675455278491989,1997-10-22,0.52,bmo,9533538461.0,2025-04-24,1997-09-30,0.0769230769230769,39.750625,2291143.75
1997-06-30,CVX,USD,93410,1997-08-06,1997-08-06 00:00:00,1997,Q2,10274000000.0,6232000000.0,4042000000.0,0.3934202842,0,0.0,0.0,391000000.0,2179000000.0,2570000000.0,8802000000.0,0.0,76000000.0,549000000.0,2021000000.0,0.1967101421,1472000000.0,0.1432742846,-76000000.0,1396000000.0,0.135876971,573000000.0,823000000.0,0.0801051197,0.63,0.63,1309930000,1313312000,https://www.sec.gov/Archives/edgar/data/93410/000009341097000007/0000093410-97-000007-index.html,https://www.sec.gov/Archives/edgar/data/93410/,7.843167192140038,0.62827784690785,0.951959264998893,0.2282564717198628,1.3183910590642247,12.631209301260371,12.631209301260371,12.631209301260371,4.975075004007848,48428112100.0,53589112100.0,14.710848147023086,4.713657007981312,38.835695348837206,161.96693010033445,2.926877317780732,2.926877317780732,5.215993001751995,26.516136615536865,42.97442830793906,179.22779966555183,0.0169942614797903,0.0061740998571777,0.3892783754381723,0.1842549417856223,2.553686293913904,0.8978234582829504,19.36842105263158,1.5151883353584448,0.0078260329293323,0.4605103280680437,0.0,0.0,0.0,0.7602245388933441,0.0922717539419894,0.0,0.0,13.36255784391077,0.0293425243480345,0.0235432102297107,-10.212759460429185,-845000000.0,16546000000.0,-10986000000.0,21200000000.0,3577000000.0,2715500000.0,1396500000.0,30.09927973525404,37.75032092426187,21.05584082156611,2.990104772991851,2.3840856924254017,4.274348422496571,0.0497401184576332,0.7237027932790302,1997-07-23,0.54,bmo,8561666666.0,2025-04-24,1997-06-30,0.1666666666666666,34.89359375,2308956.25
1997-03-31,CVX,USD,93410,1997-05-09,1997-05-09 00:00:00,1997,Q1,11093000000.0,7166000000.0,3927000000.0,0.3540070315,0,0.0,0.0,345000000.0,2041000000.0,2386000000.0,9552000000.0,0.0,82000000.0,546000000.0,2087000000.0,0.1881366628,1541000000.0,0.1389164338,-82000000.0,1459000000.0,0.1315243847,628000000.0,831000000.0,0.0749121067,0.64,0.64,1306646000,1306646000,https://www.sec.gov/Archives/edgar/data/93410/000009341097000005/0000093410-97-000005-index.html,https://www.sec.gov/Archives/edgar/data/93410/,8.48967509179992,0.6359794466136964,0.788277773781116,0.2433711961770824,1.3821647179113548,12.354532138008306,12.354532138008306,12.354532138008306,5.253909628162487,45484347260.0,50882347260.0,13.683618309265944,4.100274701162896,44.15956044660194,143.03253855345912,2.817589497615065,2.817589497615065,4.5868878806454525,24.380616799233348,49.40033714563107,160.00738132075472,0.0182700214482532,0.006991416149873,0.4201821222821037,0.1942606753157487,2.586487781504552,0.9220545977011494,18.79268292682927,1.2394705174488567,0.0077609116380666,0.4247894103489771,0.0,0.0,0.0,0.6912621359223301,0.0641846209321193,0.0,0.0,13.296151380259897,0.0298234655856754,0.0237992954721196,-10.340979882845083,-651000000.0,16143000000.0,-11073000000.0,21033000000.0,3876500000.0,3159500000.0,1383000000.0,30.16496889930587,35.379570192576054,16.766675969857662,2.983593329747176,2.543840965566205,5.367790262172285,0.0514774205538004,0.5449065776040335,1997-04-23,0.55,bmo,9681163636.0,2025-04-24,1997-03-31,0.1272727272727271,33.617704918032786,2651573.770491803
1996-12-31,CVX,USD,93410,1997-03-26,1997-03-26 00:00:00,1996,Q4,11511000000.0,1492000000.0,10019000000.0,0.8703848493,0,0.0,0.0,334000000.0,8615000000.0,8949000000.0,10441000000.0,0.0,0.0,603000000.0,1673000000.0,0.1453392407,1070000000.0,0.0929545652,-90000000.0,980000000.0,0.0851359569,516000000.0,464000000.0,0.0403092694,0.36,0.36,1306260000,1306646000,https://www.sec.gov/Archives/edgar/data/93410/000009341097000004/0000093410-97-000004-index.html,https://www.sec.gov/Archives/edgar/data/93410/,8.812181342152405,0.3552125916739393,1.538744201001332,0.7272671596772465,1.2531961477806868,11.960099826986973,11.960099826986973,11.960099826986973,5.124554070399461,42453450000.0,48255450000.0,22.87362607758621,3.688076622361219,21.121119402985077,44.68784210526316,2.7173686231837677,2.7173686231837677,4.192116236643211,28.843664076509263,24.00768656716418,50.79521052631579,0.0109296182053519,0.0223774510669922,0.4284708442680663,0.1920583003385551,3.4680215182307235,0.8916582463231166,0.0,4.331896551724138,0.0083149897122613,0.7607758620689655,0.0,0.0,0.0,0.527363184079602,0.0920858309443141,0.0,0.0,9.77693746860535,0.0176809494607182,0.0133126757330578,-10.604512118567513,-965000000.0,15623000000.0,-11289000000.0,20531000000.0,4213000000.0,3279500000.0,1439000000.0,31.548084440969507,211.24664879356567,86.32037533512064,2.85278810408922,0.4260422615648201,1.0426275331935708,0.0296998015746015,0.8114770413240856,1997-01-24,0.49,bmo,10571326530.0,2025-04-24,1996-12-31,0.0816326530612245,32.83234375,2159790.625
1996-09-30,CVX,USD,93410,1996-11-08,1996-11-08 00:00:00,1996,Q3,11049000000.0,7351000000.0,3698000000.0,0.3346909223,0,0.0,0.0,303000000.0,2051000000.0,2354000000.0,9705000000.0,0.0,93000000.0,558000000.0,1902000000.0,0.1721422753,1344000000.0,0.1216399674,-93000000.0,1251000000.0,0.1132229161,596000000.0,655000000.0,0.0592813829,0.5,0.5,1305342000,1305342000,https://www.sec.gov/Archives/edgar/data/93410/000009341096000011/0000093410-96-000011-index.html,https://www.sec.gov/Archives/edgar/data/93410/,8.464448397431477,0.5017842067442861,0.7814044135559877,0.1447896413353741,1.1698083720588168,11.871218423983906,11.871218423983906,11.871218423983906,5.7977143154820725,40870258020.0,47254258020.0,15.599335122137404,3.699000635351616,40.0688804117647,216.24475142857145,2.6374714778007227,2.6374714778007227,4.276790480586478,24.84451,46.32770394117647,250.0225292063492,0.0160263240735958,0.0046243896945184,0.4823825503355705,0.2130904529775649,3.356466876971609,0.8924591582819431,14.451612903225806,1.5572519083969465,0.0086126199601614,0.5374045801526718,0.0,0.0,0.0,0.8147058823529412,0.0752104262829215,0.0,0.0,11.577036460133296,0.0240266677671247,0.0186721400267966,-10.75522736570186,-994000000.0,15496000000.0,-11334000000.0,20464000000.0,4361500000.0,3156500000.0,1513000000.0,35.76703774097203,37.42756087607128,17.71595701265134,2.5162833067638357,2.404645076872751,5.08016586040083,0.0422689726381001,0.6366147722206135,1996-10-21,0.48,bmo,,2025-04-24,1996-09-30,0.0416666666666667,29.85109375,1934915.625
1996-06-30,CVX,USD,93410,1996-08-09,1996-08-09 00:00:00,1996,Q2,10997000000.0,7130000000.0,3867000000.0,0.3516413567,0,0.0,0.0,386000000.0,1976000000.0,2362000000.0,9492000000.0,0.0,85000000.0,524000000.0,2029000000.0,0.184504865,1505000000.0,0.136855506,-85000000.0,1420000000.0,0.1291261253,548000000.0,872000000.0,0.079294353,0.67,0.67,1305428000,1305428000,https://www.sec.gov/Archives/edgar/data/93410/000009341096000010/0000093410-96-000010-index.html,https://www.sec.gov/Archives/edgar/data/93410/,8.424057090854493,0.6679801566995652,1.274677730215684,0.6028674120671534,1.140622079501895,11.64215874027522,11.64215874027522,11.64215874027522,5.748306302607268,39084514320.0,45451514320.0,11.20542268348624,3.554106967354733,23.48828985576923,49.66266114358323,2.5716880063166205,2.5716880063166205,4.133083051741384,22.400943479546573,27.314611971153845,57.752877153748415,0.0223106264762713,0.0201358521064513,0.4881563363600473,0.2140631311674072,3.137999014292755,0.9051047120418848,17.705882352941178,1.908256880733945,0.0083664849286017,0.375,0.0,0.0,0.0,0.5270432692307693,0.079749022460671,0.0,0.0,13.2278663412559,0.0320156990022722,0.0251601361878931,-10.672744877542078,-870000000.0,15198000000.0,-11162000000.0,20902000000.0,4288000000.0,3234000000.0,1481000000.0,35.45330544694007,41.09957924263674,19.9312762973352,2.538550323176362,2.18980343980344,4.515516149461685,0.0573759705224371,0.6718103181485306,1996-07-22,0.5,bmo,,2025-04-24,1996-06-30,0.08,29.22571428571429,2166368.253968254
1996-03-31,CVX,USD,93410,1996-05-10,1996-05-10 00:00:00,1996,Q1,10336000000.0,6853000000.0,3483000000.0,0.3369775542,0,0.0,0.0,354000000.0,1944000000.0,2298000000.0,9151000000.0,0.0,96000000.0,531000000.0,1716000000.0,0.1660216718,1185000000.0,0.1146478328,-96000000.0,1089000000.0,0.1053599071,473000000.0,616000000.0,0.0595975232,0.47,0.47,1305126000,1305126000,https://www.sec.gov/Archives/edgar/data/93410/000009341096000007/0000093410-96-000007-index.html,https://www.sec.gov/Archives/edgar/data/93410/,7.919541867988225,0.4719850803677193,0.8451291292947961,0.342495667085017,1.0949134413075825,11.2448912978517,11.2448912978517,11.2448912978517,6.201700065740779,36713194380.0,43731194380.0,14.899835381493505,3.551973140479876,33.28485437896645,82.13242590604027,2.5015804292722814,2.5015804292722814,4.230959208591331,25.48437900932401,39.647501704442426,97.8326496196868,0.0167787088648318,0.0121754591924997,0.5449713818479149,0.2327097093310832,4.089743589743589,0.8489655911673277,12.34375,1.7905844155844155,0.0088796413797648,0.5292207792207793,0.0,0.0,0.0,0.5947416137805984,0.0634674922600619,0.0,0.0,10.927807225889971,0.0233035401996603,0.0179231284005935,-11.025372262907949,-1409000000.0,14676000000.0,-11773000000.0,20253000000.0,4129000000.0,3253000000.0,1490500000.0,36.954334365325074,42.18298555377207,18.16284838756749,2.4354382657869933,2.1335616438356166,4.955169920462762,0.0419732897247206,0.502633462209779,1996-04-22,0.41,bmo,,2025-04-24,1996-03-31,0.1463414634146341,27.31619047619048,2604834.9206349207
1995-12-31,CVX,USD,93410,1996-03-27,1996-03-27 00:00:00,1995,Q4,9157000000.0,-137000000.0,9294000000.0,1.0149612318,0,0.0,0.0,397000000.0,9508000000.0,9905000000.0,9768000000.0,0.0,0.0,1679000000.0,1068000000.0,0.1166320847,-611000000.0,-0.0667249099,-94000000.0,-705000000.0,-0.0769902807,-287000000.0,-418000000.0,-0.045648138,-0.32,-0.32,1304532432,1305126000,https://www.sec.gov/Archives/edgar/data/93410/000009341096000003/0000093410-96-000003-index.html,https://www.sec.gov/Archives/edgar/data/93410/,7.019373206353524,-0.3204213170531585,1.0302541868886246,0.1862736364687022,1.0685820956270409,11.00394259879926,11.00394259879926,11.00394259879926,6.383129921295817,34165704394.08,41871704394.08,-20.434033728516745,3.731102369125259,25.420911007500003,140.59960656,2.3800560358119123,2.3800560358119123,4.572644358859889,39.20571572479401,31.154541959880955,172.3115407163786,-0.0122344909145917,0.0071123954359947,0.5800766283524904,0.2425575298572677,7.215355805243446,0.8329274748544203,0.0,-3.215311004784689,0.0095417321487007,-0.7799043062200957,0.0,0.0,0.0,0.8191964285714286,0.1202358851152124,0.0,0.0,,-0.0126264914665458,-0.0121759394115933,-11.323214078590269,-1578000000.0,14355000000.0,-12108000000.0,20118000000.0,3902000000.0,2994500000.0,1574500000.0,39.45178551927487,-2163.941605839416,-1049.7810218978102,2.2812655705032387,-0.0415907710989678,-0.0857321652065081,-0.0291187739463601,0.8439805504199224,1996-01-24,0.32,bmo,,2025-04-24,1995-12-31,0.0937499999999999,24.761904761904763,2046234.9206349207
1995-09-30,CVX,USD,93410,1995-11-13,1995-11-13 00:00:00,1995,Q3,9314000000.0,6183000000.0,3131000000.0,0.3361606184,0,0.0,0.0,344000000.0,2035000000.0,2379000000.0,8562000000.0,0.0,93000000.0,560000000.0,1312000000.0,0.1408632167,752000000.0,0.080738673,-93000000.0,659000000.0,0.0707537041,377000000.0,282000000.0,0.0302770024,0.22,0.22,1304312000,1304312000,https://www.sec.gov/Archives/edgar/data/93410/000009341095000019/0000093410-95-000019-index.html,https://www.sec.gov/Archives/edgar/data/93410/,7.140929470862799,0.2162059384564429,0.7360202160219333,0.0889357761026502,1.0097277338550898,11.600751967320702,11.600751967320702,11.600751967320702,6.381141935365158,31799126560.0,39246126560.0,28.190715035460997,3.414121382864505,33.12409016666667,274.13040137931034,2.1015879029806355,2.1015879029806355,4.213670448786773,29.91320621951219,40.881381833333336,338.3286772413793,0.0088681681073192,0.0036478989377625,0.5439164628907541,0.2361685032139577,5.6760670731707314,0.8623550807001591,8.086021505376344,3.404255319148936,0.0102518539112981,1.1560283687943262,0.0,0.0,0.0,0.8791666666666667,0.090616276572901,0.0,0.0,7.512217248099091,0.0107956475311492,0.0080922865013774,-11.333177951287729,-1211000000.0,15131000000.0,-12130000000.0,21248000000.0,4084500000.0,2896500000.0,1507500000.0,36.62228902727077,39.22852983988355,22.5764192139738,2.457519788918206,2.294248608534323,3.986460348162476,0.0186372348159407,0.6470844399192831,1995-10-24,0.39,bmo,,2025-04-24,1995-09-30,0.0,24.31,1790368.253968254
1995-06-30,CVX,USD,93410,1995-08-11,1995-08-11 00:00:00,1995,Q2,9567000000.0,6033000000.0,3534000000.0,0.3693947946,0,0.0,0.0,342000000.0,1983000000.0,2325000000.0,8358000000.0,0.0,104000000.0,566000000.0,1775000000.0,0.1855336051,1209000000.0,0.1263719034,-104000000.0,1105000000.0,0.115501202,498000000.0,607000000.0,0.0634472666,0.47,0.47,1304034000,1304034000,https://www.sec.gov/Archives/edgar/data/93410/000009341095000018/0000093410-95-000018-index.html,https://www.sec.gov/Archives/edgar/data/93410/,7.336465153515936,0.465478660832463,0.925589363467517,0.2722321657257402,1.039850187955222,11.72668810782541,11.72668810782541,11.72668810782541,6.3848028502324325,30240548460.0,37638548460.0,12.45492111202636,3.160922803386641,25.054306926263465,85.18464354929577,1.977540443369082,1.977540443369082,3.9342059642521168,21.204816033802818,31.183552990886497,106.02408016901408,0.020072387271775,0.0117392050765735,0.5376667538582265,0.2329838481156134,4.167887323943662,0.8721006564551422,11.625,1.9884678747940687,0.009986591360916,0.4975288303130148,0.0,0.0,0.0,0.7058823529411765,0.0890561304484164,0.0,0.0,11.082272746133222,0.0221960967803451,0.0172003400396712,-11.215773515107736,-1169000000.0,15292000000.0,-12027000000.0,21216000000.0,4168000000.0,2897000000.0,1369500000.0,41.19473189087488,46.21581302834411,21.83988065638985,2.1847453756565427,1.947385409941898,4.120901639344262,0.0396939576249019,0.6533571977417767,1995-07-24,0.42,bmo,,2025-04-24,1995-06-30,0.119047619047619,23.80968253968254,1841241.2698412696
1995-03-31,CVX,USD,93410,1995-05-11,1995-05-11 00:00:00,1995,Q1,9044000000.0,5954000000.0,3090000000.0,0.341662981,0,0.0,0.0,301000000.0,1949000000.0,2250000000.0,8204000000.0,0.0,110000000.0,576000000.0,1416000000.0,0.1565678903,840000000.0,0.092879257,-110000000.0,730000000.0,0.0807164971,271000000.0,459000000.0,0.0507518797,0.35,0.35,1303790000,1303790000,https://www.sec.gov/Archives/edgar/data/93410/000009341095000015/0000093410-95-000015-index.html,https://www.sec.gov/Archives/edgar/data/93410/,6.936699928669494,0.3520505602896172,0.4325850021859349,-0.1288551070341082,0.9587433559085436,11.448162664232736,11.448162664232736,11.448162664232736,6.438920378281779,31290960000.0,38967960000.0,17.043006535947715,3.4598584697036707,55.48042553191489,-186.25571428571428,2.0964062709366207,2.0964062709366207,4.308708536045997,27.519745762711864,69.09212765957447,-231.9521428571429,0.0146687733454007,-0.0053689627930878,0.5550716869891464,0.2412357325879338,5.421610169491525,0.8055123360746833,7.636363636363637,1.2287581699346406,0.009619391670949,0.6557734204793029,0.0,0.0,0.0,1.297872340425532,0.08093763821318,0.0,0.0,9.522734470999954,0.0178729783615323,0.0133647798742138,-11.169551845005714,-1750000000.0,14926000000.0,-12170000000.0,20446000000.0,3940000000.0,2843000000.0,1492500000.0,39.37748783724015,40.75243533758818,19.272757809875717,2.2855698761688146,2.2084569732937687,4.669803921568628,0.030751708428246,0.5614401092200431,1995-04-25,0.33,bmo,,2025-04-24,1995-03-31,-0.0606060606060606,23.22857142857143,1900396.825396825
1994-12-31,CVX,USD,93410,1995-03-30,1995-03-30 00:00:00,1994,Q4,8817000000.0,-876000000.0,9693000000.0,1.0993535216,0,0.0,0.0,339000000.0,2383000000.0,2722000000.0,1846000000.0,0.0,97000000.0,598000000.0,1626000000.0,0.1844164682,6971000000.0,0.7906317341,-6040000000.0,931000000.0,0.105591471,308000000.0,623000000.0,0.0706589543,0.48,0.48,1303441904,1303790000,https://www.sec.gov/Archives/edgar/data/93410/000009341095000012/0000093410-95-000012-index.html,https://www.sec.gov/Archives/edgar/data/93410/,6.764398146892782,0.4779652994798915,0.9942905748409944,0.0,1.0019625700172363,11.198044159243173,11.198044159243173,11.198044159243173,6.320956825705981,29079788878.24,36808788878.24,11.66925717425361,3.298150037228082,22.43810870234568,0.0,1.9923122004823235,1.9923122004823235,4.174752056055348,22.637631536432963,28.40184327024691,0.0,0.0214238144096768,0.0,0.5578240613866813,0.2366378934519138,4.753382533825338,0.808241056218058,71.8659793814433,2.080256821829856,0.0103852198261997,0.4847512038523274,0.0,0.0,0.0,1.0,0.1469887716910513,0.0,0.0,10.973888186446889,0.1606946333417684,0.0181067805969715,-11.28377870533768,-1801000000.0,14596000000.0,-12220000000.0,20372000000.0,3999000000.0,3015000000.0,1728500000.0,40.04423273222184,-307.1917808219178,-175.6849315068493,2.2475146571501403,-0.2929765886287625,-0.512280701754386,0.0426829268292682,0.9942905748409944,1995-01-24,0.35,bmo,,2025-04-24,1994-12-31,0.0857142857142858,21.6331746031746,1822907.9365079368
1994-09-30,CVX,USD,93410,1994-11-10,1994-11-10 00:00:00,1994,Q3,9509000000.0,6704000000.0,2805000000.0,0.2949836997,0,0.0,0.0,-9000000.0,2031000000.0,2022000000.0,8726000000.0,0.0,93000000.0,626000000.0,1409000000.0,0.1481754128,783000000.0,0.0823430434,-93000000.0,690000000.0,0.0725628352,265000000.0,425000000.0,0.0446944999,0.33,0.33,1303334000,1303334000,https://www.sec.gov/Archives/edgar/data/93410/000009341094000021/0000093410-94-000021-index.html,https://www.sec.gov/Archives/edgar/data/93410/,7.295904196468442,0.3260867897254272,0.4503834013384136,-0.0882352489845273,1.2721221114464902,10.984904867056336,10.984904867056336,10.984904867056336,6.639894301844347,27122380540.0,34408380540.0,15.954341494117646,2.852285260279735,46.20507758091993,-235.84678730434783,1.894417862680729,1.894417862680729,3.618506734672416,24.4204262171753,58.61734333901192,-299.20330904347827,0.0156697159887278,-0.0042400407969498,0.5979604665781938,0.2446419386180488,5.171043293115685,0.8656464275067077,8.419354838709678,1.3811764705882352,0.0111347158319901,0.7105882352941176,0.0,0.0,0.0,1.1959114139693356,0.0738247975602061,0.0,0.0,8.977512360314325,0.0164248410821664,0.0121449391324227,-11.5774237455633,-1352000000.0,14317000000.0,-11966000000.0,20365000000.0,4148500000.0,3157000000.0,1834500000.0,38.56872436638974,40.81145584725537,23.45316229116945,2.3334969325153376,2.205263157894737,3.837435603892387,0.0296849898721799,0.538618650322941,1994-10-25,0.32,bmo,,2025-04-24,1994-09-30,0.0,21.41484375,1946218.75
1994-06-30,CVX,USD,93410,1994-08-12,1994-08-12 00:00:00,1994,Q2,8824000000.0,5876000000.0,2948000000.0,0.3340888486,0,0.0,0.0,325000000.0,2018000000.0,2343000000.0,8219000000.0,0.0,83000000.0,615000000.0,1220000000.0,0.1382592928,605000000.0,0.06856301,-83000000.0,522000000.0,0.059156845,265000000.0,257000000.0,0.0291251133,0.2,0.2,1303350000,1303350000,https://www.sec.gov/Archives/edgar/data/93410/000009341094000015/0000093410-94-000015-index.html,https://www.sec.gov/Archives/edgar/data/93410/,6.770245904783827,0.1971841792304446,0.3936011048452066,-0.1726320635285994,1.2091916983158784,10.885794299305635,10.885794299305635,10.885794299305635,6.334445851076073,27292149000.0,34262149000.0,26.54878307392996,3.092945262919311,53.2010701754386,-121.29844,1.923607908091345,1.923607908091345,3.882836468721668,28.08372868852459,66.78781481481481,-152.2762177777778,0.0094166274704128,-0.008244129108338,0.5760501832534536,0.2310323383084577,5.713114754098361,0.7952094749867421,7.289156626506024,1.9961089494163424,0.0110288127182656,1.171206225680934,0.0,0.0,0.0,1.4385964912280702,0.0836355394378966,0.0,0.0,6.949560728495779,0.0105037021184261,0.0072648123021257,-11.88053861203821,-2317000000.0,14188000000.0,-12191000000.0,19514000000.0,4025000000.0,3161500000.0,1858000000.0,43.06210335448776,50.14635806671205,29.438393464942138,2.0900047370914256,1.7947464874770922,3.057232049947971,0.0181138990696363,0.566233168373806,1994-07-26,0.29,bmo,,2025-04-24,1994-06-30,-0.3103448275862068,21.93532258064516,2537961.290322581
1994-03-31,CVX,USD,93410,1994-05-16,1994-05-16 00:00:00,1994,Q1,8264000000.0,5286000000.0,2978000000.0,0.3603581801,0,0.0,0.0,308000000.0,1937000000.0,2245000000.0,7531000000.0,0.0,73000000.0,592000000.0,1325000000.0,0.1603339787,733000000.0,0.0886979671,-73000000.0,660000000.0,0.0798644724,272000000.0,388000000.0,0.0469506292,0.3,0.3,1303250000,1303250000,https://www.sec.gov/Archives/edgar/data/93410/000009341094000003/0000093410-94-000003-index.html,https://www.sec.gov/Archives/edgar/data/93410/,6.341070400920775,0.297717245348168,0.3836562440053712,-0.1296758104738154,1.206215231152887,10.880491079992328,10.880491079992328,10.880491079992328,5.907538845194706,27368250000.0,33793250000.0,17.634181701030926,3.3117437076476284,54.7365,-161.94230769230768,1.9300599435825103,1.9300599435825103,4.089212245885769,25.50433962264151,67.5865,-199.96005917159763,0.014177011683246,-0.0061750385939912,0.5377997179125529,0.2209282113679819,4.849056603773585,0.7930439781546421,10.04109589041096,1.288659793814433,0.0109981456614873,0.7757731958762887,0.0,0.0,0.0,1.338,0.0809535333978702,0.0,0.0,8.53724025832348,0.0154866182035993,0.0112405121965351,-11.508152695185114,-2160000000.0,14180000000.0,-12061000000.0,19670000000.0,3818000000.0,3187000000.0,1797500000.0,41.6892545982575,51.91259931895573,30.54483541430193,2.1588296760710555,1.7336831748114137,2.9464882943143813,0.0273624823695345,0.5133320544791866,1994-04-26,0.34,bmo,,2025-04-24,1994-03-31,-0.0294117647058823,22.450476190476188,2438311.111111111
1993-12-31,CVX,USD,93410,1994-03-30,1994-03-30 00:00:00,1993,Q4,8473000000.0,-1407000000.0,9880000000.0,1.1660568866,0,0.0,0.0,410000000.0,2315000000.0,2725000000.0,1318000000.0,0.0,73000000.0,652000000.0,1143000000.0,0.1348990912,7155000000.0,0.8444470672,-6737000000.0,418000000.0,0.049333176,124000000.0,294000000.0,0.0346984539,0.23,0.23,1302262000,1302262000,https://www.sec.gov/Archives/edgar/data/93410/000009341094000002/0000093410-94-000002-index.html,https://www.sec.gov/Archives/edgar/data/93410/,6.506371221766434,0.2257610219756086,1.3906571795844462,0.5490446622876195,1.548075579261316,10.748221172083651,10.748221172083651,10.748221172083651,5.84444604849101,28363266360.0,34257266360.0,24.118423775510205,3.347488063259766,15.66166005521811,39.668904,2.026381821818961,2.026381821818961,4.043109448837484,29.9713616447944,18.916215549420208,47.912260643356646,0.0103655198335908,0.0252086621803314,0.5385439737086518,0.2170082911100875,5.15660542432196,0.8185932491042806,98.013698630137,6.159863945578231,0.0100482080019503,0.9693877551020408,0.0,0.0,0.0,0.605190502484815,0.1293520594830638,0.0,0.0,7.388972284097652,0.1824281923741222,0.0084638415476738,-11.49269501836036,-1924000000.0,13997000000.0,-12057000000.0,19941000000.0,,,,40.44848341791573,-212.6865671641791,-115.20255863539444,2.225052521008404,-0.4231578947368421,-0.7812326485285952,0.0210045009644923,0.8416125172968266,1994-01-25,0.36,bmo,,2025-04-24,1993-12-31,0.1111111111111112,22.79828125,2911100.0
1993-09-30,CVX,USD,93410,1993-09-30,1993-09-29 20:00:00,1993,Q3,9233000000.0,6042000000.0,3191000000.0,0.3456081447,0,0.0,0.0,359000000.0,1834000000.0,2193000000.0,8235000000.0,0.0,76000000.0,615000000.0,1613000000.0,0.1746994476,998000000.0,0.1080905448,-76000000.0,922000000.0,0.0998592007,502000000.0,420000000.0,0.0454890068,0.32,0.32,1302262000,1302262000,,,7.089971142519708,0.3225157456794408,0.7824846305889291,0.1551147157791596,,,,,,31827283280.0,,18.94481147619048,3.447122634030109,31.233840314033365,157.5608083168317,0.0,0.0,,,,,0.0131962252732995,0.0063467559647773,0.0,0.0,,0.0,13.13157894736842,2.426190476190476,0.0089545814354532,0.6785714285714286,0.0,0.0,0.0,0.8017664376840039,0.088486948987328,0.0,0.0,,0.0,0.0,,,,,,,,,,,,0.0,0.0,0.0,0.0,0.6273699148097694,1993-10-26,0.35,bmo,,2025-04-24,1993-09-30,0.2571428571428572,22.218125,1927306.25
1993-06-30,CVX,USD,93410,1993-06-30,1993-06-29 20:00:00,1993,Q2,9854000000.0,7353000000.0,2501000000.0,0.2538055612,0,0.0,0.0,395000000.0,1823000000.0,2218000000.0,9571000000.0,0.0,81000000.0,596000000.0,879000000.0,0.0892023544,283000000.0,0.0287193018,-81000000.0,202000000.0,0.0204992896,152000000.0,50000000.0,0.0050740816,0.04,0.04,1301620000,1301620000,,,7.570565910173476,0.0384136691200196,0.6653247491587406,0.0560839569152287,,,,,,28557542800.0,,142.78771400000002,2.898066044245992,32.976377367205544,391.1992164383562,0.0,0.0,,,,,0.0017508509170473,0.0025562423388891,0.0,0.0,,0.0,3.493827160493827,17.32,0.0099798502271701,5.7,0.0,0.0,0.0,0.915704387990762,0.0804749340369393,0.0,0.0,,0.0,0.0,,,,,,,,,,,,0.0,0.0,0.0,0.0,0.6092407922435119,1993-07-26,0.34,bmo,,2025-04-24,1993-06-30,0.264705882352941,21.512857142857143,2187288.888888889
1993-03-31,CVX,USD,93410,1993-03-31,1993-03-30 19:00:00,1993,Q1,9082000000.0,6019000000.0,3063000000.0,0.3372605153,0,0.0,0.0,366000000.0,1726000000.0,2092000000.0,8111000000.0,0.0,87000000.0,589000000.0,1560000000.0,0.171768333,971000000.0,0.1069147765,-87000000.0,884000000.0,0.0973353887,383000000.0,501000000.0,0.0551640608,0.19,0.19,2601876000,2601876000,,,3.490558350974451,0.1925533730277692,0.2017774867057461,-0.035359102432245,,,,,,54066983280.0,,26.9795325748503,5.953202299053072,102.98473005714288,-587.6846008695652,0.0,0.0,,,,,0.0092662835913267,-0.0017015929948144,0.0,0.0,,0.0,11.160919540229886,1.0479041916167664,0.0052527435926881,0.5668662674650699,0.0,0.0,0.0,1.1752380952380952,0.0679365778462893,0.0,0.0,,0.0,0.0,,,,,,,,,,,,0.0,0.0,0.0,0.0,0.2371365891379912,1993-04-27,0.32,bmo,,2025-04-24,1993-03-31,0.21875,18.789516129032258,2356290.3225806453
