date,symbol,reportedCurrency,cik,fillingDate,acceptedDate,calendarYear,period,revenue,costOfRevenue,grossProfit,grossProfitRatio,researchAndDevelopmentExpenses,generalAndAdministrativeExpenses,sellingAndMarketingExpenses,sellingGeneralAndAdministrativeExpenses,otherExpenses,operatingExpenses,costAndExpenses,interestIncome,interestExpense,depreciationAndAmortization,ebitda,ebitdaratio,operatingIncome,operatingIncomeRatio,totalOtherIncomeExpensesNet,incomeBeforeTax,incomeBeforeTaxRatio,incomeTaxExpense,netIncome,netIncomeRatio,eps,epsdiluted,weightedAverageShsOut,weightedAverageShsOutDil,link,finalLink,revenuePerShare,netIncomePerShare,operatingCashFlowPerShare,freeCashFlowPerShare,cashPerShare,bookValuePerShare,tangibleBookValuePerShare,shareholdersEquityPerShare,interestDebtPerShare,marketCap,enterpriseValue,peRatio,priceToSalesRatio,pocfratio,pfcfRatio,pbRatio,ptbRatio,evToSales,enterpriseValueOverEBITDA,evToOperatingCashFlow,evToFreeCashFlow,earningsYield,freeCashFlowYield,debtToEquity,debtToAssets,netDebtToEBITDA,currentRatio,interestCoverage,incomeQuality,dividendYield,payoutRatio,salesGeneralAndAdministrativeToRevenue,researchAndDdevelopementToRevenue,intangiblesToTotalAssets,capexToOperatingCashFlow,capexToRevenue,capexToDepreciation,stockBasedCompensationToRevenue,grahamNumber,roic,returnOnTangibleAssets,grahamNetNet,workingCapital,tangibleAssetValue,netCurrentAssetValue,investedCapital,averageReceivables,averagePayables,averageInventory,daysSalesOutstanding,daysPayablesOutstanding,daysOfInventoryOnHand,receivablesTurnover,payablesTurnover,inventoryTurnover,roe,capexPerShare,report_date,epsEstimated,time,revenueEstimated,updatedFromDate,fiscalDateEnding,surprise(%),QuarterAvgPrice,QuarterAvgVolume
2025-03-31,CZR,USD,1590895,2025-04-29,2025-04-29 16:22:26,2025,Q1,2794000000.0,1382000000.0,1412000000.0,0.5053686471,0,483000000.0,0.0,483000000.0,0.0,924000000.0,2306000000.0,0.0,0.0,357000000.0,850000000.0,0.3042233357,488000000.0,0.1746599857,-575000000.0,-87000000.0,-0.0311381532,11000000.0,-115000000.0,-0.0411596278,-0.54,-0.54,212000000,212000000,https://www.sec.gov/Archives/edgar/data/1590895/000159089525000110/0001590895-25-000110-index.htm,https://www.sec.gov/Archives/edgar/data/1590895/000159089525000110/czr-20250331.htm,13.179245283018869,-0.5424528301886793,1.028301886792453,-0.0235849056603773,4.169811320754717,20.183962264150946,-49.16037735849056,19.117924528301888,118.3490566037736,5300000000.0,29506000000.0,-11.52173913043478,1.8969219756621327,24.311926605504585,-1060.0,1.307673328398717,1.307673328398717,10.56048675733715,34.712941176470586,135.348623853211,-5901.2,-0.0216981132075471,-0.000943396226415,6.190476190476191,0.7744305204024939,28.47764705882353,0.8353601496725912,0.0,-2.224489795918368,0.0,0.0,0.1728704366499642,0.0,0.4537625779369096,1.0229357798165135,0.079813886900501,0.6246498599439776,0.0093056549749463,,0.0181001366290842,-0.006498276544047,-126.80896226415096,-352000000.0,-10422000000.0,-26333000000.0,29015000000.0,455000000.0,271000000.0,44000000.0,14.173228346456693,16.02026049204052,2.800289435600579,6.35,5.617886178861789,32.13953488372093,-0.0283740439180853,1.05188679245283,2025-04-29,-0.19,amc,2881065490.0,2025-05-11,2025-03-31,1.842105263157895,32.53033333333333,5152187.8
2024-12-31,CZR,USD,1590895,2025-02-25,2025-02-25 16:33:44,2024,Q4,2799000000.0,1396000000.0,1403000000.0,0.5012504466,0,477000000.0,0.0,477000000.0,257000000.0,734000000.0,2130000000.0,5000000.0,591000000.0,345000000.0,979000000.0,0.3497677742,669000000.0,0.2390139335,-626000000.0,43000000.0,0.0153626295,19000000.0,11000000.0,0.003929975,0.0512,0.0512,215000000,215000000,https://www.sec.gov/Archives/edgar/data/1590895/000159089525000068/0001590895-25-000068-index.htm,https://www.sec.gov/Archives/edgar/data/1590895/000159089525000068/czr-20241231.htm,13.018604651162793,0.0511627906976744,1.4372093023255814,0.1395348837209302,4.027906976744186,20.35348837209302,-48.17674418604651,19.334883720930232,119.31627906976745,7185300000.0,31381300000.0,163.30227272727274,2.5670953912111467,23.25339805825243,239.51,1.728482078421939,1.728482078421939,11.211611289746338,32.05444330949949,101.55760517799352,1046.0433333333333,0.0015309033721626,0.0041751910149889,6.028866971373587,0.7690088984351028,24.715015321756898,0.7689260563380281,1.131979695431472,12.875,0.0,0.0,0.1704180064308681,0.0,0.4521018717397975,0.9029126213592232,0.0996784565916398,0.808695652173913,0.007502679528403,4.717795958072061,0.0122633785088416,0.0006160394265232,-125.45581395348836,-525000000.0,-10358000000.0,-26467000000.0,29021000000.0,469500000.0,282000000.0,44000000.0,15.112540192926046,19.083094555873924,2.901146131805157,5.95531914893617,4.716216216216216,31.022222222222226,0.0026461390425787,1.2976744186046512,2025-02-25,-0.15,amc,2813784770.0,2025-05-11,2024-12-31,-1.3333333333333337,39.5915625,3904412.25
2024-09-30,CZR,USD,1590895,2024-10-29,2024-10-29 16:32:33,2024,Q3,2874000000.0,1355000000.0,1519000000.0,0.5285316632,0,478000000.0,0.0,478000000.0,397000000.0,875000000.0,2230000000.0,2000000.0,598000000.0,326000000.0,974000000.0,0.3389004871,644000000.0,0.2240779402,-592000000.0,52000000.0,0.0180932498,43000000.0,-9000000.0,-0.003131524,-0.0419,-0.0419,215000000,215000000,https://www.sec.gov/Archives/edgar/data/1590895/000159089524000138/0001590895-24-000138-index.htm,https://www.sec.gov/Archives/edgar/data/1590895/000159089524000138/czr-20240930.htm,13.367441860465116,-0.041860465116279,1.0790697674418606,-0.9627906976744186,3.730232558139535,20.390697674418604,-50.12093023255814,19.432558139534883,120.92093023255812,8974100000.0,33572100000.0,-249.2805555555556,3.1225121781489213,38.68146551724138,-43.353140096618354,2.147941598851125,2.147941598851125,11.681315240083508,34.468275154004104,144.7073275862069,-162.18405797101448,-0.0010028860832841,-0.0230663799155347,6.0794638583054095,0.7704206982316721,25.254620123203285,0.8381120423467138,1.0769230769230769,25.77777777777778,0.0,0.0,0.1663187195546277,0.0,0.4598258970548091,1.8922413793103448,0.1527487821851078,1.3466257668711656,0.0083507306889352,,0.0036184111953492,-0.0005053624571845,-127.48720930232558,-367000000.0,-10776000000.0,-26685000000.0,29688000000.0,507500000.0,352000000.0,44000000.0,14.686847599164928,17.800738007380073,2.856088560885609,6.127931769722815,5.0559701492537314,31.511627906976745,-0.0021541407371948,2.041860465116279,2024-10-29,0.21,amc,2892967860.0,2025-04-24,2024-09-30,-1.1904761904761905,37.5009375,4986763.0625
2024-06-30,CZR,USD,1590895,2024-07-30,2024-07-30 16:39:43,2024,Q2,2830000000.0,1648000000.0,1182000000.0,0.4176678445,0,465000000.0,80000000.0,545000000.0,-1000000.0,545000000.0,2193000000.0,2000000.0,596000000.0,326000000.0,963000000.0,0.3402826855,637000000.0,0.2250883392,-598000000.0,-92000000.0,-0.0325088339,10000000.0,-122000000.0,-0.0431095406,-0.56,-0.56,216000000,216000000,https://www.sec.gov/Archives/edgar/data/1590895/000159089524000124/0001590895-24-000124-index.htm,https://www.sec.gov/Archives/edgar/data/1590895/000159089524000124/czr-20240630.htm,13.101851851851851,-0.5648148148148148,2.101851851851852,0.5787037037037037,4.356481481481482,20.810185185185187,-50.263888888888886,19.93055555555556,118.92129629629628,8154000000.0,32304000000.0,-16.709016393442624,2.8812720848056537,17.96035242290749,65.232,1.8940766550522647,1.8940766550522647,11.414840989399291,33.545171339563865,71.15418502202643,258.432,-0.014961981849399,0.0153298994358597,5.828339140534262,0.7584028533430057,25.077881619937692,0.6981999234009958,1.0687919463087248,-3.721311475409836,0.0,0.0,0.1643109540636042,0.0,0.4640309515173498,0.724669603524229,0.1162544169611307,1.00920245398773,0.0084805653710247,,0.0231000925795565,-0.0068802165576359,-126.0,-788000000.0,-10857000000.0,-26766000000.0,29424000000.0,548500000.0,437500000.0,44500000.0,17.363957597173144,23.810679611650485,2.45752427184466,5.183150183150183,3.779816513761468,36.62222222222222,-0.0283391405342624,1.523148148148148,2024-07-30,0.12,amc,2866660000.0,2025-04-24,2024-06-30,-1.1666666666666663,37.57158730158731,4448174.428571428
2024-03-31,CZR,USD,1590895,2024-04-30,2024-04-30 16:26:09,2024,Q1,2742000000.0,1673000000.0,1069000000.0,0.389861415,0,500000000.0,78000000.0,578000000.0,26000000.0,578000000.0,2251000000.0,2000000.0,592000000.0,327000000.0,818000000.0,0.2983223924,491000000.0,0.1790663749,-612000000.0,-127000000.0,-0.0463165573,15000000.0,-158000000.0,-0.0576221736,-0.73,-0.73,216000000,216000000,https://www.sec.gov/Archives/edgar/data/1590895/000159089524000088/0001590895-24-000088-index.htm,https://www.sec.gov/Archives/edgar/data/1590895/000159089524000088/czr-20240331.htm,12.694444444444445,-0.7314814814814815,0.3703703703703703,-0.8518518518518519,3.9444444444444446,21.24074074074074,-50.41203703703704,20.38888888888889,118.75,9324720000.0,33530720000.0,-14.754303797468356,3.400700218818381,116.559,-50.67782608695652,2.11732970027248,2.11732970027248,12.228563092633117,40.99110024449877,419.134,-182.23217391304348,-0.0169442085124271,-0.0197324959891557,5.689827429609446,0.757978160258931,29.591687041564796,0.685207100591716,0.8293918918918919,-0.5063291139240507,0.0,0.0,0.1823486506199854,0.0,0.4681629813363985,3.3,0.0962800875273523,0.8073394495412844,0.0091174325309992,,0.0179303718722402,-0.0089864634285064,-125.85069444444444,-798000000.0,-10889000000.0,-26734000000.0,29482000000.0,579500000.0,423500000.0,45000000.0,18.08533916849015,23.61625821876868,2.367005379557681,4.976406533575318,3.810933940774487,38.02272727272727,-0.0358764759309718,1.2222222222222223,2024-04-30,-0.05116,amc,2835250000.0,2025-04-24,2024-03-31,9.750586395621582,43.25098360655738,3195967.0
2023-12-31,CZR,USD,1590895,2024-02-20,2024-02-20 17:03:33,2023,Q4,2825000000.0,1382000000.0,1443000000.0,0.5107964602,0,476000000.0,0.0,476000000.0,5000000.0,861000000.0,2243000000.0,2000000.0,583000000.0,318000000.0,900000000.0,0.3185840708,536000000.0,0.1897345133,-576000000.0,-40000000.0,-0.014159292,16000000.0,-72000000.0,-0.0254867257,-0.33,-0.33,216000000,216000000,https://www.sec.gov/Archives/edgar/data/1590895/000159089524000051/0001590895-24-000051-index.htm,https://www.sec.gov/Archives/edgar/data/1590895/000159089524000051/czr-20231231.htm,13.078703703703704,-0.3333333333333333,2.351851851851852,0.6435185185185185,4.652777777777778,21.85185185185185,-49.9675925925926,21.074074074074076,118.76851851851852,10126080000.0,34192080000.0,-35.160000000000004,3.5844530973451327,19.933228346456698,72.8494964028777,2.224534270650264,2.224534270650264,12.103391150442478,37.9912,67.30724409448818,245.9861870503597,-0.0071103526734926,0.0137269308557704,5.507688927943761,0.7513936342384463,26.74,0.7602230483271375,0.9193825042881648,-9.071428571428571,0.0,0.0,0.1684955752212389,0.0,0.4649343643229635,0.7263779527559056,0.1306194690265486,1.160377358490566,0.007787610619469,,0.024392146664933,-0.0040329356410687,-125.75,-645000000.0,-10793000000.0,-26601000000.0,29624000000.0,581500000.0,389500000.0,45500000.0,19.369911504424778,26.570188133140377,2.995658465991317,4.646381578947368,3.3872549019607843,30.043478260869566,-0.015817223198594,1.7083333333333333,2024-02-20,-0.03891,amc,2849310000.0,2025-04-24,2023-12-31,7.738113595476742,44.40857142857143,3340712.26984127
2023-09-30,CZR,USD,1590895,2023-10-31,2023-10-31 16:17:02,2023,Q3,2994000000.0,1361000000.0,1633000000.0,0.5454241817,0,528000000.0,0.0,528000000.0,-1000000.0,922000000.0,2283000000.0,3000000.0,581000000.0,320000000.0,1031000000.0,0.3443553774,724000000.0,0.2418169673,-585000000.0,139000000.0,0.0464261857,47000000.0,74000000.0,0.0247160989,0.34,0.34,215000000,216000000,https://www.sec.gov/Archives/edgar/data/1590895/000159089523000122/0001590895-23-000122-index.htm,https://www.sec.gov/Archives/edgar/data/1590895/000159089523000122/czr-20230930.htm,13.925581395348836,0.3441860465116279,1.6186046511627907,0.0511627906976744,3.911627906976744,22.05581395348837,-50.70697674418604,21.413953488372098,59.88837209302326,9965250000.0,21419250000.0,33.66638513513514,3.3284068136272547,28.635775862068964,905.931818181818,2.164476542137272,2.164476542137272,7.154058116232465,20.77521823472357,61.54956896551724,1947.2045454545453,0.0074258046712325,0.0011038358295075,2.670503909643788,0.370008125432604,11.10960232783705,0.7262787973447872,1.2461273666092942,3.782608695652174,0.0,0.0,0.1763527054108216,0.0,0.4707935839176623,0.9683908045977012,0.1125584502338009,1.053125,0.0086840347361389,12.877641080776408,0.0155921727330334,0.0042081319306226,-126.5453488372093,-701000000.0,-10902000000.0,-26627000000.0,29643000000.0,540500000.0,335000000.0,49000000.0,16.683366733466933,24.533431300514327,2.9757531227038942,5.394594594594595,3.6684636118598384,30.244444444444444,0.0160729800173761,1.5674418604651164,2023-10-31,0.29,amc,2938630000.0,2025-04-24,2023-09-30,0.1724137931034484,53.13087301587301,2416005.873015873
2023-06-30,CZR,USD,1590895,2023-08-01,2023-08-01 16:15:47,2023,Q2,2879000000.0,1329000000.0,1550000000.0,0.5383813824,0,585000000.0,0.0,585000000.0,3000000.0,908000000.0,2237000000.0,3000000.0,586000000.0,323000000.0,965000000.0,0.3351858284,609000000.0,0.2115317819,-583000000.0,26000000.0,0.0090309135,-902000000.0,920000000.0,0.3195554012,4.28,4.28,215000000,215000000,https://www.sec.gov/Archives/edgar/data/1590895/000159089523000091/0001590895-23-000091-index.htm,https://www.sec.gov/Archives/edgar/data/1590895/000159089523000091/czr-20230630.htm,13.390697674418604,4.27906976744186,3.623255813953489,2.153488372093024,5.21860465116279,21.706976744186047,-51.15348837209302,21.13953488372093,61.08837209302325,10958550000.0,22384550000.0,2.9778668478260872,3.806373740882251,14.067458279845956,23.66857451403888,2.411122112211221,2.411122112211221,7.775112886418896,23.19642487046632,28.734980744544288,48.34676025917926,0.0839527127220298,0.0422501152068476,2.760836083608361,0.3748133102335862,11.84041450777202,0.7828487302171513,1.0392491467576792,0.8467391304347827,0.0,0.0,0.2031955540118096,0.0,0.4679192305394588,0.4056482670089859,0.1097603334491142,0.978328173374613,0.0100729419937478,45.11424114313615,0.7050704007465499,0.051647673047774,-126.8279069767442,-590000000.0,-10998000000.0,-26684000000.0,29708000000.0,534500000.0,292000000.0,55000000.0,16.443209447724904,20.248306997742663,3.589164785553048,5.473384030418251,4.444816053511706,25.07547169811321,0.2024202420242024,1.4697674418604652,2023-08-01,0.33,amc,2866740000.0,2025-04-24,2023-06-30,1.4848484848484846,45.4058064516129,2844949.564516129
2023-03-31,CZR,USD,1590895,2023-05-03,2023-05-02 19:54:51,2023,Q1,2830000000.0,1323000000.0,1507000000.0,0.5325088339,0,588000000.0,0.0,588000000.0,300000000.0,888000000.0,2211000000.0,4000000.0,594000000.0,300000000.0,919000000.0,0.3247349823,603000000.0,0.2130742049,-788000000.0,-185000000.0,-0.0653710247,-49000000.0,-136000000.0,-0.0480565371,-0.63,-0.63,215000000,215000000,https://www.sec.gov/Archives/edgar/data/1590895/000159089523000077/0001590895-23-000077-index.htm,https://www.sec.gov/Archives/edgar/data/1590895/000159089523000077/czr-20230331.htm,13.16279069767442,-0.6325581395348837,0.8093023255813954,-0.4558139534883721,4.488372093023256,16.906976744186046,-56.032558139534885,16.730232558139534,63.097674418604655,10494150000.0,22501150000.0,-19.290716911764708,3.7081802120141343,60.31120689655173,-107.08316326530613,2.917472894078399,2.917472894078399,7.950936395759717,24.484385201305766,129.3169540229885,-229.60357142857143,-0.0129596013016776,-0.0093385362320912,3.6063386155129273,0.3889771807250592,13.065288356909685,0.8460244005048381,1.0151515151515151,87.0,0.0,0.0,0.207773851590106,0.0,0.4702389876757923,1.5632183908045978,0.096113074204947,0.9066666666666666,0.0095406360424028,,0.01428113680691,-0.0076979679628686,-131.68953488372094,-366000000.0,-12047000000.0,-27703000000.0,29924000000.0,577000000.0,299500000.0,58000000.0,17.26855123674912,19.387755102040817,3.877551020408163,5.211786372007366,4.642105263157895,23.210526315789476,-0.0378092855157075,1.2651162790697674,2023-05-02,0.06,amc,2757880000.0,2025-04-24,2023-03-31,0.5,49.01467741935484,3055360.3225806453
2022-12-31,CZR,USD,1590895,2023-02-22,2023-02-21 21:52:34,2022,Q4,2821000000.0,1301000000.0,1520000000.0,0.5388160227,0,601000000.0,0.0,601000000.0,295000000.0,896000000.0,2197000000.0,585000000.0,585000000.0,295000000.0,919000000.0,0.3257710032,488000000.0,0.172988302,-644000000.0,-156000000.0,-0.0552995392,6000000.0,-162000000.0,-0.0574264445,-0.75,-0.75,215000000,215000000,https://www.sec.gov/Archives/edgar/data/1590895/000159089523000070/0001590895-23-000070-index.htm,https://www.sec.gov/Archives/edgar/data/1590895/000159089523000070/czr-20221231.htm,13.12093023255814,-0.7534883720930232,2.437209302325581,1.344186046511628,4.8279069767441865,17.446511627906975,-55.66046511627907,17.269767441860466,120.9860465116279,8944000000.0,33333000000.0,-13.80246913580247,3.1705069124423964,17.068702290076338,30.94809688581315,2.408833827093994,2.408833827093994,11.81602268699043,36.27094668117519,63.61259541984733,115.33910034602076,-0.0181127012522361,0.0323121645796064,6.848101265822785,0.7584036746502819,26.538628944504897,0.787856071964018,0.8341880341880342,-0.5758241758241758,0.0,0.0,0.2130450194966324,0.0,0.4688161780057864,0.4484732824427481,0.0833037929812123,0.1950207468879668,0.0085076214108472,,0.0163384347541422,-0.0090965242293222,-131.396511627907,-566000000.0,-11967000000.0,-27674000000.0,30389000000.0,558500000.0,307000000.0,52500000.0,19.493087557603687,21.7217524980784,4.081475787855496,4.617021276595745,4.143312101910828,22.05084745762712,-0.0436304874764341,1.0930232558139534,2023-02-21,-0.18,amc,2803493354.0,2025-04-24,2022-12-31,-0.3888888888888888,44.52968253968254,4088676.8095238097
2022-09-30,CZR,USD,1590895,2022-11-02,2022-11-01 20:26:29,2022,Q3,2887000000.0,1325000000.0,1562000000.0,0.5410460686,0,592000000.0,0.0,592000000.0,304000000.0,896000000.0,2221000000.0,3000000.0,569000000.0,304000000.0,970000000.0,0.3359889158,659000000.0,0.2282646346,-598000000.0,61000000.0,0.0211291999,8000000.0,52000000.0,0.0180117769,0.24,0.24,214000000,215000000,https://www.sec.gov/Archives/edgar/data/1590895/000159089522000148/0001590895-22-000148-index.htm,https://www.sec.gov/Archives/edgar/data/1590895/000159089522000148/czr-20220930.htm,13.490654205607475,0.2429906542056074,1.6495327102803738,0.4485981308411215,5.046728971962617,18.186915887850468,-55.92990654205608,17.934579439252335,63.06542056074766,6903640000.0,18886640000.0,33.19057692307692,2.391285071007967,19.557053824362605,71.91291666666666,1.7987597707139136,1.7987597707139136,6.5419605126428815,19.47076288659794,53.503229461756376,196.73583333333332,0.0075322583448731,0.0139057077136119,3.3681605002605526,0.3848008572959457,12.35360824742268,0.7980214344600165,1.1581722319859402,-1.5150214592274678,0.0,0.0,0.2050571527537235,0.0,0.4721378817646008,0.7280453257790368,0.089019743678559,0.9311594202898552,0.0090058884655351,9.902198836321311,0.0183293991450093,0.0029323859471042,-131.8668224299065,-490000000.0,-11969000000.0,-27766000000.0,29963000000.0,500000000.0,311500000.0,46500000.0,15.774160027710426,20.37735849056604,3.1245283018867926,5.705533596837944,4.416666666666667,28.80434782608696,0.0135487232933819,1.2009345794392523,2022-11-01,0.14,amc,2821474091.0,2025-04-24,2022-09-30,0.7142857142857141,43.49359375,3610224.0625
2022-06-30,CZR,USD,1590895,2022-08-04,2022-08-03 20:21:05,2022,Q2,2821000000.0,1306000000.0,1515000000.0,0.5370436016,0,517000000.0,0.0,517000000.0,45000000.0,899000000.0,2205000000.0,3000000.0,562000000.0,306000000.0,922000000.0,0.3268344559,602000000.0,0.2133995037,-514000000.0,88000000.0,0.0311946118,52000000.0,-123000000.0,-0.0436015597,-0.57,-0.57,214000000,215000000,https://www.sec.gov/Archives/edgar/data/1590895/000159089522000126/0001590895-22-000126-index.htm,https://www.sec.gov/Archives/edgar/data/1590895/000159089522000126/czr-20220630.htm,13.182242990654206,-0.5747663551401869,1.6682242990654206,0.4485981308411215,5.336448598130841,17.3411214953271,-56.92990654205608,17.05140186915888,125.3411214953271,8196199999.999999,33460200000.0,-16.658943089430892,2.9054236086494147,22.958543417366943,85.37708333333332,2.246149630035626,2.246149630035626,11.86111308046792,36.29088937093275,93.72605042016806,348.54375,-0.0150069544423025,0.0117127449305775,7.196766237325295,0.7161439869102809,27.40130151843817,1.0006126199714112,1.0711743772241993,-2.902439024390244,0.0,0.0,0.1832683445586671,0.0,0.4334333242432506,0.7310924369747899,0.0925203828429634,0.8529411764705882,0.0092165898617511,,0.0077339675053458,-0.00592029264536,-146.83644859813083,3000000.0,-12183000000.0,-28059000000.0,30503000000.0,472000000.0,425500000.0,45500000.0,15.76036866359447,22.25880551301685,3.238897396630934,5.7105263157894735,4.043343653250774,27.78723404255319,-0.0337078651685393,1.219626168224299,2022-08-02,0.25,amc,2770337469.0,2025-04-24,2022-06-30,-0.36,55.69370967741936,3862761.516129032
2022-03-31,CZR,USD,1590895,2022-05-04,2022-05-03 19:05:59,2022,Q1,2292000000.0,1469000000.0,823000000.0,0.3590750436,0,568000000.0,0.0,568000000.0,300000000.0,868000000.0,2337000000.0,2000000.0,552000000.0,300000000.0,294000000.0,0.1282722513,-41000000.0,-0.0178883072,-548000000.0,-558000000.0,-0.2434554974,-107000000.0,-451000000.0,-0.1967713787,-2.11,-2.11,213744075,214000000,https://www.sec.gov/Archives/edgar/data/1590895/000159089522000100/0001590895-22-000100-index.htm,https://www.sec.gov/Archives/edgar/data/1590895/000159089522000100/czr-20220331.htm,10.723104254468808,-2.1100000081873613,-1.2117294947240058,-2.1942128688245512,4.673813765364022,17.993481222812843,-56.60507782496427,17.708093195097923,125.59880314811066,16535241642.0,42015241642.0,-9.165876741685144,7.214328814136126,-63.84263182239382,-35.25637876759062,4.368623947688243,4.368623947688243,18.331257260907503,142.90898517687074,-162.2210102007722,-89.58473697654584,-0.0272750776652968,-0.0283636616962842,6.946895640686922,0.7092493189113371,86.66666666666667,0.9951409135082604,-0.0742753623188405,0.5742793791574279,0.0,0.0,0.2478184991273996,0.0,0.4300973754484395,-0.8108108108108109,0.0916230366492146,0.7,0.0109075043630017,,-0.0010356270026733,-0.0213460810299129,-149.09653051201536,-25000000.0,-12099000000.0,-28107000000.0,30557000000.0,461000000.0,391000000.0,43000000.0,17.670157068062828,32.34853641933288,2.69571136827774,5.093333333333334,2.7821969696969697,33.38636363636363,-0.1191545574636723,0.9824833741005452,2022-05-03,-2.15,amc,2345206352.0,2025-04-24,2022-03-31,-0.0186046511627907,80.30532258064517,2981048.8870967743
2021-12-31,CZR,USD,1590895,2022-02-24,2022-02-23 20:49:16,2021,Q4,2591000000.0,1473000000.0,1118000000.0,0.4314936318,0,579000000.0,0.0,579000000.0,-22000000.0,863000000.0,2336000000.0,0.0,561000000.0,284000000.0,539000000.0,0.2080277885,122000000.0,0.0470860672,-679000000.0,-557000000.0,-0.2149749132,-116000000.0,-434000000.0,-0.1675028946,-2.03,-2.03,214000000,214000000,https://www.sec.gov/Archives/edgar/data/1590895/000159089522000061/0001590895-22-000061-index.htm,https://www.sec.gov/Archives/edgar/data/1590895/000159089522000061/czr-20211231.htm,12.107476635514018,-2.02803738317757,1.1822429906542056,0.0747663551401869,6.490654205607477,21.2196261682243,-53.52803738317757,20.93457943925233,125.35514018691588,20015420000.0,45210420000.0,-11.529619815668203,7.724978772674643,79.11233201581028,1250.96375,4.467727678571429,4.467727678571429,17.44902354303358,83.87833024118738,178.69731225296442,2825.65125,-0.0216832821894319,0.0007993836751864,5.862723214285714,0.6906208093397491,46.74397031539889,1.1259203322635454,0.2174688057040998,-0.5736961451247166,0.0,0.0,0.2234658433037437,0.0,0.420604243906287,0.9367588932806324,0.0914704747201852,0.2104795737122557,0.0069471246622925,,0.0029401412231767,-0.019695938280009,-148.25233644859813,667000000.0,-11455000000.0,-27526000000.0,31926000000.0,455000000.0,297000000.0,43500000.0,16.395214203010422,15.519348268839105,2.566191446028513,5.489406779661017,5.799212598425197,35.07142857142857,-0.096875,1.1074766355140186,2022-02-22,-0.81,amc,2587116708.0,2025-04-24,2021-12-31,0.4074074074074072,101.3759375,2189417.625
2021-09-30,CZR,USD,1590895,2021-11-05,2021-11-04 21:43:47,2021,Q3,2685000000.0,1284000000.0,1401000000.0,0.5217877095,0,572000000.0,0.0,572000000.0,-153000000.0,848000000.0,2132000000.0,0.0,579000000.0,276000000.0,829000000.0,0.3087523277,532000000.0,0.1981378026,-849000000.0,-317000000.0,-0.1180633147,-90000000.0,-233000000.0,-0.0867783985,-1.1,-1.09,212037037,214000000,https://www.sec.gov/Archives/edgar/data/1590895/000159089521000135/0001590895-21-000135-index.htm,https://www.sec.gov/Archives/edgar/data/1590895/000159089521000135/czr-20210930.htm,12.662882098281726,-1.098864629012902,1.4808733627040829,0.7923144106187449,6.480000001131878,23.35912664163478,-53.13694324072261,23.062008737652757,129.75563321043768,23807518514.36,49669518514.36,-25.54454776218884,8.866859781884544,75.82012265719746,141.71141972833334,4.868613193120654,4.868613193120654,18.49888957704283,59.91498011382389,158.1831799820382,295.65189591880954,-0.0097868242697978,0.0070565943232877,5.507975460122699,0.6912889482059442,31.196622436670687,1.1902370429891522,0.918825561312608,-1.3476394849785407,0.0,0.0,0.2130353817504655,0.0,0.4163030645244084,0.464968152866242,0.0543761638733705,0.5289855072463768,0.0078212290502793,,0.0111869087489363,-0.010245361006068,-152.25641924056882,947000000.0,-11267000000.0,-28084000000.0,31696000000.0,429000000.0,278500000.0,43000000.0,14.681564245810057,23.831775700934585,3.154205607476636,6.13013698630137,3.776470588235294,28.53333333333333,-0.0476482617586912,0.6885589520853378,2021-11-02,0.08,amc,2645160000.0,2025-04-24,2021-09-30,-14.500000000000002,97.6734375,2482468.3125
2021-06-30,CZR,USD,1590895,2021-08-04,2021-08-03 20:05:51,2021,Q2,2502000000.0,1045000000.0,1457000000.0,0.5823341327,0,494000000.0,0.0,494000000.0,110000000.0,795000000.0,1840000000.0,0.0,576000000.0,301000000.0,963000000.0,0.3848920863,590000000.0,0.2358113509,-489000000.0,101000000.0,0.0403677058,-1000000.0,71000000.0,0.0283772982,0.34,0.34,209000000,211000000,https://www.sec.gov/Archives/edgar/data/1590895/000159089521000118/0001590895-21-000118-index.htm,https://www.sec.gov/Archives/edgar/data/1590895/000159089521000118/czr-20210630.htm,11.971291866028707,0.3397129186602871,2.550239234449761,0.722488038277512,6.5311004784689,24.69856459330143,-53.82296650717704,24.564593301435405,128.4928229665072,21683750000.0,46834750000.0,76.35123239436619,8.666566746602717,40.68245778611632,143.60099337748343,4.2235586287495135,4.2235586287495135,18.718924860111912,48.63421599169263,87.87007504690432,310.1639072847682,0.0032743413846774,0.006963740127976,5.118620958317102,0.6770146331409728,26.11734164070613,1.1584739545121057,1.0243055555555556,7.402777777777778,0.0,0.0,0.1974420463629096,0.0,0.4227895713107997,0.7166979362101313,0.1526778577138289,1.269102990033223,0.0079936051159072,13.702571581203474,0.0178230260584013,0.0031689355054675,-152.88755980861245,864000000.0,-11249000000.0,-27338000000.0,31668000000.0,396000000.0,182500000.0,41000000.0,15.107913669064748,18.688995215311003,3.531100478468899,5.957142857142857,4.815668202764977,25.48780487804878,0.0138293728087261,1.8277511961722488,2021-08-03,-0.26,amc,2329150000.0,2025-04-24,2021-06-30,-2.846153846153846,100.8968253968254,3458250.984126984
2021-03-31,CZR,USD,1590895,2021-05-05,2021-05-04 19:13:54,2021,Q1,1699000000.0,796000000.0,903000000.0,0.5314891112,0,432000000.0,0.0,432000000.0,-133000000.0,697000000.0,1493000000.0,0.0,563000000.0,265000000.0,501000000.0,0.2948793408,186000000.0,0.1094761624,-696000000.0,-510000000.0,-0.3001765745,-79000000.0,-423000000.0,-0.2489699823,-2.03,-2.03,208000000,208000000,https://www.sec.gov/Archives/edgar/data/1590895/000159089521000101/0001590895-21-000101-index.htm,https://www.sec.gov/Archives/edgar/data/1590895/000159089521000101/czr-20210331.htm,8.16826923076923,-2.0336538461538463,0.3461538461538461,0.0240384615384615,18.591346153846157,22.259615384615383,-44.875,22.177884615384617,130.12980769230768,18189600000.0,42899600000.0,-10.750354609929078,10.706062389640966,252.63333333333333,3637.92,3.9431172772599177,3.9431172772599177,25.249911712772217,85.62794411177644,595.8277777777778,8579.92,-0.0232550468399525,0.000274882350354,5.745501842618686,0.7358338654598962,49.32135728542914,2.620607028753993,0.3303730017761989,-0.1702127659574468,0.0,0.0,0.2542672160094173,0.0,0.3876842777423027,0.9305555555555556,0.0394349617422013,0.2528301886792453,0.0135373749264273,,0.0046807288218128,-0.0191793244162321,-130.87740384615384,4058000000.0,-9334000000.0,-24827000000.0,32105000000.0,377000000.0,157500000.0,42500000.0,19.70570924072984,16.733668341708544,4.635678391959799,4.567204301075269,5.378378378378378,19.414634146341463,-0.0916973769781053,0.3221153846153846,2021-05-04,-1.69,amc,1481905555.0,2025-04-24,2021-03-31,0.2189349112426036,83.9160655737705,3345083.950819672
2020-12-31,CZR,USD,1590895,2021-03-01,2021-02-26 21:50:50,2020,Q4,1497000000.0,777000000.0,720000000.0,0.4809619238,0,462000000.0,-30058000.0,462000000.0,177000000.0,723000000.0,1500000000.0,0.0,566000000.0,261000000.0,345000000.0,0.2304609218,-83000000.0,-0.0554442218,-413000000.0,-496000000.0,-0.3313293253,62000000.0,-555000000.0,-0.370741483,-3.28,-3.28,169000000,169000000,https://www.sec.gov/Archives/edgar/data/1590895/000159089521000085/0001590895-21-000085-index.htm,https://www.sec.gov/Archives/edgar/data/1590895/000159089521000085/czr-20201231.htm,8.857988165680473,-3.284023668639054,-2.21301775147929,-2.710059171597633,10.42603550295858,29.78698224852071,-52.9112426035503,29.680473372781066,162.71005917159763,12551630000.0,37725630000.0,-5.653887387387387,8.384522378089512,-33.56050802139037,-27.405305676855896,2.5023185805422647,2.5023185805422647,25.200821643286577,109.34965217391304,-100.87066844919786,-82.3703711790393,-0.0442173645972674,-0.0364892846586459,5.369218500797448,0.7401951353579772,72.96811594202899,2.579110251450677,-0.146643109540636,0.6738738738738739,0.0,0.0,0.3086172344689378,0.0,0.3841143328294626,-0.2245989304812834,0.0561122244488977,0.1736872141397934,0.0160320641282565,,-0.0027528007075471,-0.0247668347538935,-173.25739644970415,4082000000.0,-8942000000.0,-24684000000.0,32815000000.0,402000000.0,220500000.0,46500000.0,22.96593186372745,19.343629343629345,5.096525096525096,3.918848167539267,4.652694610778443,17.65909090909091,-0.110645933014354,0.4970414201183432,2021-02-25,-1.77,amc,1793930000.0,2025-04-24,2020-12-31,-0.03954802259887,62.7109375,3130978.28125
2020-09-30,CZR,USD,1590895,2020-11-09,2020-11-09 07:25:29,2020,Q3,1377000000.0,667000000.0,710000000.0,0.5156136529,0,420000000.0,0.0,420000000.0,9000000.0,643000000.0,1310000000.0,0.0,473000000.0,225000000.0,-93000000.0,-0.0675381264,-152000000.0,-0.1103848947,-637000000.0,-789000000.0,-0.5729847495,135000000.0,-926000000.0,-0.672476398,-6.09,-6.09,152000000,152000000,https://www.sec.gov/Archives/edgar/data/1590895/000159089520000039/0001590895-20-000039-index.htm,https://www.sec.gov/Archives/edgar/data/1590895/000159089520000039/eri-20200930.htm,9.05921052631579,-6.092105263157895,-0.7666907894736842,-1.246861842105263,21.68421052631579,22.29605263157895,-69.25657894736842,22.17105263157895,186.1184210526316,8521120000.0,35301120000.0,-2.300518358531318,6.188177196804648,-73.11943846160447,-44.96087546102584,2.528522255192878,2.528522255192878,25.636252723311543,-379.58193548387095,-302.9176999579533,-186.26298655044508,-0.1086711605986067,-0.0222415597949565,8.254302670623145,0.7675984436656641,-287.9569892473118,2.5497975708502025,-0.321353065539112,0.1258498920086393,0.0,0.0,0.3050108932461873,0.0,0.3840061811860151,-0.6262903627174202,0.0530036310820624,0.2625395683453237,0.0326797385620915,,-0.0052608938575108,-0.0414818796756708,-192.19078947368425,3828000000.0,-10527000000.0,-26552000000.0,32374000000.0,233445000.0,157039500.0,33184500.0,27.58169934640523,36.97151424287856,6.611694152923539,3.2630331753554502,2.434306569343066,13.612244897959185,-0.2747774480712166,0.4801710526315789,2020-11-05,-2.32,amc,1146432558.0,2025-04-24,2020-09-30,1.6250000000000002,38.31703125,9979564.375
2020-06-30,CZR,USD,1590895,2020-08-06,2020-08-06 17:20:01,2020,Q2,126470000.0,58629000.0,67841000.0,0.5364197043,0,77912000.0,5105000.0,83017000.0,48939000.0,131956000.0,190585000.0,0.0,68136000.0,49000000.0,-15738000.0,-0.1244405788,-78327000.0,-0.6193326481,-54657000.0,-133657000.0,-1.0568277062,-33661000.0,-99996000.0,-0.790669724,-1.25,-1.25,80000000,80000000,https://www.sec.gov/Archives/edgar/data/1590895/000159089520000007/0001590895-20-000007-index.htm,https://www.sec.gov/Archives/edgar/data/1590895/000159089520000007/eri-20200630.htm,1.580875,-1.24995,-1.3873375,-1.61,12.331925,20.2056125,-3.1270875,20.2056125,47.8343875,970400000.0,3778532000.0,-2.4260970438817555,7.672965920771725,-8.743366340202007,-7.534161490683231,0.6003282503809276,0.6003282503809276,29.876903613505178,-240.08971915109925,-34.044816059538505,-29.33642857142857,-0.1030461665292662,-0.1327287716405605,2.3252295618358514,0.6113112790921025,-178.43004193671368,3.224223847798959,-1.149568510038746,1.109914396575863,0.0,0.0,0.616051237447616,0.0,0.3035914597621155,-0.160496274338436,0.1408476318494504,0.3639837348535932,0.0334387601802799,,-0.0103052423242387,-0.0233535606613152,-43.78865,1058735000.0,-250167000.0,-2997261000.0,5471588000.0,44639500.0,43296500.0,17219500.0,31.94512532616431,61.52433096249296,26.66274369339405,2.8173312541768767,1.462835899099279,3.3754965743566125,-0.0618615248609761,0.2226625,2020-08-06,-1.9,amc,185047571.0,2025-04-24,2020-06-30,-0.3421052631578947,10.100714285714286,15213783.793650793
2020-03-31,CZR,USD,1590895,2020-05-11,2020-05-11 17:12:12,2020,Q1,473069000.0,243860000.0,229209000.0,0.4845149439,0,108157000.0,24953000.0,133110000.0,50433000.0,183543000.0,427403000.0,0.0,66464000.0,50000000.0,-95058000.0,-0.2009389751,-123180000.0,-0.2603848487,-89810000.0,-212810000.0,-0.4498498105,-37172000.0,-175638000.0,-0.3712735352,-2.25,-2.25,78000000,78000000,https://www.sec.gov/Archives/edgar/data/1590895/000156459020024352/0001564590-20-024352-index.htm,https://www.sec.gov/Archives/edgar/data/1590895/000156459020024352/eri-10q_20200331.htm,6.064987179487179,-2.2517692307692307,0.3913333333333333,0.0938846153846153,9.01451282051282,12.053961538461538,-11.963423076923076,12.053961538461538,53.58964102564103,527280000.0,3969061000.0,-0.7505209578792744,1.114594276944801,17.27427597955707,72.00327734535027,0.5608114791498486,0.5608114791498486,8.39002555652558,-41.75409749836942,130.03082820076006,541.9993172197187,-0.3331019572143832,0.0138882567137005,4.375120850789559,0.6982529113052547,-36.20716825517053,1.6114048103262224,-1.853334135772749,-0.1737892711144513,0.0,0.0,0.2286283819062335,0.0,0.3179937710187379,0.7600904206526012,0.0490435856080191,0.4600360874824024,0.0121377642584908,,-0.0188951204878165,-0.0437147943061603,-53.92313141025641,471398000.0,-933147000.0,-3708557000.0,4929975000.0,49144000.0,54232500.0,17724500.0,8.444878019908302,17.166652997621586,6.299926187156565,10.657347541057469,5.242722621146322,14.285881663737552,-0.1868074013331078,0.2974487179487179,2020-05-11,0.09,amc,33640462.0,2025-04-24,2020-03-31,0.2222222222222222,11.758548387096774,22146778.451612905
2019-12-31,CZR,USD,1590895,2020-02-28,2020-02-27 21:03:27,2019,Q4,592124000.0,279596000.0,312528000.0,0.5278083645,0,131841000.0,31700000.0,163541000.0,54643000.0,218184000.0,497780000.0,0.0,69043000.0,54643000.0,115552000.0,0.1951483135,58912000.0,0.0994926738,-67046000.0,-8134000.0,-0.0137369875,5085000.0,-13219000.0,-0.0223247158,-0.18,-0.17,75247157,77735826,https://www.sec.gov/Archives/edgar/data/1590895/000156459020007599/0001564590-20-007599-index.htm,https://www.sec.gov/Archives/edgar/data/1590895/000156459020007599/eri-10k_20191231.htm,7.869054773723876,-0.1756744111940335,0.6969432745479008,0.2218422684062336,3.202127623240304,14.847830064862118,-12.011855810047416,14.847830064862118,50.59594477436536,1023361335.2,4555202335.2,-19.353985460322264,1.7282888975957738,19.5137832541998,61.30481849877194,0.9159587589963636,0.9159587589963636,7.692987170254879,39.421233169482136,86.8600639780333,272.88098815072186,-0.0129172361172083,0.0163119315004583,3.345835380758411,0.6627289912886201,30.564949113818887,0.8782722246915518,0.853265356372116,-3.967244118314547,0.0,0.0,0.2226577541190696,0.0,0.3583185903935306,0.6816925042427016,0.0603758672170018,0.6542466555642992,0.0067485864447311,,0.018347851693398,-0.0036522244613666,-56.25104547139236,-83803000.0,-903858000.0,-3918653000.0,4742016000.0,52436000.0,55987500.0,18031500.0,8.19238875640913,19.94159430034765,5.916071760683272,10.985806786767844,4.513179771109425,15.212797214211871,-0.0118316555635811,0.4751010061416672,2020-02-26,0.24,amc,1079755529.0,2025-04-24,2019-12-31,0.0833333333333334,12.661171875,10326482.765625
2019-09-30,CZR,USD,1590895,2019-11-07,2019-11-06 21:57:22,2019,Q3,663181000.0,302368000.0,360813000.0,0.5440641394,0,135781000.0,33292000.0,169073000.0,52592000.0,221665000.0,524033000.0,0.0,71897000.0,53000000.0,190225000.0,0.2868372284,124907000.0,0.1883452632,-69876000.0,55124000.0,0.083120596,18069000.0,37000000.0,0.0557917069,0.48,0.47,78000000,79000000,https://www.sec.gov/Archives/edgar/data/1590895/000156459019041280/0001564590-19-041280-index.htm,https://www.sec.gov/Archives/edgar/data/1590895/000156459019041280/eri-10q_20190930.htm,8.502320512820512,0.4743589743589743,1.6951923076923077,1.2092692307692308,2.939282051282051,14.445871794871795,-11.561461538461538,14.445871794871795,54.3888717948718,909480000.0,4871084000.0,6.145135135135136,1.3713903142580983,6.878275666477595,9.64218695334118,0.8071510093381304,0.8071510093381304,7.345029486671059,25.606960178735708,36.83935715636226,51.64258982432705,0.0406825878523991,0.1037109117297796,3.701203786371406,0.6857868319969559,20.82588513602313,2.3219429791479405,1.737304755413995,3.5683443529888006,0.0,0.0,0.2047419935130831,0.0,0.3335786231790518,0.2866477595008508,0.0571518182818868,0.7206799513233952,0.0064326330217542,12.417000478681397,0.0147603726745595,0.009129785827562,-59.975990384615386,548568000.0,-901794000.0,-3990924000.0,5459552000.0,57037500.0,53218500.0,18350000.0,6.917523270419387,14.88967086464176,5.2636522383320985,13.01043689796559,6.044458659843275,17.09839402850034,0.0328369918475511,0.4859230769230769,2019-11-06,0.63,amc,888944744.0,2025-04-24,2019-09-30,-0.2380952380952381,11.726171875,13424077.859375
2019-06-30,CZR,USD,1590895,2019-08-09,2019-08-09 16:18:16,2019,Q2,637121000.0,298596000.0,338525000.0,0.531335492,0,138482000.0,32080000.0,170562000.0,56533000.0,227095000.0,525691000.0,0.0,71798000.0,56533000.0,167963000.0,0.263628102,102550000.0,0.1609584365,-73196000.0,29354000.0,0.046072881,10418000.0,18936000.0,0.029721199,0.24,0.24,77682759,78725289,https://www.sec.gov/Archives/edgar/data/1590895/000156459019031266/0001564590-19-031266-index.htm,https://www.sec.gov/Archives/edgar/data/1590895/000156459019031266/eri-10q_20190630.htm,8.201575332822564,0.2437606522188533,0.8034987531789389,0.0471661929515145,2.649468204392689,13.973744161172236,-14.176324504643302,13.973744161172236,52.209654397058685,931416280.41,4732269280.41,12.296898505624208,1.4619142681060584,14.922238463424014,254.20750011189955,0.8580377500624126,0.8580377500624126,7.427583269755666,28.174474618874395,75.81577878833029,1291.5582097188865,0.0203303296262596,0.0039337942411605,3.670126455640113,0.6550461509220155,22.629108791817245,1.8334150923703163,1.4283127663723223,3.296261089987326,0.0,0.0,0.2173558868723523,0.0,0.3595485499675929,0.9412989842673588,0.0922179617372524,1.0392867882475725,0.0102162697509578,8.754461850393866,0.0116078297063192,0.0048613341404749,-60.93798110337456,319398000.0,-1101256000.0,-4293845000.0,5513676000.0,66922500.0,73172500.0,19895500.0,8.913816998654887,17.00347626893863,5.731624000321505,10.096684732655069,5.293035293283463,15.702355910811947,0.017444190290543,0.7563325602274245,2019-08-06,0.52,amc,1380428833.0,2025-04-24,2019-06-30,-0.5384615384615385,9.473968253968254,24778975.33333333
2019-03-31,CZR,USD,1590895,2019-05-07,2019-05-07 17:04:14,2019,Q1,635823000.0,305590000.0,330233000.0,0.5193788208,0,136642000.0,32301000.0,168943000.0,-1894000.0,226700000.0,532290000.0,0.0,73510000.0,57757000.0,161290000.0,0.2536712261,123604000.0,0.1944000138,-74970000.0,48634000.0,0.0764898407,10405000.0,38229000.0,0.0601252235,0.49,0.49,77567147,78589110,https://www.sec.gov/Archives/edgar/data/1590895/000156459019016607/0001564590-19-016607-index.htm,https://www.sec.gov/Archives/edgar/data/1590895/000156459019016607/eri-10q_20190331.htm,8.19706569844576,0.4928504074025051,0.8436561422066999,0.3491168754730659,3.013930627099125,13.707658991247932,-16.75214379097893,13.707658991247932,52.77467534032159,685693579.48,4488881579.48,4.484119251615266,1.0784346893396433,10.478202620415647,25.321033215657312,0.6448949456390887,0.6448949456390887,7.059954703557436,27.831121455018906,68.59537865953544,165.7637215465288,0.0557523085296951,0.0394928592164101,3.7808775619225328,0.6574632702038002,23.57981275962552,0.9836802416372156,1.681458304992518,1.7117894791911898,0.0,0.0,0.2149057206172158,0.0,0.3864049463915226,0.5861858190709046,0.0603312557111019,0.6641619197673009,0.0077820399702432,12.329074160834258,0.0169693537366917,0.0101894058325546,-61.28918535575377,-6354000.0,-1299416000.0,-4668264000.0,5525661000.0,73485000.0,74228000.0,20685000.0,10.013588687417723,26.48607611505612,6.118492097254491,8.987786777490353,3.398011831161322,14.70950661853189,0.0359543819785114,0.494539266733634,2019-05-02,0.4,amc,519039183.0,2025-04-24,2019-03-31,0.2249999999999999,8.668688524590163,27980259.81967213
2018-12-31,CZR,USD,1590895,2019-03-01,2019-03-01 06:08:38,2018,Q4,671760000.0,335898000.0,335862000.0,0.4999732047,0,139668000.0,39906000.0,179574000.0,-10800000.0,237798000.0,573696000.0,0.0,75154000.0,58224000.0,156289000.0,0.2326560081,86726000.0,0.1291026557,-77740000.0,8985000.0,0.0133753126,9105000.0,-120000.0,-0.0001786352,-0.0015,-0.0015,77503732,77503732,https://www.sec.gov/Archives/edgar/data/1590895/000156459019005640/0001564590-19-005640-index.htm,https://www.sec.gov/Archives/edgar/data/1590895/000156459019005640/eri-10k_20181231.htm,8.667453587912386,-0.0015483125380336,0.7719886314635791,0.019341004120937,3.1960912540314834,13.27875411212456,-17.304573152683798,13.27875411212456,55.43893034725089,526250340.28,4517068340.28,-1096.3548755833333,0.7833904077051328,8.795466310335605,351.0676052568379,0.511343153330943,0.511343153330943,6.7242293978206495,28.902023432743185,75.49586074809466,3013.387818732488,-0.0002280283561168,0.00284845421516,4.101984836073936,0.7141329843615674,25.53486169852005,1.4252331684805446,1.1539771668839982,-498.6,0.0,0.0,0.2079135405501965,0.0,0.4009705213363462,0.974946516914026,0.0868360724068119,1.0018548733361958,0.0051193878766226,,-0.0002102232876659,-3.3887392195733574e-05,-58.927901046107046,171019000.0,-1341169000.0,-4309113000.0,5441827000.0,59208000.0,45915500.0,17926500.0,10.212620578778136,15.680831681046032,5.518193022881946,8.81262544767602,5.739491490670495,16.309686817188638,-0.0001166007386656,0.752647627342642,2019-02-27,0.42,amc,1817094484.0,2025-04-24,2018-12-31,-0.9285714285714286,8.427539682539681,20413712.777777776
2018-09-30,CZR,USD,1590895,2018-11-09,2018-11-08 19:37:30,2018,Q3,487253000.0,248735000.0,238518000.0,0.4895157136,0,84816000.0,23122000.0,107938000.0,-4091000.0,143698000.0,392433000.0,0.0,34085000.0,35760000.0,127529000.0,0.2617305589,91769000.0,0.1883395279,-34085000.0,57684000.0,0.1183861362,19980000.0,37704000.0,0.0773807447,0.49,0.48,77522664,78283588,https://www.sec.gov/Archives/edgar/data/1590895/000156459018028699/0001564590-18-028699-index.htm,https://www.sec.gov/Archives/edgar/data/1590895/000156459018028699/eri-10q_20180930.htm,6.28529741960364,0.4863609950246292,1.4827147838985513,1.0454104105607105,2.3366457066026523,13.3657816506409,-11.268549801126545,13.3657816506409,38.723720846332114,786855039.6,3590650039.6,5.217318053787396,1.614879825470546,6.8455512214643655,9.709105531631357,0.7594019014603084,0.7594019014603084,7.369169691310264,28.1555570858393,31.238255494849664,44.30549263477413,0.0479173394112935,0.1029960995626315,2.864332515241504,0.6628915918836301,21.9855483850732,1.6271455622747542,2.6923573419392697,3.0485890091237,0.0,0.0,0.174069733793327,0.0,0.4265456290061543,0.2949349248329621,0.0695757645412137,0.9480145413870246,0.0051184908045717,12.09393998724038,0.0142285257872714,0.0146853596265562,-41.54409928430736,164272000.0,-873568000.0,-3014815000.0,3580737000.0,38561000.0,31128000.0,15052500.0,7.792686756161584,12.051500593000585,5.52081532554727,11.549290099314987,7.467949680247395,16.301939965919516,0.0363885186618552,0.4373043733378409,2018-11-08,0.6,amc,2731250000.0,2025-04-24,2018-09-30,-0.2666666666666666,10.52063492063492,13528712.142857144
2018-06-30,CZR,USD,1590895,2018-08-07,2018-08-07 14:13:28,2018,Q2,456802000.0,236720000.0,220082000.0,0.4817886086,0,85977000.0,21832000.0,107809000.0,-3404000.0,139719000.0,376439000.0,0.0,31405000.0,31910000.0,109324000.0,0.2393246965,77414000.0,0.1694694857,-31405000.0,46009000.0,0.1007197867,9213000.0,36796000.0,0.0805513111,0.48,0.47,77458584,78258629,https://www.sec.gov/Archives/edgar/data/1590895/000156459018019805/0001564590-18-019805-index.htm,https://www.sec.gov/Archives/edgar/data/1590895/000156459018019805/eri-10q_20180630.htm,5.897370909852935,0.4750409586625028,0.9101250805204496,0.4723427425422597,2.828376000263573,12.867818497689036,-8.24268876384314,12.867818497689036,28.69456017941149,828806848.8,2818025848.8,5.631093385150559,1.8143678197556048,11.756625796842416,22.6530420313226,0.831531778437941,0.831531778437941,6.169031328234115,25.77682712670594,39.97369886378144,77.02259952442125,0.0443963512768694,0.0441441815460055,2.1984392855387105,0.608719337419918,18.19562950495774,2.321642504088345,2.465021493392772,1.915887596477878,0.0,0.0,0.1882150253282603,0.0,0.4542514944109945,0.4810133764557357,0.0742334753350466,1.0626762770291445,0.0076006672475164,11.7276028577173,0.0183035101021617,0.0187299318522862,-30.342895888724225,287711000.0,-638467000.0,-2097620000.0,3337019000.0,34366500.0,28651500.0,15028500.0,6.882566188414236,11.00629435620142,5.644770192632647,13.076517905705208,8.177139106704894,15.943961743113087,0.0369169769334107,0.4377823379781897,2018-08-02,0.5,bmo,2254255319.0,2025-04-24,2018-06-30,-0.06,11.684765625,13441631.84375
2018-03-31,CZR,USD,1590895,2018-05-08,2018-05-08 14:39:45,2018,Q1,440192000.0,234238000.0,205954000.0,0.4678731099,0,85771000.0,21301000.0,107072000.0,-2548000.0,138606000.0,372844000.0,0.0,31251000.0,31534000.0,85728000.0,0.1947513812,54194000.0,0.1231144591,-31251000.0,22943000.0,0.0521204384,2088000.0,20855000.0,0.0473770536,0.27,0.27,77353730,78080049,https://www.sec.gov/Archives/edgar/data/1590895/000156459018011700/0001564590-18-011700-index.htm,https://www.sec.gov/Archives/edgar/data/1590895/000156459018011700/eri-10q_20180331.htm,5.690637025519002,0.2696056156568016,1.0084452294672797,0.733461721884646,2.5903598960256997,12.392821910462494,-8.761490880918089,12.392821910462494,28.72407057810916,870229462.5,2877754462.5,10.431904369455763,1.976931571904987,11.155786820413551,15.338223746827412,0.907783560619258,0.907783560619258,6.537498324594722,33.56843111352184,36.89097725204148,50.72184261315567,0.0239649436139379,0.0651965975008574,2.285199414581836,0.6167025127948156,23.41737821948488,2.187440747388283,1.734152507119772,3.7404459362263247,0.0,0.0,0.1948490658621692,0.0,0.4606598127368237,0.2726806568641275,0.0483220958127362,0.6745417644447264,0.008357716632742,8.670433874388593,0.014769046727125,0.0108854793290723,-30.512555761693715,258019000.0,-677734000.0,-2118280000.0,3304700000.0,39798500.0,31566000.0,16040000.0,6.910620820005816,10.894304083880495,5.844056045560498,13.023431952662722,8.261197714608167,15.400262984878369,0.0217549818439003,0.2749835075826337,2018-05-03,0.43,amc,2775407407.0,2025-04-24,2018-03-31,-0.1395348837209302,12.836065573770492,9245960.475409836
2017-12-31,CZR,USD,1590895,2018-02-27,2018-02-27 17:25:59,2017,Q4,428220000.0,233328000.0,194892000.0,0.4551211994,0,81719000.0,24980000.0,106699000.0,-3605000.0,142954000.0,376282000.0,0.0,30390000.0,36255000.0,87964000.0,0.2054177759,29987000.0,0.0700270889,-31243000.0,-1486000.0,-0.0034701789,-91179000.0,89694000.0,0.2094577554,1.17,1.15,76961015,77998742,https://www.sec.gov/Archives/edgar/data/1590895/000156459018003554/0001564590-18-003554-index.htm,https://www.sec.gov/Archives/edgar/data/1590895/000156459018003554/eri-10k_20171231.htm,5.564115805905106,1.1654472072646131,0.758955686850024,0.3647171233383551,1.977975472386896,12.280581278716244,-10.379229016145382,12.280581278716244,28.853348672701365,973556839.75,3029153839.75,2.713550626992887,2.273496893536033,16.667639783427497,34.68441482596459,1.0300815338378164,1.0300815338378164,7.073826163537434,34.43629029773544,51.86019242852252,107.9181246125619,0.0921302140130129,0.028831393149277,2.317355569521947,0.617569516973488,23.36861670683461,1.1459561122802533,0.9867390589009544,0.6512141280353201,0.0,0.0,0.1908341506702162,0.0,0.4917343207559512,0.5194487245334702,0.0708537667554061,0.8368545895851721,0.004362243706506,17.94514714301567,-0.5457857891257839,0.0497595073645668,-31.266950546325305,31973000.0,-798796000.0,-2350314000.0,3296781000.0,39498500.0,31553000.0,16687500.0,9.62526271542665,13.414678049783994,6.507148734828224,9.35039413061991,6.709068951636092,13.83094250148192,0.0949016321633306,0.3942385635116688,2018-02-22,0.24,amc,165304347.0,2025-04-24,2017-12-31,-0.1666666666666666,12.686507936507937,10523397.888888888
2017-09-30,CZR,USD,1590895,2017-11-02,2017-11-01 21:44:30,2017,Q3,444874000.0,233778000.0,211096000.0,0.4745073886,0,76303000.0,24634000.0,100937000.0,29122000.0,130059000.0,363837000.0,0.0,29183000.0,29122000.0,112727000.0,0.2533908477,78924000.0,0.1774075356,-39213000.0,39711000.0,0.0892634768,11595000.0,29687000.0,0.0667312542,0.39,0.38,76902070,77959689,https://www.sec.gov/Archives/edgar/data/1610979/000161097917000027/0001610979-17-000027-index.html,https://www.sec.gov/Archives/edgar/data/1610979/000161097917000027/a2017q3cerpform10-q.htm,5.784941809758827,0.3860364226866715,0.8882205641538647,0.5844966201820055,1.981273065861556,11.104187442548684,-11.020626622924455,11.104187442548684,29.313970352163476,1026642634.5,3116861634.5,8.64555726833294,2.307715520574365,15.030050573888092,22.840166288460257,1.2022491577227774,1.2022491577227774,7.00616721700976,27.64964591003043,45.63086163001786,69.34217968141672,0.028916585969039,0.0437825183656932,2.6057276022179674,0.6206311012013923,18.542310183008507,1.781512829056981,2.704451221601617,2.3113051128481032,0.0,0.0,0.1715159798055179,0.0,0.4745668162700749,0.3419465347114455,0.0525025063276343,0.8020396950758877,0.0031289758448459,9.82084354504156,0.016624591543369,0.0157589951868895,-33.104512011185136,175899000.0,-847509000.0,-2330348000.0,3342672000.0,27531000.0,29437500.0,16786000.0,6.716508494540028,10.905731078202397,6.354105176706105,13.399819277108431,8.252541654899746,14.164071493486825,0.0347649411254955,0.3037239439718592,2017-11-02,0.31,amc,227694267.0,2025-04-24,2017-09-30,0.2258064516129032,12.119444444444444,2480067.095238095
2017-06-30,CZR,USD,1590895,2017-08-03,2017-08-03 17:25:21,2017,Q2,355180000.0,193795000.0,161385000.0,0.4543752464,0,62821000.0,20158000.0,82979000.0,24909000.0,107888000.0,301683000.0,0.0,27527000.0,24909000.0,-34543000.0,-0.097254913,-32116000.0,-0.090421758,-56493000.0,-86960000.0,-0.2448336055,-39677000.0,-46328000.0,-0.1304352723,-0.69,-0.69,67453095,67453095,https://www.sec.gov/Archives/edgar/data/1610979/000161097917000022/0001610979-17-000022-index.html,https://www.sec.gov/Archives/edgar/data/1610979/000161097917000022/a2017q2cerpform10-q.htm,5.26558492238199,-0.6868180029396723,-0.0297984844135024,-0.379938088830468,1.7947434435736418,12.229594505633878,-13.020129024472489,12.229594505633878,33.4175622334305,809437140.0,2932404140.0,-4.367969370575031,2.278949096232896,-402.70504477611945,-31.584093179335103,0.9812263190306016,0.9812263190306016,8.256107156934512,-84.89141475841704,-1458.9075323383086,-114.42188777899172,-0.057234833578306,-0.031661507402539,2.6991468304959003,0.6258090355655239,-61.458674695307295,1.4367134252654938,-1.1667090492970538,0.0433862890692453,0.0,0.0,0.1768708823695028,0.0,0.4786960994283208,-11.750248756218904,0.0664958612534489,0.9481713436910354,0.0037417647390055,,-0.0052579773684157,-0.0249777869792879,-38.35294733325431,110209000.0,-878248000.0,-2370447000.0,3288167000.0,15345500.0,23458000.0,14186500.0,5.539670026465454,14.18627931577182,7.926055883794731,16.24645503613576,6.344158182472911,11.354954004804592,-0.0561603250723703,0.3501396044169656,2017-08-08,0.25,amc,23950413.0,2025-04-24,2017-06-30,-3.8,11.172619047619047,2186733.761904762
2017-03-31,CZR,USD,1590895,2017-05-02,2017-05-02 17:08:32,2017,Q1,200925000.0,120963000.0,79962000.0,0.3979693916,0,38349000.0,10056000.0,48405000.0,15604000.0,64009000.0,184972000.0,0.0,12670000.0,15604000.0,29632000.0,0.1474779146,14149000.0,0.0704193107,-12670000.0,1479000.0,0.0073609556,458000.0,945000.0,0.0047032475,0.02,0.02,47120751,48081281,https://www.sec.gov/Archives/edgar/data/1610979/000161097917000015/0001610979-17-000015-index.html,https://www.sec.gov/Archives/edgar/data/1610979/000161097917000015/a2017q1cerpform10-q.htm,4.264044942747199,0.0200548586333014,0.1174641719950516,-0.0142400107332754,0.9459526653129956,6.397606014386316,-5.356154022248075,6.397606014386316,25.000365550201018,450003172.05,1570795172.05,119.04845821428572,2.239657444568869,81.30138609756098,-670.6455619225037,1.492745876899091,1.492745876899091,7.817818449919124,53.01009624898758,283.79316568202347,-2340.976411400894,0.0020999851972043,-0.0014911006003429,3.865740065016918,0.7080835312610319,37.82370410367171,0.9415485150825602,1.1167324388318864,5.421155729676787,0.0,0.0,0.1908622620380739,0.0,0.3365202275120412,1.1212285456187896,0.0308871469453776,0.3977185337093053,0.0086251088714694,1.6990642703343308,0.0062425687584115,0.0008654186932269,-27.323296481416435,-5009000.0,-252386000.0,-1263657000.0,1168790000.0,11761500.0,18972500.0,11180500.0,3.9547592385218366,12.17901341732596,8.411993750155007,22.75739041794088,7.3897611338505715,10.699009375552803,0.0031347442446759,0.131704182728327,2017-05-04,0.2,amc,140603773.0,2025-04-24,2017-03-31,-0.7999999999999999,9.14516129032258,906476.1774193548
2016-12-31,CZR,USD,1590895,2017-02-15,2017-02-14 18:24:57,2016,Q4,206450000.0,127377000.0,79073000.0,0.383012836,0,36239000.0,9937000.0,46176000.0,15852000.0,62028000.0,189405000.0,0.0,12542000.0,15852000.0,32897000.0,0.1593460886,13091000.0,0.0634100266,-12542000.0,549000.0,0.0026592395,-410000.0,960000.0,0.0046500363,0.02,0.02,47105744,47849554,https://www.sec.gov/Archives/edgar/data/1610979/000161097917000007/0001610979-17-000007-index.html,https://www.sec.gov/Archives/edgar/data/1610979/000161097917000007/a2016q4cerpform10-k.htm,4.382692692424092,0.0203796802360238,0.5375140662251295,0.2311607688438166,1.29557448450448,6.335766610543292,-5.4318853344084745,6.335766610543292,17.25836237720818,400398824.0,1139795824.0,104.27052708333332,1.9394469556793408,15.813539652448656,36.770945357700434,1.341589822114853,1.341589822114853,5.520929154759021,34.647409307839624,45.01563285939969,104.67405859123886,0.0023976094395322,0.0271953845698607,2.681934387889469,0.6185462009019786,22.47612244277594,0.99718737749902,1.043772922978791,26.375,0.0,0.0,0.1755340276095907,0.0,0.4283656506270266,0.5699447077409163,0.0699007023492371,0.9103583144082764,0.0028675224025187,1.7044706496127628,0.0191112281629725,0.0012977883523495,-19.48840888703509,-287000.0,-255873000.0,-893840000.0,1180598000.0,15877500.0,22138500.0,11266000.0,6.405715669653669,15.244824418851127,7.811064791916908,14.0499523615081,5.903642936596218,11.522116689280868,0.0032166084214829,0.306353297381313,2017-03-09,0.06,amc,,2025-04-24,2016-12-31,-0.6666666666666666,7.498253968253968,833844.4920634921
2016-09-30,CZR,USD,1590895,2016-11-07,2016-11-07 17:08:42,2016,Q3,241565000.0,143078000.0,98487000.0,0.4077039306,0,38520000.0,11323000.0,49843000.0,15810000.0,65653000.0,208731000.0,0.0,12589000.0,15810000.0,48644000.0,0.2013702316,28109000.0,0.1163620558,-12589000.0,15520000.0,0.064247718,5838000.0,9682000.0,0.0400803096,0.21,0.2,47193120,47834644,https://www.sec.gov/Archives/edgar/data/1610979/000161097916000056/0001610979-16-000056-index.html,https://www.sec.gov/Archives/edgar/data/1610979/000161097916000056/a2016q3cerpform10-q.htm,5.118648650481257,0.205157022888082,0.4999457548049377,0.2328729272402418,0.945243713490441,6.291107686883173,-5.474314900137986,6.291107686883173,17.02027753197924,351588744.0,1097630744.0,9.078412104936996,1.4554622730941982,14.90161668220734,31.99169645131938,1.1842111708774423,1.1842111708774423,4.543831863059632,22.56456590740893,46.52160481478342,99.87540891719745,0.027537855421219,0.0312581110389586,2.663048127801898,0.6182399517075177,15.336773291670092,0.9416500230450146,2.232822305187068,2.436893203883495,0.0,0.0,0.1594601866992321,0.0,0.4341686514856037,0.5342036110875646,0.052176432844162,0.7972169512966477,0.0029640055471612,5.388873795465876,0.0147882018014081,0.0133798213720604,-19.46965468695437,-5697000.0,-258350000.0,-890039000.0,1173563000.0,15792500.0,22866000.0,11586500.0,6.356425806718689,14.279553809810034,7.219348886621284,14.1589004161538,6.302717941940884,12.466498213818944,0.0326106360118155,0.2670728275646958,2016-11-03,0.33,amc,1251461538.0,2025-04-24,2016-09-30,-0.2121212121212121,7.197265625,1230272.59375
2016-06-30,CZR,USD,1590895,2016-08-02,2016-08-02 17:17:58,2016,Q2,231315000.0,138685000.0,92630000.0,0.4004496034,0,36734000.0,9766000.0,46500000.0,15583000.0,62083000.0,200768000.0,0.0,12795000.0,15583000.0,46130000.0,0.1994250265,29655000.0,0.1282018027,-12884000.0,16771000.0,0.0725028641,5980000.0,10791000.0,0.0466506712,0.23,0.23,47071608,47721075,https://www.sec.gov/Archives/edgar/data/1610979/000161097916000048/0001610979-16-000048-index.html,https://www.sec.gov/Archives/edgar/data/1610979/000161097916000048/a2016q2cerpform10-q.htm,4.914108734080212,0.229246470611329,0.8030955730256761,0.5965804269953981,0.7882671014765419,6.085260567261692,-5.736217891685365,6.085260567261692,17.138080347711938,361980665.52,1118797665.52,8.38617054767862,1.5648819381363075,9.57544812633918,12.890131241364577,1.26370923890617,1.26370923890617,4.83668445850896,24.25314687882072,29.595472992090578,39.84038407235952,0.0298109844748152,0.0775787291281401,2.771657886560328,0.6228377991425332,16.4061781920659,0.7660861334595362,2.3177022274325907,3.5035217794253937,0.0,0.0,0.1588050926226142,0.0,0.4365439304612512,0.2571489035261752,0.0420249443399693,0.6238208303920939,0.0025030802152908,5.60250403171549,0.016258946536672,0.0150244559882711,-19.85052220863158,-24713000.0,-270013000.0,-907305000.0,1160972000.0,12029000.0,21861000.0,11507500.0,5.650995395888724,14.946028770234705,7.590150340700148,15.926397686587716,6.021666449567974,11.857472640218878,0.0376724165017123,0.2065151460302779,2016-08-04,0.38,amc,992000000.0,2025-04-24,2016-06-30,-0.3947368421052631,7.419296875,732092.5625
2016-03-31,CZR,USD,1590895,2016-05-05,2016-05-05 17:05:54,2016,Q1,213566000.0,130517000.0,83049000.0,0.3888680783,0,38559000.0,9574000.0,48133000.0,16204000.0,64337000.0,194854000.0,0.0,12991000.0,16204000.0,36861000.0,0.1725976981,18263000.0,0.0855145482,-13057000.0,5206000.0,0.0243765393,1836000.0,3370000.0,0.0157796653,0.07,0.07,46933094,47534761,https://www.sec.gov/Archives/edgar/data/1610979/000161097916000041/0001610979-16-000041-index.html,https://www.sec.gov/Archives/edgar/data/1610979/000161097916000041/a2016q1cerpform10-q.htm,4.550435136451903,0.0718043434340808,0.2312440769406764,0.0048792862452238,0.9396141664983776,5.858467374854937,-6.023489523192313,5.858467374854937,17.989779237652648,319145039.2,1106371039.2,23.67544801186944,1.494362582058942,29.40615859209435,1393.6464593886462,1.160713129373427,1.160713129373427,5.180464302370227,30.014677822088387,101.94149444393256,4831.314581659389,0.0105594622697177,0.0007175420948858,3.023483757401184,0.6464082770117909,21.356609967173977,0.896810741447842,1.405819413440074,3.220474777448071,0.0,0.0,0.1805484018991787,0.0,0.4336139302120883,0.9788998433612826,0.0497457460457188,0.6556405825722044,0.0068081998070853,3.076512079625634,0.0098951805997959,0.0046265089352027,-20.33113350677456,-9891000.0,-282701000.0,-925150000.0,1182146000.0,9757500.0,18848000.0,11530500.0,4.017774364833354,14.267796532252502,7.805190128489008,22.40046150618838,6.30791165240926,11.530788938952204,0.0122565064955847,0.2263647906954525,2016-05-05,0.16,amc,1900000000.0,2025-04-24,2016-03-31,-0.5,7.007213114754098,1041708.9344262296
2015-12-31,CZR,USD,1590895,2016-02-29,2016-02-26 18:25:21,2015,Q4,186160000.0,116347000.0,69813000.0,0.3750161152,0,31744000.0,8906000.0,40650000.0,14467000.0,55117000.0,171464000.0,0.0,12612000.0,14467000.0,29726000.0,0.1596798453,13281000.0,0.0713418565,22823000.0,36104000.0,0.1939406962,-74049000.0,110153000.0,0.591711431,2.36,2.33,46670735,47227127,https://www.sec.gov/Archives/edgar/data/1610979/000161097916000033/0001610979-16-000033-index.html,https://www.sec.gov/Archives/edgar/data/1610979/000161097916000033/a2015q4cerpform10-k.htm,3.988795119682602,2.360215668341199,0.7753681188007859,0.5107911842399739,1.6772394949426015,5.799501550596964,-6.175004529069448,5.797294600138609,18.83083692596656,368232099.15,1156191099.15,0.8357287117690847,1.9780409279651912,10.175811732113743,15.446625242250091,1.3609796541668515,1.3609796541668515,6.2107386073807485,38.89494379163023,31.95045455964849,48.49998318511683,0.2991401354044612,0.0647390601064605,3.2015974039413964,0.6537598263557653,26.50740092848012,1.099035096017406,1.053044719314938,0.328515791671584,0.0,0.0,0.1705199828104856,0.0,0.4217778307753613,0.3412275126426617,0.0663300386764074,0.8535287205363932,0.0017887838418564,17.5460672191187,0.0331095691794974,0.1437749054035181,-20.62762135629533,10469000.0,-288192000.0,-938162000.0,1211058000.0,9563500.0,15012500.0,9453500.0,4.82536527718092,13.154185324933174,9.083001710400785,18.65143773169021,6.841928844457512,9.908618633963547,0.4071236380301888,0.264576934560812,2016-03-10,-0.09,amc,153581998.0,2025-04-24,2015-12-31,-26.88888888888889,7.889609375,677490.0625
2015-09-30,CZR,USD,1590895,2015-11-09,2015-11-09 16:51:10,2015,Q3,183540000.0,112903000.0,70637000.0,0.3848588863,0,26937000.0,7816000.0,34753000.0,13954000.0,48707000.0,161610000.0,0.0,14490000.0,13954000.0,35949000.0,0.1958646617,24092000.0,0.13126294,-16272000.0,6080000.0,0.033126294,2746000.0,3334000.0,0.0181649777,0.0717,0.0713,46516614,46763589,https://www.sec.gov/Archives/edgar/data/1610979/000161097915000026/0001610979-15-000026-index.html,https://www.sec.gov/Archives/edgar/data/1610979/000161097915000026/a2015q3cerpform10-q.htm,3.94568701840594,0.0716733165487926,0.0293873496467305,-0.1114440530860651,1.048034149691119,3.324382122912042,-8.577129023191585,3.32216786028321,17.346146475751652,273982856.46,1017625856.46,20.544605313437312,1.4927691863354036,200.42637634235552,-52.85163126157407,1.7729387098151883,1.7729387098151883,5.544436397842432,28.30748717516482,744.4227186978786,-196.30128403935183,0.0121686445753468,-0.0189208918652063,5.127568980690583,0.6777087386944344,20.68605524493032,1.9024827269860385,1.662663906142167,0.2531950361177996,0.0,0.0,0.1467636482510624,0.0,0.4734914152536937,4.792245793708852,0.0356924920998147,0.4694711193922889,0.0018197668083251,2.314625832669685,0.011969509449416,0.0054157928678523,-20.538747725705058,62959000.0,-398979000.0,-881865000.0,1075217000.0,8825500.0,11981000.0,7057500.0,4.484798953906505,10.378820757641517,5.711539994508561,20.067789197463373,8.671505376344086,15.757571528262387,0.0215742610136149,0.1408314027327956,2015-10-26,0.11,amc,1394555555.0,2025-04-24,2015-09-30,-0.1818181818181818,7.373515625,1637666.53125
2015-06-30,CZR,USD,1590895,2015-08-06,2015-08-06 06:11:34,2015,Q2,182633000.0,112041000.0,70592000.0,0.3865237936,0,26954000.0,7404000.0,34358000.0,14031000.0,48389000.0,160430000.0,6000.0,17238000.0,14031000.0,37090000.0,0.2030848751,23059000.0,0.1262586718,-17232000.0,5827000.0,0.0319055154,1032000.0,4795000.0,0.0262548389,0.1,0.1,46516614,46657618,https://www.sec.gov/Archives/edgar/data/1610979/000161097915000018/0001610979-15-000018-index.html,https://www.sec.gov/Archives/edgar/data/1610979/000161097915000018/a2015q2cerp10q.htm,3.926188608654963,0.1030814495655251,0.5382378003695626,0.3153496941974323,1.9052762524804576,3.2477428387199465,-8.686165334389989,3.2455285760911146,16.99607800344195,284681677.68,969416677.68,14.842631787278414,1.5587636280409345,11.370438857690615,19.407026905719544,1.8856712724960425,1.8856712724960425,5.308003907727519,26.136874566729578,38.719362450772856,66.08607796577817,0.0168433741120139,0.0515277278100379,5.122586457001676,0.6615568993407203,18.46144513345915,1.358102495375857,1.3376841861004758,5.22148070907195,0.0,0.0,0.1475855951553114,0.0,0.4748704665428575,0.4141071214602388,0.0567695870954318,0.7389352148813342,0.0012648316569294,2.7436217450972817,0.0175903192444404,0.0078109982765305,-19.766018438057426,32332000.0,-404051000.0,-895310000.0,1051767000.0,7056500.0,10359000.0,7049500.0,4.191192172279927,8.789461000883605,5.582777733151257,21.47360376249265,10.239535733869491,16.121007194244605,0.0317610666949281,0.2228881061721302,2015-08-05,0.06,amc,,2025-04-24,2015-06-30,0.3333333333333334,9.04873015873016,1229061.4761904762
2015-03-31,CZR,USD,1590895,2015-05-11,2015-05-11 16:31:15,2015,Q1,167451000.0,105492000.0,61959000.0,0.3700127201,0,27704000.0,7101000.0,34805000.0,14469000.0,49274000.0,154766000.0,5000.0,17237000.0,14469000.0,26553000.0,0.1585717613,12084000.0,0.0721643944,-17232000.0,-5148000.0,-0.0307433219,1016000.0,-6164000.0,-0.0368107685,-0.13,-0.13,46494638,46494638,https://www.sec.gov/Archives/edgar/data/1590895/000104746915004635/0001047469-15-004635-index.htm,https://www.sec.gov/Archives/edgar/data/1590895/000104746915004635/a2224673z10-q.htm,3.60151207113388,-0.1325744271844852,-0.1263801645256384,-0.2875815486508358,1.5466944812001762,3.141179419441872,-8.834481085754447,3.138964110227076,17.063451488750164,489588538.14,1193797538.14,-19.856770690298507,2.9237719580056254,-83.32003712389381,-36.61570100516042,3.3546098745417794,3.3546098745417794,7.129235048700814,44.95904561217188,-203.1649996834581,-89.28259203799266,-0.0125901640251173,-0.027310688380896,5.317907430881497,0.6746235392697827,26.52088276277633,1.3651101769793033,0.7010500667169461,0.9532770927968852,0.0,0.0,0.16544541388227,0.0,0.4839871633062483,-1.2755275697753574,0.0447593624403556,0.5180040085700464,0.0035234187911687,,0.0134495986250751,-0.0103832574185375,-19.88854069581099,27273000.0,-410756000.0,-902433000.0,1051156000.0,6360000.0,10898500.0,7191500.0,3.0141354784384684,8.340348083266978,6.099135479467638,29.85930813124108,10.790916530278231,14.756189676877884,-0.0422350885607591,0.1612013841251974,2015-05-11,-1.54,amc,889935483.0,2025-04-24,2015-03-31,-0.9155844155844156,11.054508196721311,831660.7704918033
2014-12-31,CZR,USD,1590895,2015-04-16,2015-04-15 19:36:35,2014,Q4,164095000.0,106496000.0,57599000.0,0.3510100856,0,27339000.0,7834000.0,35173000.0,15086000.0,50259000.0,156755000.0,5000.0,17341000.0,15086000.0,22175000.0,0.1351351351,6450000.0,0.0393064993,-16711000.0,-10261000.0,-0.062530851,573000.0,-10937000.0,-0.0666504159,-0.24,-0.24,46349505,46441249,https://www.sec.gov/Archives/edgar/data/1610979/000161097915000006/0001610979-15-000006-index.html,https://www.sec.gov/Archives/edgar/data/1610979/000161097915000006/a2014q4cerpform10-k.htm,3.540383009484136,-0.2359680000897528,0.3318266290006765,0.2023969835276558,1.8900741226901991,3.271275496901207,-8.783632101356854,3.269053250946261,17.178241709377478,727223733.4499999,1418481733.4499998,-16.62301667390509,4.431723900484475,47.283727792587776,77.52091818036456,4.799554732079805,4.799554732079805,8.644271510100856,63.96760917474633,92.22898136866058,151.20794514977078,-0.0150393881510358,0.0128997440106855,5.140358634890673,0.6626751635710821,31.17285231116122,1.2792670179870216,0.3719508678853584,-1.4196049473878531,1.3750926351866029e-06,-9.143275121148396e-05,0.1666047106858831,0.0,0.4753890396739639,0.3900520156046814,0.0365580913495231,0.4037827286800834,0.0,,0.0062852524762614,-0.0177378521580756,-20.003514600641367,25649000.0,-407117000.0,-906215000.0,1056946000.0,8058500.0,10784500.0,7295500.0,3.900667296383193,10.158973106971152,6.113469050480768,23.072975253093365,8.859163131187088,14.721592479955763,-0.0721823665678891,0.1294296454730207,2015-03-16,-1.65,amc,295585714.0,2025-04-24,2014-12-31,-0.8545454545454545,13.3765625,1677128.421875
2014-09-30,CZR,USD,1590895,2014-11-14,2014-11-14 15:36:29,2014,Q3,78949000.0,48011000.0,30938000.0,0.3918732346,0,14387000.0,5262000.0,19649000.0,5283000.0,24932000.0,72943000.0,5000.0,5652000.0,5283000.0,8290000.0,0.1050044966,2778000.0,0.0351872728,-5647000.0,-2869000.0,-0.0363399156,1195000.0,-4064000.0,-0.0514762695,-0.16,-0.16,25400000,26075022,https://www.sec.gov/Archives/edgar/data/858395/000085839514000024/0000858395-14-000024-index.html,https://www.sec.gov/Archives/edgar/data/858395/000085839514000024/a2014q3ceocform10-q.htm,3.108228346456693,-0.16,0.4602362204724409,0.3558661417322835,3.587755905511811,6.456377952755905,-15.656968503937009,6.456377952755905,31.42425196850394,319532000.0,1020927000.0,-19.65625,4.0473216886851,27.333789563729685,35.350370616218605,1.9484609005317337,1.9484609005317337,12.931474749521843,123.15162846803378,87.3333618477331,112.94689678061732,-0.012718600953895,0.0282882465605948,4.8326991560563926,0.6777283405009308,84.60735826296744,1.584536191891318,0.4915074309978768,-2.876476377952756,0.0,0.0,0.1822315672142775,0.0,0.4803208187565579,0.2267750213857998,0.0335786393747862,0.4809506531204644,0.0094744708609355,,0.0035968357299343,-0.0066874662664718,-35.58384842519685,44060000.0,-397687000.0,-885955000.0,1064077000.0,6811500.0,7905000.0,5309500.0,10.265487846584504,17.898398283726646,13.791214513340694,8.767240421987784,5.028382907415166,6.525893706673916,-0.0247816966681301,0.1043700787401574,2014-11-14,-1.47,bmo,516953895.0,2025-04-24,2014-09-30,-0.8939727891156464,13.518888888888888,1371817.6666666667
2014-06-30,CZR,USD,1590895,2014-08-14,2014-08-14 16:36:35,2014,Q2,61749000.0,40304000.0,21445000.0,0.3472930736,0,11664000.0,4747000.0,11664000.0,4086000.0,15750000.0,56054000.0,4000.0,3870000.0,4086000.0,9781000.0,0.1583993263,6775000.0,0.109718376,-3866000.0,2909000.0,0.0471100747,-144300000.0,2909000.0,0.0471100747,0.0627,0.0627,46411632,46411632,https://www.sec.gov/Archives/edgar/data/858395/000085839514000019/0000858395-14-000019-index.html,https://www.sec.gov/Archives/edgar/data/858395/000085839514000019/a2014q2ceocform10-q.htm,1.3304638802617412,0.0626782527276782,0.0100190400544415,-0.0204043675947443,0.6811008067977442,1.625971696061022,1.1826776528780545,1.625971696061022,3.705342660650244,640480521.6,776970521.6,55.04301491921623,10.372322168780062,1377.3774658064517,-676.3257883843718,8.48723260892611,8.48723260892611,12.582722337203842,79.43671624578265,1670.9043475268818,-820.4546162618797,0.0045419023715708,-0.0014785773619379,2.227565461677091,0.6285794413491381,13.954605868520602,1.8790484251793111,1.7506459948320414,0.1598487452732898,0.0,0.0,0.1888937472671622,0.0,0.0769322813446509,3.0365591397849463,0.0228667670731509,0.3455702398433676,0.0017328215841552,1.5142800137721224,1.3984095628518127,0.011784198074991,-3.345292835209932,19732000.0,54890000.0,-149787000.0,215329000.0,4262500.0,6699500.0,3232500.0,6.730797259874654,13.983227471218736,7.284140531957125,13.371372888696405,6.43628233791121,12.35561005518087,0.0385481819145552,0.0304234076491858,2014-08-11,-1.19,bmo,785987654.0,2025-04-24,2014-06-30,1.7226890756302524,,
2014-03-31,CZR,USD,1590895,2014-05-09,2014-05-09 17:10:56,2014,Q1,57030000.0,34589000.0,22441000.0,0.3934946519,0,10812000.0,4137000.0,14949000.0,4188000.0,19137000.0,53726000.0,4000.0,3889000.0,4188000.0,7492000.0,0.1313694547,1552000.0,0.0272137472,-3885000.0,-2333000.0,-0.0409082939,3509000.0,-2333000.0,-0.0409082939,-0.0503,-0.0503,46411632,46411632,https://www.sec.gov/Archives/edgar/data/858339/000085833914000058/a2014cecq1form10-q.htm,https://www.sec.gov/Archives/edgar/data/858339/000085833914000058/a2014cecq1form10-q.htm,1.2287867834511832,-0.0502675708537894,0.1366898711943592,0.1258736172001019,0.7455889506320312,1.57809576702668,1.1348017238437125,1.57809576702668,3.736606374884641,640480521.6,775409521.6,-68.63271770252894,11.230589542346134,100.95846809583858,109.63377637795276,8.744716441386089,8.744716441386089,13.596519754515167,103.49833443673252,122.2272259773014,132.73014748373845,-0.0036425775981006,0.009121276608703,2.3146964856230032,0.6248797478852214,18.00974372664175,1.5672922064281212,0.3990743121625096,-2.7192456065152166,0.0,0.0,0.1895844292477643,0.0,0.0758334715541549,0.0791298865069356,0.0088023847098018,0.1198662846227316,0.0,,0.0159013418874056,-0.009304792785894,-3.42429781396181,16203000.0,52668000.0,-153298000.0,213708000.0,3573500.0,6949500.0,3156000.0,6.165702261967386,18.570354737055133,8.334152476220764,14.596877399539288,4.846434075942272,10.798938495160789,-0.0318533082111356,0.0108162539942573,2014-05-07,-1.15,bmo,829060283.0,2025-04-24,2014-03-31,1.4521739130434783,,
2013-12-31,CZR,USD,1590895,2014-03-17,2014-03-17 17:12:56,2013,Q4,55548000.0,34991000.0,20557000.0,0.3700763304,0,10839000.0,4667000.0,15506000.0,4031000.0,19537000.0,54528000.0,4000.0,3871000.0,4031000.0,5051000.0,0.0909303665,-1035000.0,-0.018632534,8113000.0,7078000.0,0.1274213293,3801000.0,7078000.0,0.1274213293,0.15,0.15,46411632,46447432,https://www.sec.gov/Archives/edgar/data/858339/000085833914000014/a201310-k.htm,https://www.sec.gov/Archives/edgar/data/858339/000085833914000014/a201310-k.htm,1.1968551332131565,0.1525048720544884,-0.0712105965159768,-0.1142170566206333,0.642360518587237,1.6283633378804694,1.1850692946975017,1.6283633378804694,3.762655879026189,640480521.6,781427521.6,22.62222808703024,11.53021749837978,-193.7913832375189,-120.82258471986418,8.47476707376778,8.47476707376778,14.067608583567363,154.7074879429816,-236.4379793040847,-147.41134155819657,0.0110510776851078,-0.0082765983058429,2.2594773403903408,0.6320184172150625,27.904771332409425,1.5679405098023622,-0.2673727718935675,-0.4669398135066402,0.0,0.0,0.1951285374810974,0.0,0.0761486701556728,-0.6039334341906203,0.0359328868726146,0.4951624906970975,0.0,2.3637893743495453,-0.0019340827011492,0.0283564629338803,-3.464853379859601,14282000.0,55001000.0,-155178000.0,216104000.0,3766000.0,7107000.0,3164000.0,5.24951393389501,17.392472350032865,7.996627704266812,17.144444444444446,5.174652469683526,11.254744290768736,0.0936553092954019,0.0430064601046565,2014-03-11,-1.49,bmo,232732657.0,2025-04-24,2013-12-31,7.610738255033557,,
2013-09-30,CZR,USD,1590895,2013-11-08,2013-11-07 18:29:16,2013,Q3,63631000.0,37276000.0,26355000.0,0.4141849099,0,11060000.0,4650000.0,15710000.0,4297000.0,20007000.0,57283000.0,4000.0,3912000.0,4297000.0,10645000.0,0.1672926718,7092000.0,0.1114551084,-3908000.0,3184000.0,0.0500385032,6072000.0,3184000.0,0.0500385032,0.0686,0.0686,46411632,46411632,https://www.sec.gov/Archives/edgar/data/858339/000085833913000062/a2013q3form10-q.htm,https://www.sec.gov/Archives/edgar/data/858339/000085833913000062/a2013q3form10-q.htm,1.3710140595788574,0.0686034914695522,0.2072756243521021,0.1686430677550834,0.779222760363178,1.4376783820056145,0.9943843388226468,1.4376783604592918,3.7862275560574985,640480521.6,776128521.6,50.28898567839196,10.065542292278922,66.5780167983368,81.8296309697202,9.5988090100983,9.5988090100983,12.197333400386604,72.91014763738845,80.6786404989605,99.16040904561136,0.0049712674977936,0.0122205121561654,2.5749419644052747,0.6414044125881958,12.742883983090652,1.503315269365636,1.812883435582822,3.021356783919598,0.0,0.0,0.1738146500919363,0.0,0.0768059133161608,0.1863825363825363,0.0281780892960978,0.4172678612985804,0.0,1.4896877157978117,-0.0267400503289631,0.0128752587991718,-3.4506758995244984,15789000.0,46151000.0,-153986000.0,219170000.0,4496000.0,7231000.0,3200000.0,6.070625952758875,17.992273849125443,7.772024895375041,14.825489282385837,5.002147074610843,11.579993786890338,0.0477182472494304,0.0386325565970186,2013-10-29,-1.29,bmo,446558208.0,2025-04-24,2013-09-30,3.674418604651162,,
2013-06-30,CZR,USD,1590895,2013-08-09,2013-08-08 21:31:38,2013,Q2,65828000.0,41141000.0,24687000.0,0.3750227867,0,570200000.0,220900000.0,11797000.0,0.0,14187000.0,55328000.0,0.0,540100000.0,4363000.0,12890000.0,0.1958133317,8527000.0,0.1295345446,-1979000.0,6548000.0,0.0994713496,-113500000.0,6548000.0,0.0994713496,0.0511,0.0511,128100000,128100000,https://www.sec.gov/Archives/edgar/data/858339/000085833913000048/a2013q2form10-q.htm,https://www.sec.gov/Archives/edgar/data/858339/000085833913000048/a2013q2form10-q.htm,0.5138797814207651,0.0511163153786104,0.041295862607338,0.0281733021077283,0.2543247462919594,0.5884074941451991,0.4277985948477751,0.5884074941451991,5.567689305230289,1767780000.0,1908322000.0,67.49312767257179,26.854529987239477,334.1739130434783,489.8254364089776,23.453134328358207,23.453134328358207,28.989518138178283,148.0467028704422,360.7413988657845,528.7675256303685,0.0037040808245369,0.0020415436309948,2.2967960199004973,0.6317062757933685,10.903180760279286,1.4712730260905291,0.0157878170709127,0.8078802687843616,0.0,0.0,8.661967551801665,0.0,0.0750730698076649,0.3177693761814745,0.0255362459743574,0.3852853541141416,0.0,0.8226405767052445,0.6257032089221988,0.0258325147250857,-1.2567017954722872,13764000.0,54801000.0,-155708000.0,219853000.0,274350000.0,173505000.0,26590500.0,6.4258370298353285,15.3350672078948,6.958751610315743,14.00595744680851,5.868901569186876,12.933354291103427,0.0868723051409618,0.0131225604996096,2013-07-29,-1.57,bmo,1529595588.0,2025-04-24,2013-06-30,0.2993630573248407,,
2013-03-31,CZR,USD,1590895,2013-05-09,2013-05-09 16:33:38,2013,Q1,62179000.0,39526000.0,22653000.0,0.3643191431,0,616300000.0,343500000.0,11582000.0,0.0,16628000.0,56154000.0,0.0,574700000.0,4340000.0,11071000.0,0.1780504672,6731000.0,0.1082519822,-4644000.0,2087000.0,0.0335643867,-290200000.0,2087000.0,0.0335643867,0.0167,0.0167,125300000,125300000,https://www.sec.gov/Archives/edgar/data/858339/000085833913000029/a2013q1form10-q.htm,https://www.sec.gov/Archives/edgar/data/858339/000085833913000029/a2013q1form10-q.htm,0.4962410215482841,0.0166560255387071,0.095219473264166,0.0797126895450917,0.2019393455706304,-5.083798882681564,-61.65203511572226,0.4868555466879489,174.3950518754988,1729140000.0,23031443000.0,207.13224724484903,27.809067370012382,144.92833794317323,173.12174609531436,28.345163352622,28.345163352622,370.40549059972017,2080.339897028272,1930.38663984578,2305.911393672407,0.00120695837237,0.0057762818510936,348.7861252725276,0.7744131028207462,1924.1534640050584,0.0132893907563025,0.0117121976683487,5.716818399616675,0.0,0.0,9.911706524710915,0.0,0.2579799818016378,0.1628530718296873,0.0312484922562279,0.4476958525345622,0.0,0.4271466544808152,-0.4951077189021272,0.0001023691568156,-220.6998962490024,-1878697000.0,-7725000000.0,-28086697000.0,20885303000.0,274031499.5,173079500.0,26422500.0,787.4041074961,774.1739614431008,113.8491119769266,0.1142996323529411,0.1162529411764705,0.79052,0.0342114322246446,0.0155067837190742,2013-05-01,-1.59,bmo,1956522413.0,2025-04-24,2013-03-31,0.0943396226415093,,
2012-12-31,CZR,USD,1590895,2013-03-15,2013-03-15 15:12:19,2012,Q4,59969000.0,40123000.0,19846000.0,0.3309376511,0,600000.0,5400000.0,11740000.0,0.0,24634000.0,64757000.0,0.0,527000000.0,3372000.0,8106000.0,0.1351698377,4734000.0,0.0789407861,-13547000.0,-8813000.0,-0.1469592623,-381000000.0,-8813000.0,-0.1469592623,-0.0703,-0.0703,125300000,125300000,https://www.sec.gov/Archives/edgar/data/858339/000085833913000013/a201210-k.htm,https://www.sec.gov/Archives/edgar/data/858339/000085833913000013/a201210-k.htm,0.4786033519553073,-0.0703351955307262,-0.0027693535514764,-0.0141739824421388,0.2019393455706304,0.4868555387071029,0.3226576137270551,0.4868555466879489,175.09177972865123,1729140000.0,23115837000.0,-49.05083399523431,28.83389751371542,-4983.112391930836,-973.6148648648648,28.345163352622,28.345163352622,385.463105938068,2851.69467061436,-66616.24495677234,-13015.673986486489,-0.0050967532993279,-0.0010271001769665,350.99913119026934,81.56175633391774,2638.378608438194,1.2793670561517894,0.0089829222011385,0.03937365255872,0.0,0.0,0.010005169337491,0.0,0.0783696793767057,-4.118155619596542,0.0238289783054578,0.4237841043890866,0.0,,-0.5403652781928215,-0.0364247307778216,-1.370704315642458,7627000.0,40428999.0,-166594000.0,217914000.0,250031499.5,168079500.0,26422500.0,6.097648951958512,13.815268050743962,6.381626498517059,14.759787044003703,6.514531579801916,14.10298769771529,-0.144468304837467,0.0114046288906624,2013-02-25,-2.04,bmo,1814986652.0,2025-04-24,2012-12-31,0.8382352941176471,,
2012-09-30,CZR,USD,1590895,2012-11-08,2012-11-08 16:39:21,2012,Q3,65907000.0,42141000.0,23766000.0,0.3605990259,0,593000000.0,668600000.0,12497000.0,0.0,17727000.0,24414000.0,0.0,515800000.0,4606000.0,11269000.0,0.1709833553,6663000.0,0.1010970003,-4690000.0,1973000.0,0.0299361221,-225300000.0,1973000.0,0.0299361221,0.0157,0.0157,125300000,125300000,https://www.sec.gov/Archives/edgar/data/858339/000119312512460591/d404814d10q.htm,https://www.sec.gov/Archives/edgar/data/858339/000119312512460591/d404814d10q.htm,0.5259936153232243,0.0157462090981644,0.0973104549082202,0.073583399840383,9.489225857940944,0.2633679169992019,-56.75179569034318,0.2633679169992019,169.79090183559458,1729140000.0,21299140000.0,219.10035478966043,26.23605990259001,141.8141556630854,187.5422993492408,52.39818181818182,52.39818181818182,323.1696177947714,1890.0647794835388,1746.833429016649,2310.1019522776573,0.0011410296447945,0.0053321304232161,629.060606060606,0.7324207035246798,1736.622592954122,1.0971428571428572,0.0129177975959674,6.179929042067917,0.0,0.0,8.99752681809216,0.0,0.2520551811734819,0.2438284261461494,0.0451090172515817,0.645462440295267,0.0,0.3054644685448578,0.0298437491365568,9.30704278503703e-05,-213.28012769353552,255000000.0,-7111000000.0,-25430000000.0,23988000000.0,494500000.0,317500000.0,50000000.0,677.318039055032,704.7768206734535,106.78436676870508,0.1328770161290322,0.1277,0.84282,0.0597878787878787,0.0237270550678371,2012-10-31,-1.12,bmo,610247146.0,2025-04-24,2012-09-30,2.5982142857142856,,
2012-06-30,CZR,USD,1590895,2012-08-08,2012-08-08 16:07:26,2012,Q2,2163700000.0,1148500000.0,1015200000.0,0.4691962841,0,562200000.0,223700000.0,785900000.0,0.0,785900000.0,1934400000.0,0.0,496500000.0,221900000.0,370800000.0,0.1713731109,229300000.0,0.1059758747,-496500000.0,-267200000.0,-0.1234921662,-105900000.0,-241700000.0,-0.1117067985,-1.91,-1.91,126800000,126800000,https://www.sec.gov/Archives/edgar/data/858339/000119312512344002/d356990d10q.htm,https://www.sec.gov/Archives/edgar/data/858339/000119312512344002/d356990d10q.htm,17.063880126182966,-1.9061514195583595,-0.4747634069400631,-1.336750788643533,7.76813880126183,4.17981072555205,-55.78864353312303,4.17981072555205,161.20268138801262,1749840000.0,20708840000.0,-1.8099296648738104,0.8087257937791745,-29.067109634551496,-10.323539823008849,3.301584905660378,3.301584905660378,9.57103110412719,55.84908306364617,-344.0006644518272,-122.17604719764012,-0.1381269144607506,-0.0968659991770676,37.630188679245286,0.7113203509522791,51.129989212513486,1.1762246117084827,0.4618328298086606,0.2490690939180802,0.0,0.0,0.2598326939963951,0.0,0.2712033668592624,-1.8156146179401995,0.0505153209779544,0.4925642203360262,0.0,,0.0052503791347664,-0.0118283253401194,-206.05875394321765,295000000.0,-7074000000.0,-25539000000.0,24575000000.0,488500000.0,299500000.0,47500000.0,20.50653972362157,23.9007400957771,3.918154114061819,4.388843813387424,3.765573770491803,22.97,-0.4560377358490566,0.86198738170347,2012-08-06,-0.94,bmo,2163070597.0,2025-04-24,2012-06-30,1.0531914893617025,,
2012-03-31,CZR,USD,1590895,2012-05-09,2012-05-09 06:08:17,2012,Q1,2206100000.0,1161700000.0,1044400000.0,0.4734146231,0,563000000.0,366100000.0,929100000.0,0.0,929100000.0,2090800000.0,0.0,562000000.0,225800000.0,348900000.0,0.1581523956,115300000.0,0.0522641766,-562000000.0,-446700000.0,-0.2024840216,-158300000.0,-280600000.0,-0.1271927836,-2.24,-2.24,125200000,125200000,https://www.sec.gov/Archives/edgar/data/858339/000119312512220078/d325935d10q.htm,https://www.sec.gov/Archives/edgar/data/858339/000119312512220078/d325935d10q.htm,17.620607028753994,-2.241214057507987,1.281150159744409,0.6190095846645367,9.065495207667732,6.094249201277956,-58.426517571884986,6.094249201277956,163.370607028754,1727760000.0,20484760000.0,-1.539344262295082,0.7831739268392185,10.7715710723192,22.29367741935484,2.2644298820445607,2.2644298820445607,9.285508363174834,58.712410432788765,127.71047381546134,264.31948387096776,-0.1624068157614483,0.0448557670046765,26.07077326343381,0.7001759943681802,53.7603897965033,1.1755170486305198,0.2051601423487544,-0.571632216678546,0.0,0.0,0.255201486786637,0.0,0.2843365012319606,0.5168329177057357,0.0375776256742668,0.3671390611160319,0.0,,0.0027963031082939,-0.0138009049773755,-208.67811501597444,314000000.0,-7315000000.0,-25544000000.0,25394000000.0,486000000.0,292000000.0,45000000.0,19.745251801822217,22.77696479297581,3.4862701213738485,4.55805785123967,3.951360544217687,25.815555555555555,-0.3677588466579292,0.6621405750798722,2012-05-09,,amc,,2025-04-24,2012-03-31,,,
2011-12-31,CZR,USD,1590895,2012-03-15,2012-03-14 21:52:43,2011,Q4,2072200000.0,1115100000.0,957100000.0,0.4618762668,0,559300000.0,212700000.0,772000000.0,0.0,772000000.0,1887100000.0,0.0,674000000.0,200400000.0,378200000.0,0.1825113406,185100000.0,0.0893253547,-673400000.0,-488300000.0,-0.2356432777,-263400000.0,-232800000.0,-0.1123443683,-1.86,-1.86,125200000,125200000,https://www.sec.gov/Archives/edgar/data/858339/000119312512115625/d268435d10k.htm,https://www.sec.gov/Archives/edgar/data/858339/000119312512115625/d268435d10k.htm,16.55111821086262,-1.859424920127796,-1.527955271565495,-2.472843450479233,7.116613418530352,8.043130990415335,-53.64217252396166,8.043130990415335,163.5303514376997,1727760000.0,20636760000.0,-1.855412371134021,0.8337805231155294,-9.031677992681654,-5.580620155038759,1.7157497517378353,1.7157497517378353,9.95886497442332,54.56573241671074,-107.87642446419238,-66.65620155038759,-0.1347409362411445,-0.1791915543825531,19.66236345580933,0.6943470332444943,49.99735589635114,1.1459762944479102,0.2746290801186943,0.8217353951890033,0.0,0.0,0.2699063796930798,0.0,0.2708304109973348,-0.6184004181913226,0.0570890840652446,0.5903193642231506,0.0,,0.0031677218373545,-0.0111960756023661,-209.50079872204472,234000000.0,-6716000000.0,-25672000000.0,24443000000.0,451000000.0,283000000.0,47000000.0,21.19486536048644,23.40597255851493,3.6319612590799033,4.246311475409836,3.845172413793104,24.78,-0.2311817279046673,0.944888178913738,2012-05-01,-0.99,bmo,1516693750.0,2025-04-24,2011-12-31,0.4545454545454545,,
2011-09-30,CZR,USD,1590895,2011-11-10,2011-11-10 16:31:13,2011,Q3,2189700000.0,1171100000.0,1018600000.0,0.4651778782,0,580800000.0,258000000.0,838800000.0,0.0,838800000.0,2009900000.0,0.0,450300000.0,219100000.0,427700000.0,0.1953235603,179800000.0,0.0821117048,-442100000.0,-262300000.0,-0.1197880988,-77700000.0,-164000000.0,-0.0748961045,-1.31,-1.31,125000000,125000000,https://www.sec.gov/Archives/edgar/data/858339/000119312511307011/d236722d10q.htm,https://www.sec.gov/Archives/edgar/data/858339/000119312511307011/d236722d10q.htm,17.5176,-1.312,1.614399992,1.028799992,9.208,9.296,-56.112,9.296,160.5704,1725000000.0,20195000000.0,-2.629573170731707,0.7877791478284697,8.548067435817975,13.413685951894914,1.4845094664371774,1.4845094664371774,9.222724574142577,47.2176759410802,100.07433151672116,157.0373262600103,-0.0950724637681159,0.074550724057971,16.8855421686747,0.6797270144807039,43.18447509936872,1.1316964285714286,0.3992893626471241,-1.230487798780488,0.0,0.0,0.265241813947116,0.0,0.2832397976858588,0.3627353833634062,0.0334292368817646,0.3340940209949795,0.0,,0.0046738058617447,-0.0079265345577573,-209.744,236000000.0,-7014000000.0,-25676000000.0,25775000000.0,416000000.0,288000000.0,49500000.0,17.016029593094945,21.210827427205192,3.765690376569038,5.289130434782609,4.243115942028986,23.9,-0.1411359724612736,0.5856,2011-11-10,,amc,,2025-04-24,2011-09-30,,,
2011-06-30,CZR,USD,1590895,2011-08-11,2011-08-11 16:23:18,2011,Q2,2161700000.0,1138600000.0,1023100000.0,0.4732849147,0,550500000.0,226300000.0,776800000.0,0.0,776800000.0,1915400000.0,0.0,987717000.0,207200000.0,931717000.0,0.4310112412,246300000.0,0.1139381043,-519600000.0,-273300000.0,-0.126428274,-107700000.0,-155500000.0,-0.0719341259,-1.24,-1.24,125100000,125100000,https://www.sec.gov/Archives/edgar/data/858339/000119312511219650/d10q.htm,https://www.sec.gov/Archives/edgar/data/858339/000119312511219650/d10q.htm,17.279776179056753,-1.243005595523581,-0.5011990407673863,-1.2112709832134294,8.29736211031175,10.79136690647482,-54.66027178257394,10.79136690647482,164.44218225419664,1726380000.0,20272380000.0,-2.7755305466237945,0.7986214553360781,-27.533971291866017,-11.392991486834289,1.2788,1.2788,9.37798029328769,21.758087487938933,-323.3234449760764,-133.78459710948326,-0.0900728692408392,-0.087773259653147,14.506666666666666,0.6761730483720609,19.90518580212661,1.207489257213014,0.2493629248053845,0.4032154340836014,0.0,0.0,0.2546606837211454,0.0,0.2827055208369299,-1.416746411483253,0.0410926585557663,0.4287162162162162,0.0,,0.0054598652261727,-0.0074849578820697,-209.7242206235012,338000000.0,-6838000000.0,-25646000000.0,26003000000.0,392500000.0,271500000.0,48500000.0,17.40296988481288,23.71333216230458,3.952222027050764,5.171531100478469,3.795333333333333,22.772,-0.1151851851851851,0.7100719424460432,2011-08-11,,amc,,2025-04-24,2011-06-30,,,
2011-03-31,CZR,USD,1590895,2011-05-12,2011-05-12 17:07:23,2011,Q1,2116100000.0,1133600000.0,982500000.0,0.4642975285,0,555600000.0,199100000.0,754700000.0,0.0,754700000.0,1888300000.0,0.0,-473400000.0,219200000.0,-487400000.0,-0.2303293795,227800000.0,0.1076508672,-469900000.0,-242100000.0,-0.1144085818,-85800000.0,-147400000.0,-0.0696564435,-1.18,-1.18,125100000,125100000,https://www.sec.gov/Archives/edgar/data/858339/000119312511137723/d10q.htm,https://www.sec.gov/Archives/edgar/data/858339/000119312511137723/d10q.htm,16.915267785771384,-1.1782573940847323,1.421262989608313,1.1183053557154277,7.042366107114309,12.11031175059952,-53.09352517985612,12.102318145483611,146.1039168665068,1726380000.0,19596380000.0,-2.928052917232021,0.8158310098766599,9.709673790776154,12.340100071479627,1.1402774108322329,1.1402774108322329,9.260611502291953,-40.20594993844891,110.21586051743532,140.07419585418157,-0.0853809705858501,0.0810366199793788,12.385072655217966,0.6601302587572611,-36.66393106278211,0.9671201814058956,-0.4811998310097169,-1.2062415196743554,0.0,0.0,0.2625584802230518,0.0,0.2871677521563105,0.2131608548931383,0.0179103066962808,0.1729014598540146,0.0,,0.0055203598147231,-0.0072797313314895,-205.51758593125496,-58000000.0,-6642000000.0,-25184000000.0,25697000000.0,380000000.0,247000000.0,48500000.0,15.608903170927649,19.292519407198306,3.731474947071278,5.765940054495913,4.665020576131687,24.11914893617021,-0.0973579920739762,0.3029576338928857,2011-05-12,,amc,,2025-04-24,2011-03-31,,,
2010-12-31,CZR,USD,1590895,2011-03-04,2011-03-04 17:02:03,2010,Q4,2121000000.0,1181500000.0,939500000.0,0.442951438,0,516900000.0,224600000.0,741500000.0,0.0,741500000.0,1923000000.0,0.0,510000000.0,-18199999.999999933,190900000.0,0.0900047148,198000000.0,0.0933521924,-496200000.0,-298200000.0,-0.1405940594,-104200000.0,-196700000.0,-0.0927392739,-1.57,-1.57,125000000,125000000,https://www.sec.gov/Archives/edgar/data/858339/000119312511056393/d10k.htm,https://www.sec.gov/Archives/edgar/data/858339/000119312511056393/d10k.htm,16.968,-1.5736,-1.0376,-1.2512000000000003,7.896,13.064,-52.0,13.064,154.808,1725000000.0,19579000000.0,-2.1924250127097102,0.8132956152758133,-13.299922898997687,-11.02941176470588,1.0563380281690142,1.0563380281690142,9.231023102310232,102.5615505500262,-150.95605242868157,-125.18542199488488,-0.1140289855072463,-0.0906666666666666,11.537660747091245,0.6590527494053449,93.52540597171294,1.131396083385976,0.388235294117647,0.659379766141332,0.0,0.0,0.2437057991513437,0.0,0.2844899958024346,-0.2058596761757904,0.0125884016973125,-1.4670329670329734,0.0,,0.0047699639793957,-0.0096162307504277,-205.186,208000000.0,-6500000000.0,-25164000000.0,26108000000.0,480500000.0,256500000.0,49500000.0,16.676096181046674,19.11976301311892,3.808717731696995,5.396946564885496,4.707171314741036,23.63,-0.1204531537048377,0.2136000000000001,2011-03-04,,amc,,2025-04-24,2010-12-31,,,
2010-09-30,CZR,USD,1590895,2010-11-05,2010-11-05 07:08:33,2010,Q3,2288500000.0,1242100000.0,1046400000.0,0.4572427354,0,574900000.0,218400000.0,793300000.0,0.0,793300000.0,2035400000.0,0.0,1471000000.0,302900000.0,1511600000.0,0.6605199913,253100000.0,0.1105964606,-513800000.0,-260700000.0,-0.1139174132,-97500000.0,-164800000.0,-0.0720122351,-1.32,-1.32,125000000,125000000,https://www.sec.gov/Archives/edgar/data/858339/000119312510248972/d10q.htm,https://www.sec.gov/Archives/edgar/data/858339/000119312510248972/d10q.htm,18.308,-1.3184,1.7136,1.3184,10.592,8.144,-57.56,8.144,169.504,1725000000.0,20118000000.0,-2.6168082524271847,0.7537688442211056,8.053221288515406,10.467233009708735,1.694499017681729,1.694499017681729,8.790911077124754,13.309076475258005,93.92156862745098,122.0752427184466,-0.0955362318840579,0.0955362318840579,19.36836935166994,0.6732108713466266,12.167901561259592,1.0564102564102564,0.1720598232494901,-1.299757281553398,0.0,0.0,0.2512125846624427,0.0,0.2804220158426659,0.23062558356676,0.0215861918287087,0.1630901287553647,0.0,,0.0058373189229595,-0.0078196915776986,-211.964,121000000.0,-7195000000.0,-26004000000.0,26251000000.0,439500000.0,262500000.0,49500000.0,22.33777583570024,18.98397874567265,3.550438773045648,4.029049295774648,4.740839694656488,25.348979591836738,-0.1618860510805501,0.3951999999999999,2010-11-05,,amc,,2025-04-24,2010-09-30,,,
2010-06-30,CZR,USD,1590895,2010-08-16,2010-08-16 14:40:02,2010,Q2,2220700000.0,1215500000.0,1005200000.0,0.4526500653,0,573500000.0,413300000.0,986800000.0,0.0,986800000.0,2202300000.0,0.0,-456800000.0,311600000.0,-581300000.0,-0.2617643086,18400000.0,0.0082856757,-453000000.0,-434600000.0,-0.1957040573,-162100000.0,-274000000.0,-0.1233845184,-2.19,-2.19,125000000,125000000,https://www.sec.gov/Archives/edgar/data/858339/000119312510190025/d10q.htm,https://www.sec.gov/Archives/edgar/data/858339/000119312510190025/d10q.htm,17.7656,-2.192,-0.5448000000000002,-0.9928,10.632,9.432,-56.752,9.432,155.3376,1725000000.0,20270000000.0,-1.573905109489051,0.7767820957355789,-25.33039647577092,-13.900080580177274,1.4631043256997456,1.4631043256997456,9.127752510469673,-34.870118699466715,-297.65051395007333,-163.33601933924254,-0.1588405797101449,-0.0719420289855072,16.85665818490246,0.6785482604390727,-31.90263203165319,1.1571268237934904,-0.0402802101576182,0.2485401459854015,0.0,0.0,0.258251902553249,0.0,0.282460992181365,-0.8223201174743023,0.0252172738325753,0.1797175866495507,0.0,,0.0004194221674168,-0.0130376855728968,-212.182,280000000.0,-7094000000.0,-26048000000.0,26608000000.0,319000000.0,255000000.0,50000000.0,12.604133831674698,19.473467708761827,3.702180172768408,7.140514469453376,4.6216730038022815,24.31,-0.2324003392705682,0.448,2010-08-16,,amc,,2025-04-24,2010-06-30,,,
2010-03-31,CZR,USD,1590895,2010-05-10,2010-05-07 20:14:25,2010,Q1,2188400000.0,1191400000.0,997000000.0,0.4555839883,0,538500000.0,280100000.0,818600000.0,0.0,818600000.0,2010000000.0,0.0,491000000.0,275400000.0,465900000.0,0.2128952659,178400000.0,0.0815207458,-476900000.0,-298500000.0,-0.1364010236,-104900000.0,-195600000.0,-0.0893803692,-1.56,-1.56,125000000,125000000,https://www.sec.gov/Archives/edgar/data/858339/000119312510113264/d10q.htm,https://www.sec.gov/Archives/edgar/data/858339/000119312510113264/d10q.htm,17.5072,-1.5648,1.2352,0.9496,7.576,11.904,-55.216,11.904,158.568,1725000000.0,20108000000.0,-2.204754601226994,0.788247121184427,11.172279792746114,14.532434709351303,1.1592741935483872,1.1592741935483872,9.188448181319686,43.15947628246405,130.23316062176167,169.40185341196292,-0.113391304347826,0.0688115942028985,12.990591397849462,0.6605385456533625,39.45696501395149,0.9207484865162356,0.3633401221995926,-0.7893660531697342,0.0,0.0,0.2460701882653994,0.0,0.2867003827227993,0.2312176165803108,0.0163132882471211,0.1296296296296296,0.0,,0.0042156154279125,-0.009370508766887,-212.47,-144000000.0,-6902000000.0,-26103000000.0,26477000000.0,325500000.0,254000000.0,51500000.0,13.448181319685617,18.658720832633875,3.777068994460299,6.6923547400611625,4.823481781376518,23.828,-0.1314516129032258,0.2856,2010-05-07,,amc,,2025-04-24,2010-03-31,,,
2009-12-31,CZR,USD,1590895,2010-03-09,2010-03-09 17:16:21,2009,Q4,2099100000.0,1155500000.0,943600000.0,0.4495259873,0,540200000.0,-433600000.0000001,106600000.0,0.0,106600000.0,1262100000.0,0.0,488000000.0,-1399999.9999999774,843200000.0,0.4016959649,837000000.0,0.3987423181,-478000000.0,359000000.0,0.1710256777,61000000.0,295600000.0,0.1408222572,2.36,2.36,125000000,125000000,https://www.sec.gov/Archives/edgar/data/858339/000119312510051491/d10k.htm,https://www.sec.gov/Archives/edgar/data/858339/000119312510051491/d10k.htm,16.7928,2.3648,-1.416,-1.8368,7.344,13.752,-53.512,13.76,155.448,1725000000.0,19750000000.0,1.4588971583220571,0.8217807631842218,-9.745762711864408,-7.513066202090592,1.002906976744186,1.002906976744186,9.408794245152684,23.42267552182163,-111.5819209039548,-86.01916376306619,0.1713623188405796,-0.1331014492753623,11.013372093023255,0.6536802512163981,21.37689753320683,0.9956413449564134,1.7151639344262295,-0.5987821380243572,0.0,0.0,0.2573483874041256,0.0,0.2901411366851858,-0.297175141242938,0.0250583583440522,-37.5714285714292,0.0,27.058124103492467,0.0253819436777004,0.0143697438141072,-208.58,-7000000.0,-6689000000.0,-25661000000.0,26326000000.0,328000000.0,266500000.0,53000000.0,13.89166785765328,20.328861964517525,4.128083080917352,6.478703703703704,4.4272030651340994,21.80188679245283,0.171860465116279,0.4208000000000002,2010-03-09,,amc,,2025-04-24,2009-12-31,,,
2009-09-30,CZR,USD,1590895,2009-11-12,2009-11-12 16:52:56,2009,Q3,2282200000.0,1204800000.0,1077400000.0,0.4720883358,0,553700000.0,1575400000.0,2129100000.0,0.0,2129100000.0,3333900000.0,0.0,444000000.0,302400000.0,-749000000.0,-0.3281920953,-1051700000.0,-0.4608272719,-440400000.0,-1492100000.0,-0.6537989659,128900000.0,-1624300000.0,-0.711725528,-12.99,-12.99,125000000,125000000,https://www.sec.gov/Archives/edgar/data/858339/000119312509232922/d10q.htm,https://www.sec.gov/Archives/edgar/data/858339/000119312509232922/d10q.htm,18.2576,-12.9944,2.436,1.496,7.584,11.28,-56.424,11.272,158.288,1725000000.0,20119000000.0,-0.2654989841777996,0.7558496187888879,5.665024630541873,9.224598930481283,1.2242725337118523,1.2242725337118523,8.815616510384716,-26.86114819759679,66.07224958949097,107.58823529411764,-0.9416231884057972,0.1084057971014492,13.727466288147625,0.661694776093873,-24.55807743658211,0.9338153503893216,-2.368693693693693,-0.1874653696977159,0.0,0.0,0.2426167732889317,0.0,0.2895213985152748,0.3858784893267651,0.0514854088160546,0.388558201058201,0.0,,-0.0416489114385643,-0.0782116718027735,-212.78,-119000000.0,-7053000000.0,-26142000000.0,26439000000.0,329000000.0,268500000.0,54500000.0,13.092629918499696,20.318725099601597,3.959163346613546,6.874096385542169,4.429411764705883,22.732075471698117,-1.152803406671398,0.94,2009-11-12,,amc,,2025-04-24,2009-09-30,,,
2009-06-30,CZR,USD,1590895,2009-08-13,2009-08-13 16:27:47,2009,Q2,2271400000.0,1185600000.0,1085800000.0,0.4780311702,0,542600000.0,0.0,-3200000000.0,0.0,-3200000000.0,-2014400000.0,0.0,960000000.0,294200000.0,5079400000.0,2.2362419653,4285800000.0,1.8868539227,-452800000.0,3833000000.0,1.6875055032,1536200000.0,2289000000.0,1.0077485251,18.11,18.11,126400000,126400000,https://www.sec.gov/Archives/edgar/data/858339/000119312509174432/d10q.htm,https://www.sec.gov/Archives/edgar/data/858339/000119312509174432/d10q.htm,17.96993670886076,18.10917721518987,0.9082278481012658,-0.2816455696202529,7.492088607594937,24.81012658227848,-52.95094936708861,24.818037974683545,160.90189873417722,1744320000.0,20175320000.0,0.1905111402359109,0.7679492823809104,15.194425087108016,-48.99775280898881,0.5560471788332803,0.5560471788332803,8.882328079598485,3.971988817576879,175.74320557491288,-566.7224719101129,1.31225921849202,-0.0204090992478444,6.177239400701307,0.6309585829643136,3.628578178525023,1.0093348891481917,4.464375,0.0501529051987767,0.0,0.0,0.2388835079686536,0.0,0.3200377702526699,1.3101045296167244,0.0662146693669102,0.5112168592794016,0.0,100.55978607713556,0.0885621630445397,0.109610688119523,-208.51661392405063,16000000.0,-6693000000.0,-25846000000.0,28070000000.0,346500000.0,264000000.0,58500000.0,12.917143611869331,20.1163967611336,4.251012145748987,6.967484662576688,4.473962264150943,21.17142857142857,0.7296780363404527,1.1898734177215189,2009-08-13,,amc,,2025-04-24,2009-06-30,,,
2009-03-31,CZR,USD,1590895,2009-05-14,2009-05-13 20:07:33,2009,Q1,2254700000.0,1189100000.0,1065600000.0,0.4726127644,0,536600000.0,242400000.0,779000000.0,0.0,779000000.0,1968100000.0,0.0,-496800000.0,276800000.0,-427000000.0,-0.1893821794,286600000.0,0.1271122544,-488300000.0,-201700000.0,-0.0894575775,-74300000.0,-132700000.0,-0.0588548366,-1.06,-1.06,125000000,125000000,https://www.sec.gov/Archives/edgar/data/858339/000119312509110116/d10q.htm,https://www.sec.gov/Archives/edgar/data/858339/000119312509110116/d10q.htm,18.0376,-1.0616,-0.1768,-1.3288,14.072,6.36,-74.96,6.36,192.5456,1725000000.0,24531000000.0,-3.2498116051243406,0.7650685235286291,-78.05429864253394,-10.385310054184226,2.169811320754717,2.169811320754717,10.879939681554086,-57.449648711943794,-1110.0,-147.68813967489464,-0.076927536231884,-0.0962898550724637,30.89937106918239,0.7688575899843505,-53.40983606557377,1.2656481025135535,-0.5768921095008052,0.1665410700828937,0.0,0.0,0.2379917505654854,0.0,0.3181533646322378,-6.515837104072398,0.0638665897902159,0.5202312138728323,0.0,,0.0060501147485436,-0.0060913472572871,-232.722,539000000.0,-9370000000.0,-28587000000.0,28922000000.0,380500000.0,322500000.0,62000000.0,14.649399033130791,19.905811117652007,4.616937179379363,6.143596730245232,4.521292775665399,19.49344262295082,-0.1669182389937107,1.152,2009-05-13,,amc,,2025-04-24,2009-03-31,,,
2008-12-31,CZR,USD,1590895,2009-03-17,2009-03-16 21:56:24,2008,Q4,2278400000.0,1276500000.0,1001900000.0,0.4397384129,0,562400000.0,4841500000.0,5403900000.0,0.0,5403900000.0,6680400000.0,0.0,1541000000.0,282900000.0,-3171000000.0,-1.3917661517,-4402000000.0,-1.9320575843,-589100000.0,-4991100000.0,-2.1906162219,-212800000.0,-4782100000.0,-2.0988851826,-38.26,-38.26,125000000,125000000,https://www.sec.gov/Archives/edgar/data/858339/000119312509055861/d10k.htm,https://www.sec.gov/Archives/edgar/data/858339/000119312509055861/d10k.htm,18.2272,-38.2568,-1.0848000000000002,-2.866400000000001,5.208,7.032,-74.648,7.032,198.0,1725000000.0,24283000000.0,-0.0901800464231195,0.7571102528089888,-12.721238938053096,-4.814401339659502,1.9624573378839592,1.9624573378839592,10.657917837078651,-7.657836644591612,-179.0781710914454,-67.77281607591402,-2.772231884057971,-0.2077101449275363,26.40386803185438,0.7474958935875552,-7.113844213181961,0.7316341829085458,-2.856586632057106,0.0283557432926956,0.0,0.0,0.2468398876404494,0.0,0.3288350671519212,-1.642330383480826,0.0977440308988764,0.787203958996112,0.0,,-0.1450811348082815,-0.2294783818801286,-233.536,-537000000.0,-9331000000.0,-28706000000.0,27940000000.0,403500000.0,392500000.0,66500000.0,15.563553370786517,26.93301997649824,4.441833137485311,5.782741116751269,3.3416230366492146,20.261904761904763,-5.440386803185438,1.7816000000000003,2009-03-16,,amc,,2025-04-24,2008-12-31,,,
2008-09-30,CZR,USD,1590895,2008-11-10,2008-11-10 14:39:16,2008,Q3,2645900000.0,1372400000.0,1273500000.0,0.4813107071,0,682800000.0,233700000.0,916500000.0,0.0,916500000.0,2288900000.0,0.0,533000000.0,255100000.0,612400000.0,0.2314524355,357000000.0,0.1349257342,-526200000.0,-169200000.0,-0.063947995,-46000000.0,-129700000.0,-0.0490192373,-1.04,-1.04,125000000,125000000,https://www.sec.gov/Archives/edgar/data/858339/000119312508231506/d10q.htm,https://www.sec.gov/Archives/edgar/data/858339/000119312508231506/d10q.htm,21.1672,-1.0376,-0.5248000000000002,-2.897599999999999,8.048,46.52,-78.176,46.52,197.976,1725000000.0,24933000000.0,-3.324980724749422,0.6519520767980649,-26.295731707317067,-4.762562120375485,0.29664660361135,0.29664660361135,9.423258626554292,40.71358595805615,-380.076219512195,-68.8376587520707,-0.0751884057971014,-0.2099710144927535,4.164058469475495,0.6542202528909543,37.89679953934814,0.9174447174447176,0.6697936210131332,0.5057825751734772,0.0,0.0,0.2580596394421557,0.0,0.4211336863719874,-4.521341463414631,0.1120979628859744,1.1626813060081582,0.0,,0.0074318341313247,-0.0060536756126021,-238.77,-168000000.0,-9772000000.0,-29330000000.0,33692000000.0,416500000.0,439500000.0,71000000.0,14.048149967874826,26.428155056834743,4.590498396968814,6.406537530266344,3.4054590570719605,19.605714285714285,-0.022304385210662,2.372799999999999,2008-11-10,,amc,,2025-04-24,2008-09-30,,,
2008-06-30,CZR,USD,1590895,2008-08-11,2008-08-11 16:51:11,2008,Q2,2602100000.0,1378800000.0,1223300000.0,0.4701202875,0,621100000.0,279100000.0,900200000.0,0.0,900200000.0,2279000000.0,0.0,468000000.0,289200000.0,616100000.0,0.2367703009,323100000.0,0.1241689405,-464200000.0,-141100000.0,-0.0542254333,-43500000.0,-97600000.0,-0.0375081665,-0.78,-0.78,125000000,125000000,https://www.sec.gov/Archives/edgar/data/858339/000119312508173588/d10q.htm,https://www.sec.gov/Archives/edgar/data/858339/000119312508173588/d10q.htm,20.8168,-0.7808,1.9232,-1.6024000000000005,9.992,48.272,-77.36,48.28,195.856,1725000000.0,24490000000.0,-4.418545081967213,0.6629260981514931,7.175540765391015,-8.61208187718422,0.2858326429163215,0.2858326429163215,9.411629068829022,39.75004057782827,101.87188019966722,-122.2666000998502,-0.0565797101449275,-0.1161159420289855,3.979121789560895,0.641948246364414,36.95017042687875,0.9443950177935944,0.6903846153846154,-2.4631147540983616,0.0,0.0,0.238691825832981,0.0,0.419803250641574,1.833194675540765,0.1693632066407901,1.523858921161826,0.0,,0.0063563952658657,-0.0044968669369701,-238.192,-125000000.0,-9670000000.0,-29251000000.0,33851000000.0,417000000.0,435000000.0,71000000.0,14.5267284116675,31.07049608355091,4.699738903394256,6.195476190476191,2.896638655462185,19.15,-0.016172328086164,3.5256000000000003,2008-08-11,,amc,,2025-04-24,2008-06-30,,,
2008-03-31,CZR,USD,1590895,2008-05-16,2008-05-15 19:40:35,2008,Q1,2600600000.0,1362000000.0,1238600000.0,0.4762747058,0,624800000.0,424100000.0,1048900000.0,0.0,1048900000.0,2410900000.0,0.0,-557600000.0,305000000.0,-524500000.0,-0.2016842267,189700000.0,0.0729447051,-548800000.0,-359100000.0,-0.1380835192,-84100000.0,-187800000.0,-0.0722141044,-1.5,-1.5,125000000,125000000,https://www.sec.gov/Archives/edgar/data/858339/000119312508116726/d10q.htm,https://www.sec.gov/Archives/edgar/data/858339/000119312508116726/d10q.htm,20.8048,-1.5024,3.9624,1.1864,10.896,47.632,-80.408,47.632,187.0192,1725000000.0,24298000000.0,-2.2963258785942493,0.6633084672767823,3.4827377347062387,11.631827376938638,0.289721195834733,0.289721195834733,9.34322848573406,-46.32602478551001,49.05713708863316,163.8435603506406,-0.1088695652173913,0.0859710144927536,4.019986563654686,0.645356988783434,-43.0371782650143,1.1387047424783274,-0.3402080344332855,-2.637380191693291,0.0,0.0,0.240252249480889,0.0,0.4315411993097497,0.7005855037351101,0.1334307467507498,1.137704918032787,0.0,,0.0041356479199314,-0.0089076507138452,-235.412,272000000.0,-10051000000.0,-28901000000.0,33782000000.0,447500000.0,418000000.0,70000000.0,14.327462893178495,26.035242290748897,4.625550660792952,6.281642512077295,3.4568527918781724,19.457142857142856,-0.03154182062479,2.776,2008-05-15,,amc,,2025-04-24,2008-03-31,,,
2007-12-31,CZR,USD,1590895,2008-02-29,2008-02-29 17:23:38,2007,Q4,2627500000.0,1378400000.0,1249100000.0,0.475394862,0,670300000.0,433100000.0,1103400000.0,0.0,1103400000.0,2481800000.0,0.0,222000000.0,241000000.0,411300000.0,0.1565366318,145700000.0,0.0554519505,-207700000.0,-62000000.0,-0.0235965747,-3900000.0,-47800000.0,-0.0181921979,-0.38,-0.38,125000000,125000000,https://www.sec.gov/Archives/edgar/data/858339/000119312508043934/d10k.htm,https://www.sec.gov/Archives/edgar/data/858339/000119312508043934/d10k.htm,21.02,-0.3824,2.6728,-0.0544000000000009,5.68,53.016,8.264,53.016,101.296,1725000000.0,13455000000.0,-9.021966527196652,0.6565176022835395,5.163124812930261,-253.67647058823084,0.2602987777274785,0.2602987777274785,5.120837297811608,32.713347921225385,40.27237354085603,-1978.6764705882008,-0.0277101449275362,-0.0039420289855073,1.8771691564810624,0.5325798441647401,28.51932895696572,0.9301552106430157,0.6563063063063063,-6.989539748953975,0.0,0.0,0.2551094196003806,0.0,0.2394896823358164,1.0203531876683631,0.1297431018078021,1.414522821576764,0.0,,0.0063345550709845,-0.002690835397433,-125.002,-126000000.0,1033000000.0,-15053000000.0,21040000000.0,478000000.0,394500000.0,71000000.0,16.475737392959086,28.859547301218804,4.570516540917005,5.462577962577963,3.118552036199095,19.69142857142857,-0.0072129168552889,2.7272000000000007,2008-02-29,,amc,,2025-04-24,2007-12-31,,,
2007-09-30,CZR,USD,1590895,2007-11-07,2007-11-07 17:25:37,2007,Q3,2840300000.0,1457200000.0,1383100000.0,0.4869556033,0,635100000.0,172800000.0,807900000.0,0.0,807900000.0,2265100000.0,0.0,216000000.0,229300000.0,827100000.0,0.2912016336,575200000.0,0.202513819,-211200000.0,364000000.0,0.1281554765,137400000.0,244400000.0,0.0860472485,1.28,1.28,190700000,190700000,https://www.sec.gov/Archives/edgar/data/858339/000119312507238664/d10q.htm,https://www.sec.gov/Archives/edgar/data/858339/000119312507238664/d10q.htm,14.894074462506556,1.2815941269008917,2.856843209229156,1.4410068169900367,3.434714210802307,34.86628211851075,4.787624541164132,34.86628211851075,65.5951756685894,2631660000.0,14269660000.0,2.6919599018003275,0.9265429708129423,4.830506607929515,9.576637554585153,0.3957978643405023,0.3957978643405023,5.0239974650565085,17.25264176036755,26.19247430249633,51.92743813682678,0.0928691396304993,0.1044207838398577,1.84884945104527,0.5301906322780988,14.070849957683471,0.8966292134831461,2.662962962962963,2.229132569558101,0.0,0.0,0.223603140513326,0.0,0.2473906667816786,0.4955947136563877,0.0950603809456747,1.1774967343109322,0.0,31.708035318731778,0.0167279175090069,0.0140057306590257,-81.2257472469848,-184000000.0,913000000.0,-14941000000.0,20894000000.0,440000000.0,347000000.0,73000000.0,15.05122698306517,21.43151248970629,4.446884435904474,5.979578947368421,4.19942363112392,20.238888888888887,0.0367574071288915,1.415836392239119,2007-11-07,,amc,,2025-04-24,2007-09-30,,,
2007-06-30,CZR,USD,1590895,2007-08-09,2007-08-08 18:56:12,2007,Q2,2701800000.0,1419600000.0,1282200000.0,0.4745725072,0,603400000.0,200900000.0,804300000.0,0.0,804300000.0,2223900000.0,0.0,177000000.0,225700000.0,756600000.0,0.2800355319,477900000.0,0.1768820786,-160900000.0,317000000.0,0.1173291879,116400000.0,237500000.0,0.0879043601,0.18,0.18,1339200000,1339200000,https://www.sec.gov/Archives/edgar/data/858339/000119312507175934/d10q.htm,https://www.sec.gov/Archives/edgar/data/858339/000119312507175934/d10q.htm,2.01747311827957,0.1773446833930705,0.264934288381123,0.0180704890979689,0.5383811230585425,4.803614097968937,0.5077658303464755,4.803614097968937,9.243578255675027,18480960000.0,29961960000.0,19.45364210526316,6.840239840106595,52.08838797093683,763.6760646147134,2.872836934556195,2.872836934556195,11.089629136131467,39.600793021411576,84.44746359765351,1238.0975718222137,0.0128510640139906,0.0013094557317368,1.8967822166951656,0.5372490313490665,15.174464710547184,0.9328314997104806,2.7,1.493894732631579,0.0,0.0,0.2233325930860907,0.0,0.2533022190912293,0.9317925618145224,0.1223628691983122,1.4647762516614973,0.0,4.378087137129959,0.0144111859981104,0.0140043634648269,-11.362940561529271,-116000000.0,680000000.0,-14668000000.0,20338000000.0,422500000.0,360500000.0,71500000.0,13.491005996002665,21.999154691462383,4.691462383770076,6.671111111111111,4.0910662824207495,19.183783783783785,0.0369190113477382,0.246863799283154,2007-08-08,,amc,,2025-04-24,2007-06-30,,,
2007-03-31,CZR,USD,1590895,2007-05-08,2007-05-08 17:19:30,2007,Q1,2655600000.0,1322800000.0,1332800000.0,0.5018828137,0,676700000.0,204900000.0,881600000.0,0.0,881600000.0,2204400000.0,0.0,185000000.0,209800000.0,680400000.0,0.2562132851,451200000.0,0.1699051062,-177600000.0,273600000.0,0.1030275644,100300000.0,185300000.0,0.0697770749,0.98,0.98,189400000,189400000,https://www.sec.gov/Archives/edgar/data/858339/000119312507106270/d10q.htm,https://www.sec.gov/Archives/edgar/data/858339/000119312507106270/d10q.htm,14.021119324181626,0.9783526927138332,1.9218585005279831,-0.3759239704329461,3.938753959873284,32.88278775079198,2.3864836325237597,32.88278775079198,65.14255543822598,2613720000.0,14020720000.0,3.5263356718834324,0.9842295526434705,7.180549450549451,-36.70955056179776,0.4196724470134875,0.4196724470134875,5.279680674800422,20.60658436213992,38.51846153846154,-196.92022471910116,0.0708951226604227,-0.0272408674226772,1.951348747591522,0.5404215581643543,16.765138154027042,0.901836969001148,2.438918918918919,1.9643820831084728,0.0,0.0,0.2548200030125019,0.0,0.2568480967627179,1.1956043956043956,0.163880102425064,2.0743565300285987,0.0,26.904399057557622,0.0137758113591121,0.0110878410722833,-79.98680042238648,-171000000.0,452000000.0,-14689000000.0,20213000000.0,449000000.0,419500000.0,66000000.0,14.9118843199277,25.44602358633202,4.694587239189598,6.035454545454545,3.5368983957219253,19.171014492753624,0.0297527296082209,2.297782470960929,2007-05-08,,amc,,2025-04-24,2007-03-31,,,
2006-12-31,CZR,USD,1590895,2007-03-01,2007-03-01 15:47:13,2006,Q4,2430600000.0,1266400000.0,1164200000.0,0.4789763844,0,649000000.0,285300000.0,934300000.0,0.0,934300000.0,2200700000.0,0.0,178000000.0,196000000.0,437600000.0,0.1800378507,229900000.0,0.094585699,-172400000.0,57500000.0,0.0236567103,16000000.0,47600000.0,0.0195836419,0.25,0.25,191300000,191300000,https://www.sec.gov/Archives/edgar/data/858339/000119312507044315/d10k.htm,https://www.sec.gov/Archives/edgar/data/858339/000119312507044315/d10k.htm,12.705697856769472,0.2488238369053842,2.391531625718766,-2.085729221118663,4.181913225300575,31.735493988499737,1.7616309461578672,31.735493988499737,64.12963930998431,2639940000.0,13929940000.0,13.865231092436977,1.086126882251296,5.770360655737705,-6.616390977443605,0.4348443419535497,0.4348443419535497,5.731070517567678,31.832586837294333,30.447956284153005,-34.91213032581452,0.0180307128192307,-0.1511397986317871,1.9914346895074944,0.5425173883778326,25.79981718464351,0.7278000892458724,1.2915730337078652,9.611344537815128,0.0,0.0,0.2670122603472393,0.0,0.2573031186897015,1.872131147540984,0.3523821278696619,4.369897959183675,0.0,13.329377932105116,0.0082781793098661,0.0028759591565464,-78.61474124411919,-610000000.0,337000000.0,-14583000000.0,19145000000.0,488500000.0,415500000.0,62000000.0,16.958775610960256,33.04643082754264,4.477258370183196,5.306986899563319,2.723440860215054,20.1015873015873,0.0078405534508318,4.47726084683743,2007-03-01,,amc,,2025-04-24,2006-12-31,,,
2006-09-30,CZR,USD,1590895,2006-11-09,2006-11-08 19:47:23,2006,Q3,2512500000.0,1243800000.0,1268700000.0,0.5049552239,0,637700000.0,190000000.0,827700000.0,0.0,827700000.0,2071500000.0,0.0,166000000.0,181300000.0,620800000.0,0.2470845771,441000000.0,0.1755223881,-162700000.0,278300000.0,0.1107661692,96300000.0,177200000.0,0.0705273632,0.95,0.95,186300000,186300000,https://www.sec.gov/Archives/edgar/data/858339/000110465906072977/a06-21800_110q.htm,https://www.sec.gov/Archives/edgar/data/858339/000110465906072977/a06-21800_110q.htm,13.486312399355878,0.951154052603328,2.084809447128288,-1.0434782608695652,3.607085346215781,32.592592592592595,4.648416532474504,32.5979602791197,60.44015029522276,2570940000.0,12992940000.0,3.627172686230249,1.0232597014925373,6.619309989701339,-13.225,0.423339370986333,0.423339370986333,5.171319402985074,20.929349226804124,33.452471678681775,-66.83611111111111,0.068924206710386,-0.0756143667296786,1.826774246665569,0.5238455000472189,16.788015463917525,0.8354806739345887,2.656626506024097,2.1918735891647856,0.0,0.0,0.2538109452736318,0.0,0.2458211351402398,1.5005149330587024,0.2319601990049751,3.2145615180064064,0.0,26.41264556205905,0.0150522445776887,0.0110944152266466,-75.22410091250671,-332000000.0,866000000.0,-13420000000.0,18457000000.0,498000000.0,368000000.0,61500000.0,18.591044776119404,26.483357452966715,4.413892908827786,4.841040462427745,3.398360655737705,20.39016393442623,0.0291783303145068,3.128287707997853,2006-11-08,,amc,,2025-04-24,2006-09-30,,,
2006-06-30,CZR,USD,1590895,2006-08-08,2006-08-08 16:32:41,2006,Q2,2373900000.0,1178800000.0,1195100000.0,0.503433169,0,572800000.0,251700000.0,824500000.0,0.0,824500000.0,2003300000.0,0.0,162000000.0,168500000.0,536800000.0,0.2261257846,370600000.0,0.1561144109,-160600000.0,210000000.0,0.0884620245,77700000.0,128600000.0,0.0541724588,0.69,0.69,187100000,187100000,https://www.sec.gov/Archives/edgar/data/858339/000110465906052535/a06-15469_110q.htm,https://www.sec.gov/Archives/edgar/data/858339/000110465906052535/a06-15469_110q.htm,12.687867450561198,0.6873329770176376,2.098877605558525,-1.5649385355424907,3.4045964724746125,31.74238375200428,3.6718332442544095,31.74238375200428,58.79208979155532,2581980000.0,12782980000.0,5.0194012441679625,1.087653228863895,6.574942704354469,-8.818237704918033,0.4347499579053713,0.4347499579053713,5.384801381692573,23.81330104321908,32.551515151515154,-43.657718579234974,0.0498067374650462,-0.1134013431552529,1.8248863445024417,0.523019013608725,19.003353204172875,0.8908174692049272,2.2876543209876545,3.0536547433903576,0.0,0.0,0.241290703062471,0.0,0.2534504391468005,1.745607333842628,0.2887653228863895,4.068249258160237,0.0,22.15616641575842,0.0123298479087452,0.0083128636069812,-73.52886157135222,-195000000.0,687000000.0,-13192000000.0,18217000000.0,479500000.0,370500000.0,60000000.0,18.084165297611523,28.249066847641668,4.7336274177129285,4.976729559748428,3.185945945945946,19.01290322580645,0.0216534770163327,3.663816141101015,2006-08-08,,amc,,2025-04-24,2006-06-30,,,
2006-03-31,CZR,USD,1590895,2006-05-10,2006-05-10 15:11:18,2006,Q1,2356900000.0,1167800000.0,1189100000.0,0.5045186474,0,545800000.0,190200000.0,736000000.0,0.0,736000000.0,1903800000.0,0.0,164000000.0,165600000.0,617600000.0,0.2620391192,453100000.0,0.1922440494,-164100000.0,289000000.0,0.122618694,105600000.0,182400000.0,0.0773897917,0.98,0.98,187000000,187000000,https://www.sec.gov/Archives/edgar/data/858339/000110465906033207/a06-9587_110q.htm,https://www.sec.gov/Archives/edgar/data/858339/000110465906033207/a06-9587_110q.htm,12.60374331550802,0.9754010695187164,1.7128342245989303,-0.3540106951871657,3.358288770053476,31.203208556149733,3.7540106951871657,31.203208556149733,58.86096256684492,2580600000.0,12795600000.0,3.5370065789473686,1.0949128091985234,8.056821729628474,-38.98187311178248,0.4422622107969152,0.4422622107969152,5.42899571471,20.718264248704664,39.94879800187324,-193.2870090634441,0.0706812369216461,-0.0256529489266062,1.8582690659811485,0.5275115543663342,16.539831606217618,0.9607724803862402,2.7628048780487804,1.756030701754386,0.0,0.0,0.2315753744325173,0.0,0.2497202627098029,1.2066812363409305,0.1639865925580211,2.3339371980676327,0.0,26.168721165866906,0.0152152714939168,0.0118272597587861,-73.27005347593582,-65000000.0,702000000.0,-13128000000.0,17811000000.0,493500000.0,368000000.0,59000000.0,18.40553269124698,28.59222469600959,4.469943483473197,4.889834024896266,3.1477088948787064,20.13448275862069,0.0312596401028277,2.0668449197860963,2006-05-10,,amc,,2025-04-24,2006-03-31,,,
2005-12-31,CZR,USD,1590895,2006-03-14,2006-03-13 19:21:59,2005,Q4,2095000000.0,1111300000.0,983700000.0,0.4695465394,0,481800000.0,349500000.0,831300000.0,0.0,831300000.0,1942600000.0,0.0,161000000.0,153900000.0,191800000.0,0.0915513122,152400000.0,0.0727446301,-154800000.0,-2400000.0,-0.0011455847,19100000.0,-142200000.0,-0.067875895,-0.82,-0.82,174200000,174200000,https://www.sec.gov/Archives/edgar/data/858339/000110465906016242/a06-2584_110k.htm,https://www.sec.gov/Archives/edgar/data/858339/000110465906016242/a06-2584_110k.htm,12.026406429391503,-0.8163030998851895,1.2175660160734787,-0.5608495981630307,4.156142365097589,32.52009184845006,2.933409873708382,32.52009184845006,64.3340987370838,2403960000.0,12725960000.0,-4.226371308016878,1.147474940334129,11.334087694483737,-24.60552712384853,0.4243530450132392,0.4243530450132392,6.0744439140811455,66.35015675886422,59.9998114097124,-130.25547594677593,-0.059152398542405,-0.0406412752292051,1.9498676081200352,0.5383565649673457,53.816475775894034,1.0193992490613266,0.9465838509316772,-1.4915611814345988,0.0,0.0,0.2299761336515513,0.0,0.2511940734964421,1.4606317774634603,0.1478758949880668,2.012995464671835,0.0,,0.0721590909090909,-0.0092554022390002,-78.76148105625718,31000000.0,511000000.0,-13224000000.0,17698000000.0,455000000.0,314500000.0,60000000.0,21.694510739856803,29.55997480428327,4.859173940430127,4.148514851485149,3.044657534246576,18.52166666666667,-0.0251015004413062,1.7784156142365095,2006-03-13,,amc,,2025-04-24,2005-12-31,,,
2005-09-30,CZR,USD,1590895,2005-11-09,2005-11-09 17:26:14,2005,Q3,2272400000.0,1144300000.0,1128100000.0,0.4964354867,0,511900000.0,193700000.0,705600000.0,0.0,705600000.0,1849900000.0,0.0,152000000.0,161800000.0,580700000.0,0.2555447985,422500000.0,0.1859267735,-150200000.0,272300000.0,0.1198292554,97900000.0,169000000.0,0.0743707094,0.91,0.91,185100000,185100000,https://www.sec.gov/Archives/edgar/data/858339/000110465905054167/a05-18326_110q.htm,https://www.sec.gov/Archives/edgar/data/858339/000110465905054167/a05-18326_110q.htm,12.276607239330092,0.9130199891950296,1.4538087466234468,-0.5132360940032414,3.165856293895192,31.91788222582388,5.262020529443544,31.91788222582388,57.89303079416531,2554380000.0,12532380000.0,3.778668639053255,1.1240890688259109,9.492307727581968,-26.888210243282,0.4323595125253893,0.4323595125253893,5.515041365956698,21.58150508007577,46.57146059669811,-131.91978808505488,0.0661608687822485,-0.0371910213045827,1.7880839539607312,0.5118961089305616,17.182710521784053,0.8901960784313725,2.7796052631578947,1.5923076863905326,0.0,0.0,0.2252684386551663,0.0,0.2390851383437515,1.3530286189261562,0.1602270726984686,2.250309023485785,0.0,25.606394726930493,0.0141622758402864,0.0107622747245749,-74.6042679632631,-168000000.0,974000000.0,-13367000000.0,18081000000.0,381500000.0,288500000.0,61500000.0,16.040309804611866,20.763785720527835,4.719042209210872,5.610864197530864,4.3344696969696965,19.071666666666665,0.0286052809749492,1.9670448406266885,2005-11-09,,amc,,2025-04-24,2005-09-30,,,
2005-06-30,CZR,USD,1590895,2005-08-09,2005-08-09 16:50:55,2005,Q2,1423400000.0,734800000.0,688600000.0,0.4837712519,0,318600000.0,146400000.0,465000000.0,0.0,465000000.0,1199800000.0,0.0,89000000.0,111200000.0,359600000.0,0.252634537,223600000.0,0.157088661,-85700000.0,137900000.0,0.0968807082,53600000.0,105800000.0,0.0743290712,0.84,0.84,125300000,125300000,https://www.sec.gov/Archives/edgar/data/858339/000110465905037951/a05-13060_110q.htm,https://www.sec.gov/Archives/edgar/data/858339/000110465905037951/a05-13060_110q.htm,11.359936153232242,0.8443735035913806,-1.2992817238627294,-3.3375897845171587,5.131683958499601,46.18515562649641,4.692737430167598,46.177174780526734,84.11811652035115,1729140000.0,11537140000.0,4.085869565217392,1.2147955599269356,-10.621253071253072,-4.134720229555237,0.298848945731075,0.298848945731075,8.105339328368695,32.08325917686318,-70.86695331695331,-27.58761358201817,0.0611864857674913,-0.2418543322113883,1.806256481161424,0.5377688587012452,27.27474972191324,0.8875739644970414,2.512359550561798,-1.5387523629489603,0.0,0.0,0.223830265561332,0.0,0.2675208397653597,-1.568796068796069,0.1794295349163973,2.2967625899280577,0.0,29.619125818399173,0.0076307422058926,0.0074323849666315,-101.38866719872308,-171000000.0,588000000.0,-12297000000.0,17034000000.0,254000000.0,231000000.0,43000000.0,22.635942110439792,38.336962438758846,7.71638541099619,3.975977653631285,2.3476038338658145,11.663492063492065,0.0182855167646042,2.0383080606544297,2005-08-09,,amc,,2025-04-24,2005-06-30,,,
2005-03-31,CZR,USD,1590895,2005-05-06,2005-05-06 15:01:17,2005,Q1,1219200000.0,628000000.0,591200000.0,0.4849081365,0,266200000.0,97800000.0,364000000.0,0.0,364000000.0,992000000.0,0.0,79000000.0,96100000.0,334200000.0,0.2741141732,227200000.0,0.186351706,-80900000.0,146300000.0,0.1199967192,55300000.0,103800000.0,0.0851377953,0.9,0.9,114800000,114800000,https://www.sec.gov/Archives/edgar/data/858339/000110465905021161/a05-8670_110q.htm,https://www.sec.gov/Archives/edgar/data/858339/000110465905021161/a05-8670_110q.htm,10.62020905923345,0.9041811846689896,2.3789198606271778,0.460801393728223,3.797909407665505,18.885017421602782,-0.3832752613240418,18.885017421602782,44.47735191637631,1584240000.0,6175240000.0,3.8156069364161858,1.2994094488188976,5.80095203222263,29.94782608695652,0.7307380073800739,0.7307380073800739,5.06499343832021,18.47767803710353,22.611644086415232,116.73421550094518,0.0655203757006514,0.0333914053426248,2.3187269372693726,0.5825028968713789,13.737283064033512,0.9021601016518423,2.875949367088608,2.631021194605009,0.0,0.0,0.2183398950131233,0.0,0.2563151796060255,0.8062980593189308,0.1806102362204724,2.291363163371488,0.0,19.6009755384033,0.0180186885327909,0.01617326269866,-51.41114982578397,-77000000.0,-44000000.0,-5752000000.0,7011000000.0,163500000.0,162000000.0,24500000.0,11.072834645669293,21.35350318471337,3.2961783439490446,8.128,4.214765100671141,27.30434782608696,0.0478782287822878,1.9181184668989544,2005-05-06,,amc,,2025-04-24,2005-03-31,,,
2004-12-31,CZR,USD,1590895,2005-03-01,2005-03-01 16:37:57,2004,Q4,1037500000.0,560300000.0,477200000.0,0.4599518072,0,241300000.0,89200000.0,330500000.0,0.0,330500000.0,890800000.0,0.0,193399000000.0,85500000.0,193586500000.0,186.5893975904,146700000.0,0.1413975904,-69700000.0,77000000.0,0.0742168675,25100000.0,76900000.0,0.0741204819,0.68,0.68,113100000,113100000,https://www.sec.gov/Archives/edgar/data/858339/000104746905005121/a2152383z10-k.htm,https://www.sec.gov/Archives/edgar/data/858339/000104746905005121/a2152383z10-k.htm,9.173297966401414,0.6799292661361627,0.6171529531388152,-1.1538461626878862,4.323607427055703,18.001768346595934,-1.5915119363395225,17.99292661361627,1755.5437665782492,1560780000.0,6224780000.0,5.07405721716515,1.504366265060241,22.36074530602787,-11.959999908352495,0.766968058968059,0.766968058968059,5.999787951807229,0.0321550314717193,89.18023050401476,-47.69946323601946,0.0492702366765335,-0.0836120407744845,2.5321867321867324,0.6001630561378989,0.0240925891009961,1.0437665782493368,0.0007585354629548,0.9076723004898868,0.0,0.0,0.232578313253012,0.0,0.2580945725599813,2.8696275482754654,0.1930602409638553,2.342690058479532,0.0,16.591056061349853,0.0126250779353435,0.0120722135007849,-52.30106100795756,33000000.0,-180000000.0,-5763000000.0,6994000000.0,155000000.0,153000000.0,24500000.0,15.35421686746988,28.109941102980542,4.176334106728538,5.861581920903955,3.201714285714285,21.55,0.0377886977886977,1.7709991158267016,2005-03-01,,amc,,2025-04-24,2004-12-31,,,
2004-09-30,CZR,USD,1590895,2004-11-08,2004-11-08 17:19:56,2004,Q3,1309700000.0,686500000.0,623200000.0,0.4758341605,0,268400000.0,97000000.0,365400000.0,0.0,365400000.0,1051900000.0,0.0,19549000.0,99500000.0,305549000.0,0.2332969382,257800000.0,0.1968389708,-77100000.0,180700000.0,0.1379705276,67700000.0,118800000.0,0.0907077957,1.06,1.06,112500000,112500000,https://www.sec.gov/Archives/edgar/data/858339/000104746904033456/a2145937z10-q.htm,https://www.sec.gov/Archives/edgar/data/858339/000104746904033456/a2145937z10-q.htm,11.641777777777778,1.056,3.669333333333334,2.6782222222222223,3.5733333333333333,17.404444444444444,-1.751111111111111,17.404444444444444,44.24488,1552500000.0,6108500000.0,3.2670454545454546,1.1853859662518134,3.760901162790698,5.152671755725191,0.7929009193054137,0.7929009193054137,4.664045201191112,19.99188346222701,14.797722868217054,20.27381347494192,0.0765217391304347,0.194074074074074,2.53217568947906,0.5970616570327553,14.910865360384095,0.8743718592964824,13.18737531331526,3.474747474747475,0.0,0.0,0.2049324272734214,0.0,0.2595134874759152,0.2701065891472868,0.0851340001527067,1.120603015075377,0.0,20.33542721459276,0.0214723184773356,0.0193202146690518,-51.84666666666666,-100000000.0,-197000000.0,-5650000000.0,6693000000.0,119000000.0,139500000.0,22000000.0,9.139497594869054,17.174071376547705,3.015294974508376,9.847368421052632,5.240458015267175,29.847826086956523,0.0606741573033707,0.9911111111111112,2004-11-08,,amc,,2025-04-24,2004-09-30,,,
2004-06-30,CZR,USD,1590895,2004-08-09,2004-08-06 17:50:53,2004,Q2,1037200000.0,533900000.0,503300000.0,0.4852487466,0,238600000.0,72700000.0,311300000.0,0.0,311300000.0,845200000.0,0.0,608000000.0,83700000.0,830900000.0,0.801099113,192000000.0,0.1851137678,-56900000.0,135100000.0,0.1302545314,49000000.0,90200000.0,0.0869649055,0.79,0.79,113600000,113600000,https://www.sec.gov/Archives/edgar/data/858339/000104746904025685/a2141250z10-q.htm,https://www.sec.gov/Archives/edgar/data/858339/000104746904025685/a2141250z10-q.htm,9.130281690140846,0.7940140845070423,1.0704225352112675,-0.5052816901408453,3.459507042253521,16.47887323943662,4.621478873239437,16.470070422535212,36.74295774647887,1567680000.0,4740680000.0,4.345011086474502,1.5114539143848824,12.892105263157896,-27.311498257839705,0.8378834847675041,0.8378834847675041,4.570651754724258,5.7054759898904805,38.985855263157895,-82.59024390243898,0.0575372525005103,-0.0366146152275974,1.9059326563335115,0.5327158649536898,3.8187507521964137,0.9652677279305356,0.3157894736842105,1.3481152993348116,0.0,0.0,0.2300424219051292,0.0,0.2012249775918733,1.4720394736842108,0.172580023139221,2.1385902031063324,0.0,17.153513560991108,0.0203835905881256,0.0168692724892463,-38.20202464788732,-24000000.0,525000000.0,-4155000000.0,5613000000.0,108000000.0,135500000.0,20500000.0,9.11106826070189,24.948492227008803,3.5399887619404384,9.878095238095238,3.607432432432432,25.423809523809524,0.0482095136290753,1.575704225352113,2004-08-06,,amc,,2025-04-24,2004-06-30,,,
2004-03-31,CZR,USD,1590895,2004-05-07,2004-05-07 12:50:33,2004,Q1,1012400000.0,533600000.0,478800000.0,0.4729355986,0,226000000.0,76500000.0,302500000.0,0.0,302500000.0,836100000.0,0.0,58246000.0,78800000.0,262146000.0,0.2589352035,176300000.0,0.1741406559,-56100000.0,120200000.0,0.1187277756,43300000.0,81800000.0,0.0807981035,0.73,0.73,112400000,112400000,https://www.sec.gov/Archives/edgar/data/858339/000104746904016350/a2135651z10-q.htm,https://www.sec.gov/Archives/edgar/data/858339/000104746904016350/a2135651z10-q.htm,9.00711743772242,0.7277580071174378,2.332740213523132,0.9661921708185054,3.176156583629893,16.46797153024911,5.115658362989324,16.476868327402133,32.38653024911032,1551120000.0,4776120000.0,4.740586797066015,1.532121691031213,5.91578947368421,14.282872928176795,0.8375377969762421,0.8375377969762421,4.717621493480838,18.219312901970657,18.215560640732267,43.97900552486187,0.0527360874722781,0.0700139254216308,1.9341252699784013,0.5376763734614229,12.30230482250349,0.9363636363636364,3.0268172921745697,3.2053789731051343,0.0,0.0,0.2232319241406558,0.0,0.1915340738516961,0.585812356979405,0.1517186882655077,1.9492385786802031,0.0,16.42563208200673,0.0187922245552092,0.0151875232083178,-38.79670818505338,-42000000.0,575000000.0,-4193000000.0,5416000000.0,119000000.0,120500000.0,21500000.0,9.867641248518373,20.745877061469265,3.373313343328336,9.12072072072072,4.338211382113821,26.68,0.0441684665226781,1.3665480427046264,2004-05-07,,amc,,2025-04-24,2004-03-31,,,
2003-12-31,CZR,USD,1590895,2004-03-05,2004-03-04 19:31:41,2003,Q4,950200000.0,518800000.0,431400000.0,0.4540096822,0,225400000.0,98200000.0,323600000.0,0.0,323600000.0,842400000.0,0.0,175863000000.0,80200000.0,175992900000.0,185.2166912229,107800000.0,0.1134498,-63000000.0,44800000.0,0.0471479688,14300000.0,35400000.0,0.0372553147,0.32,0.32,111300000,111300000,https://www.sec.gov/Archives/edgar/data/858339/000104746904006606/a2129773z10-k.htm,https://www.sec.gov/Archives/edgar/data/858339/000104746904006606/a2129773z10-k.htm,8.537286612758312,0.3180592991913746,1.1042228122192272,0.2237196675651392,3.5759209344115006,15.624438454627134,6.495956873315364,15.615453728661276,1613.090745732255,1535940000.0,4811940000.0,10.847033898305083,1.6164386444958956,12.497477725772807,61.68433982668032,0.8837399309551208,0.8837399309551208,5.06413386655441,0.0273416711696892,39.15329568066148,193.25061017070723,0.0230477753037228,0.0162115701134158,2.113924050632912,0.5584435324517404,0.0186143872849416,1.1526586620926245,0.0006129771469837,3.471751384180791,0.0,0.0,0.2372132182698379,0.0,0.1544307645538835,0.7973962636077808,0.1031361818564512,1.2219451523933311,0.0,10.57115916366792,0.0122399307871914,0.006363472946252,-38.95103324348607,89000000.0,723000000.0,-4168000000.0,4944000000.0,122000000.0,113000000.0,22500000.0,12.029046516522836,20.470316114109483,3.9899768696993054,7.481889763779527,4.396610169491526,22.556521739130435,0.0203682393555811,0.8805031446540881,2004-03-04,,amc,,2025-04-24,2003-12-31,,,
2003-09-30,CZR,USD,1590895,2003-11-07,2003-11-07 16:23:10,2003,Q3,1043400000.0,536500000.0,506900000.0,0.4858156028,0,223800000.0,80900000.0,304700000.0,0.0,304700000.0,841200000.0,0.0,348000.0,69300000.0,223148000.0,0.2138662066,202200000.0,0.1937895342,-56800000.0,145400000.0,0.1393521181,54000000.0,99500000.0,0.0953613188,0.9,0.9,110700000,110700000,https://www.sec.gov/Archives/edgar/data/858339/000104746903036509/a2121927z10-q.htm,https://www.sec.gov/Archives/edgar/data/858339/000104746903036509/a2121927z10-q.htm,9.425474254742548,0.8988256549232159,1.629629620596206,0.8644986269196026,2.908762420957543,15.474254742547425,4.462511291779585,15.474254742547425,32.12599819331527,1527660000.0,4761660000.0,3.838341708542714,1.4641173087981598,8.46818186512296,15.963009737993934,0.8918038528896673,0.8918038528896673,4.563599769982749,21.338573502787387,26.39501123278831,49.75611389249977,0.0651322938350156,0.0626448280376523,2.0758902510216,0.5513178294573643,14.492623729542723,0.944,581.0344827586207,1.8130653165829145,0.0,0.0,0.2144910868315123,0.0,0.1889922480620155,0.4695121977245688,0.0811769216024535,1.2222222222222223,0.0,17.69024550287317,0.0218206162074726,0.0190212196520741,-38.99051490514905,-35000000.0,494000000.0,-4147000000.0,5229000000.0,113500000.0,109500000.0,21500000.0,10.092006900517536,18.117427772600188,3.690587138863001,8.917948717948718,4.967592592592593,24.38636363636364,0.0580852305896088,0.7651309846431799,2003-11-07,,amc,,2025-04-24,2003-09-30,,,
2003-06-30,CZR,USD,1590895,2003-08-07,2003-08-07 16:57:01,2003,Q2,896300000.0,461000000.0,435300000.0,0.4856632824,0,428400000.0,-152300000.0,276100000.0,0.0,276100000.0,737100000.0,0.0,-666000.0,85400000.0,199834000.0,0.222954368,159200000.0,0.1776191007,-53400000.0,105800000.0,0.1180408345,38400000.0,76700000.0,0.0855740266,0.69,0.69,110900000,110900000,https://www.sec.gov/Archives/edgar/data/858339/000104746903026628/a2115958z10-q.htm,https://www.sec.gov/Archives/edgar/data/858339/000104746903026628/a2115958z10-q.htm,8.082055906221822,0.6916140667267808,2.18034265103697,1.1568981064021642,3.255184851217313,14.797114517583408,3.733092876465284,14.797114517583408,32.401568981064024,1530420000.0,4763420000.0,4.98833116036506,1.7074863327011045,6.329280397022333,11.928448947778644,0.9326142595978064,0.9326142595978064,5.314537543233293,23.83688461422981,19.699834574028124,37.12720187061574,0.0501169613570131,0.0838331961160988,2.190127970749543,0.5633228840125392,16.178428095319116,0.9856687898089171,-239.03903903903904,3.152542372881356,0.0,0.0,0.4779649670869129,0.0,0.1923197492163009,0.4693961952026468,0.1266317081334374,1.329039828208897,0.0,15.17440550120084,0.0176318716133255,0.0148845332815835,-38.63841298467087,-9000000.0,414000000.0,-4120000000.0,5450000000.0,114000000.0,109500000.0,37500000.0,11.045408903268996,21.670281995661608,4.099783080260304,8.148181818181818,4.153153153153153,21.952380952380956,0.0467397928092626,1.0234445446348062,2003-08-07,,amc,,2025-04-24,2003-06-30,,,
2003-03-31,CZR,USD,1590895,2003-05-08,2003-05-08 17:14:34,2003,Q1,1058900000.0,552800000.0,506100000.0,0.4779488148,0,12600000.0,303100000.0,315700000.0,0.0,315700000.0,868500000.0,0.0,58874000.0,84800000.0,273574000.0,0.2583567853,190400000.0,0.179809236,-58200000.0,132200000.0,0.1248465389,48800000.0,81100000.0,0.076588913,0.74,0.74,110100000,110100000,https://www.sec.gov/Archives/edgar/data/858339/000104746903017572/a2110255z10-q.htm,https://www.sec.gov/Archives/edgar/data/858339/000104746903017572/a2110255z10-q.htm,9.61762034514078,0.7366030881017257,1.7329700272479565,0.9391462306993642,3.1516802906448684,14.105358764759307,3.215258855585831,14.114441416893731,33.459346049046324,1519380000.0,4797380000.0,4.683662145499384,1.4348663707621117,7.963207547169811,14.694197292069632,0.9777220077220078,0.9777220077220078,4.530531683822835,17.535950053733178,25.14350104821803,46.3963249516441,0.0533770353696902,0.0680540746883597,2.332689832689833,0.5777813197322282,11.98213280501802,0.9933110367892976,3.234025206372932,2.3526510480887795,0.0,0.0,0.011899140617622,0.0,0.1911061523748804,0.4580712788259958,0.0825384833317593,1.0306603773584906,0.0,15.29466166760754,0.0211249010894396,0.0159802955665024,-38.67847411444141,-4000000.0,354000000.0,-4127000000.0,5407000000.0,126000000.0,109000000.0,38000000.0,10.029275663424308,17.583212735166427,8.791606367583213,8.973728813559323,5.118518518518519,10.237037037037036,0.0521879021879021,0.7938237965485921,2003-05-08,,amc,,2025-04-24,2003-03-31,,,
2002-12-31,CZR,USD,1590895,2002-12-31,2002-12-30 19:00:00,2002,Q4,1007700000.0,539200000.0,468500000.0,0.4649201151,0,17700000.0,305400000.0,323100000.0,0.0,323100000.0,862300000.0,0.0,-59600000.0,53000000.0,79800000.0,0.0791902352,145400000.0,0.1442889749,-56600000.0,88800000.0,0.0881214647,32500000.0,53900000.0,0.0534881413,0.48,0.48,111600000,111600000,,,9.029569892473118,0.4829749103942652,1.0439068100358424,0.4856630734767025,3.548387096774193,13.18100358422939,2.57168458781362,13.18100358422939,33.72222222222222,1540080000.0,4967080000.0,7.143228200371058,1.5283119976183388,13.219570815450645,28.414760671859053,1.046961250849762,1.046961250849762,4.929125731864643,62.24411027568922,42.63587982832618,91.64354412626466,0.0349981819126279,0.0351929763388914,2.598912304554725,0.6020472440944882,42.94486215538847,1.0833333333333333,-2.4395973154362416,2.161410018552876,0.0,0.0,0.0175647514141113,0.0,0.1864566929133858,0.5347639484978541,0.0618239555423241,1.1754716981132076,0.0,11.96817093638342,0.0158994325474146,0.0104336043360433,-39.17114695340502,51000000.0,287000000.0,-4216000000.0,5218000000.0,109000000.0,100000000.0,22000000.0,11.967847573682644,18.36053412462908,3.672106824925816,7.520149253731344,4.901818181818181,24.509090909090908,0.0366417403127124,0.5582437275985663,2002-12-30,,amc,,2025-04-24,2002-12-31,,,
2002-09-30,CZR,USD,1590895,2002-09-30,2002-09-29 20:00:00,2002,Q3,1114600000.0,563700000.0,550900000.0,0.4942580298,0,16500000.0,306800000.0,323300000.0,0.0,323300000.0,887000000.0,0.0,-60700000.0,89200000.0,190500000.0,0.1709133321,227700000.0,0.204288534,-62700000.0,165000000.0,0.1480351696,61000000.0,101000000.0,0.0906154674,0.89,0.89,113000000,113000000,,,9.863716814159291,0.8938053097345132,1.6513274336283186,0.9212389380530972,3.353982300884956,13.247787610619469,3.672566371681416,13.247787610619469,31.00265486725664,1559400000.0,4744400000.0,3.8599009900990096,1.3990669298403011,8.356913183279744,14.979827089337176,1.041683366733467,1.041683366733467,4.2565942939171,24.90498687664042,25.42550911039657,45.57540826128722,0.0647685007053995,0.0667564447864563,2.3807615230460923,0.582829108748978,16.719160104986877,0.99,-3.7512355848434926,1.847524752475248,0.0,0.0,0.0148035169567557,0.0,0.1769419460343418,0.4421221864951768,0.0740175847837789,0.92488790274538,0.0,16.3224145102265,0.0258781103498016,0.0200675541426584,-36.85840707964602,-6000000.0,415000000.0,-4024000000.0,5278000000.0,90500000.0,89000000.0,22500000.0,6.782702314731743,14.369345396487494,3.5125066524747206,13.26904761904762,6.263333333333334,25.62272727272727,0.0674682698730795,0.7300884955752213,2002-09-29,,amc,,2025-04-24,2002-09-30,,,
2002-06-30,CZR,USD,1590895,2002-06-30,2002-06-29 20:00:00,2002,Q2,1011900000.0,514900000.0,497000000.0,0.4911552525,0,12800000.0,282500000.0,295300000.0,0.0,295300000.0,810200000.0,0.0,-58500000.0,82100000.0,163600000.0,0.1616760549,201700000.0,0.1993279968,-59300000.0,142400000.0,0.1407253681,53900000.0,86100000.0,0.0850874592,0.75,0.75,115100000,115100000,,,8.791485664639444,0.7480451781059948,1.9600347523892268,0.8357949609035621,3.475238922675934,12.389226759339705,3.0842745438748915,12.380538662033016,31.194613379669853,1588380000.0,4837380000.0,4.6120209059233455,1.5697005632967684,7.040691489361702,16.51122661122661,1.1146526315789471,1.1146526315789471,4.78049214349244,29.56833740831296,21.442287234042556,50.284615384615385,0.0542061723265213,0.0605648522393885,2.5607017543859647,0.591889699918897,19.859413202933982,1.0226904376012966,-3.447863247863248,2.6202090592334493,0.0,0.0,0.0126494712916296,0.0,0.1737226277372262,0.5735815602836879,0.127878248838818,1.5761266747868452,0.0,14.435271060530676,0.0224689520895976,0.0169022379269729,-36.96568201563858,14000000.0,355000000.0,-4108000000.0,5294000000.0,96500000.0,95000000.0,22500000.0,8.627334716869255,15.381627500485532,4.0201980967178095,10.431958762886598,5.851136363636364,22.38695652173913,0.0604210526315789,1.1242397914856646,2002-06-29,,amc,,2025-04-24,2002-06-30,,,
2002-03-31,CZR,USD,1590895,2002-03-31,2002-03-30 19:00:00,2002,Q1,964300000.0,483100000.0,481200000.0,0.4990148294,0,11500000.0,272600000.0,284100000.0,0.0,284100000.0,767200000.0,0.0,-61400000.0,80300000.0,62000000.0,0.0642953438,197100000.0,0.2043969719,-59500000.0,137600000.0,0.1426941823,49100000.0,-6000000.0,-0.00622213,-0.0524,-0.0524,114400000,114400000,,,8.429195804195805,-0.0524475524475524,1.7001748251748252,1.0454545454545454,2.980769230769231,12.351398601398602,3.041958041958042,12.351398601398602,30.783216783216783,1578720000.0,4820720000.0,-65.78,1.6371668567873068,8.11681233933162,13.2,1.1172823779193206,1.1172823779193206,4.999191123094473,77.75354838709677,24.78519280205656,40.30702341137124,-0.0038005472788081,0.0757575757575757,2.535739561217268,0.5980637623101319,52.29032258064516,1.022140221402214,-3.2100977198697067,-32.416666666666664,0.0,0.0,0.0119257492481592,0.0,0.1777666499749624,0.3850899742930591,0.0776729233640983,0.9327521793275216,0.0,,0.0231879517060077,-0.0012180267965895,-36.31118881118881,12000000.0,348000000.0,-4024000000.0,5137000000.0,114500000.0,112000000.0,35500000.0,8.95986726122576,19.002276961291656,4.098530324984475,10.044791666666669,4.736274509803922,21.95909090909091,-0.0042462845010615,0.6547202797202797,2002-03-30,,amc,,2025-04-24,2002-03-31,,,
2001-12-31,CZR,USD,1590895,2001-12-31,2001-12-30 19:00:00,2001,Q4,960600000.0,431300000.0,529300000.0,0.5510097856,0,17900000.0,377300000.0,395200000.0,0.0,395200000.0,826500000.0,0.0,-64700000.0,77700000.0,101500000.0,0.1056631272,134100000.0,0.1396002498,-41200000.0,92900000.0,0.0967103893,33400000.0,55100000.0,0.0573599833,0.49,0.49,111600000,111600000,,,8.60752688172043,0.4937275985663082,1.492831541218638,0.3270609229390681,3.1989247311827955,12.32078853046595,1.9444444444444444,12.311827956989248,33.022401433691755,1540080000.0,4933080000.0,6.987658802177858,1.6032479700187383,9.244177671068428,42.193973758739006,1.1208733624454148,1.1208733624454148,5.135415365396627,48.60177339901478,29.61032412965186,135.15288041514742,0.0357773622149498,0.0237000668796426,2.7292576419213974,0.6118453255017132,33.42857142857143,1.0831858407079646,-2.072642967542504,3.023593521299338,0.0,0.0,0.0186341869664792,0.0,0.188937836514929,0.7809123649459785,0.13543618571726,1.674388674388675,0.0,11.694892395880837,0.0153507620116761,0.0110842888754777,-38.28629032258065,47000000.0,217000000.0,-4142000000.0,5233000000.0,119000000.0,106000000.0,36000000.0,12.460961898813242,25.457917922559705,10.22490146070021,7.222556390977443,3.5352459016393443,8.80204081632653,0.0401018922852983,1.1657706093189966,2001-12-30,,amc,,2025-04-24,2001-12-31,,,
2001-09-30,CZR,USD,1590895,2001-09-30,2001-09-29 20:00:00,2001,Q3,1007800000.0,515200000.0,492600000.0,0.4887874578,0,16300000.0,315700000.0,332000000.0,0.0,332000000.0,847200000.0,0.0,-63700000.0,90900000.0,126600000.0,0.1256201627,160600000.0,0.1593570153,-58600000.0,102000000.0,0.1012105577,37500000.0,61900000.0,0.0614209168,0.54,0.54,115100000,115100000,,,8.755864465682016,0.5377932232841007,2.127715021720243,1.0729800086880974,2.675933970460469,11.390095569070374,3.5447437011294527,11.390095569070374,32.235447437011295,1588380000.0,5054380000.0,6.415105008077545,1.5760865251041871,6.485830977892328,12.861376622359325,1.211578947368421,1.211578947368421,5.015260964477079,39.92401263823065,20.638546429720485,40.92615417753971,0.0389705234263841,0.0777521745426157,2.8787185354691074,0.6311036789297659,27.37756714060032,1.0037383177570094,-2.521193092621664,3.9563812439418418,0.0,0.0,0.0161738440166699,0.0,0.1510033444816053,0.4957125377530116,0.120460408811272,1.3355335533553356,0.0,11.73985156277953,0.0185320953198797,0.0121922395115225,-37.10469157254561,2000000.0,408000000.0,-4132000000.0,4973000000.0,118000000.0,82500000.0,23000000.0,9.3768604881921,15.722049689440995,4.017857142857143,9.598095238095238,5.724444444444444,22.4,0.0472158657513348,1.054735013032146,2001-09-29,,amc,,2025-04-24,2001-09-30,,,
2001-06-30,CZR,USD,1590895,2001-06-30,2001-06-29 20:00:00,2001,Q2,873400000.0,450800000.0,422600000.0,0.4838561942,0,15700000.0,265200000.0,280900000.0,0.0,280900000.0,731700000.0,0.0,-68600000.0,75100000.0,83400000.0,0.095488894,141700000.0,0.1622395237,-62400000.0,79300000.0,0.0907945958,29000000.0,47900000.0,0.0548431417,0.4,0.4,119000000,119000000,,,7.339495798319327,0.4025210084033613,1.1873949579831933,0.407563025210084,2.2436974789915967,12.025210084033612,6.159663865546219,12.025210084033612,25.045378151260504,1642200000.0,4424200000.0,8.57098121085595,1.8802381497595604,11.62208067940552,33.85979381443299,1.1475890985324948,1.1475890985324948,5.065491183879093,53.04796163069545,31.310686482661005,91.22061855670104,0.0291681890147363,0.0295335525514553,2.13067784765898,0.5854454685099847,33.357314148681056,1.0817610062893082,-2.065597667638484,2.9498956158663883,0.0,0.0,0.0179757270437371,0.0,0.1340245775729646,0.6567586694975229,0.1062514311884588,1.2356857523302265,0.0,10.435947154377905,0.0188112867034015,0.010620842572062,-28.573529411764707,39000000.0,733000000.0,-3261000000.0,4341000000.0,129500000.0,77000000.0,22500000.0,13.498969544309595,14.97338065661047,4.591836734693877,6.667175572519084,6.010666666666666,19.6,0.0334730957372466,0.7798319327731091,2001-06-29,,amc,,2025-04-24,2001-06-30,,,
2001-03-31,CZR,USD,1590895,2001-03-31,2001-03-30 19:00:00,2001,Q1,867200000.0,443800000.0,423400000.0,0.4882380074,0,15900000.0,263000000.0,278900000.0,0.0,278900000.0,722700000.0,0.0,-63900000.0,83900000.0,90900000.0,0.1048201107,144500000.0,0.1666282288,-70300000.0,74200000.0,0.0855627306,26800000.0,44100000.0,0.050853321,0.38,0.38,117100000,117100000,,,7.405636208368915,0.376601195559351,1.4671221178479932,0.085397096498719,2.1947053800170795,11.485909479077712,5.482493595217763,11.485909479077712,25.80785653287788,1615980000.0,4444980000.0,9.160884353741496,1.86344557195572,9.40616996507567,161.598,1.2014721189591078,1.2014721189591078,5.125668819188192,48.8996699669967,25.87299185098952,444.498,0.0272899417071993,0.0061881953984579,2.2944237918215613,0.5981779414615236,31.12211221122112,1.0772532188841202,-2.2613458528951487,3.895691609977325,0.0,0.0,0.0183348708487084,0.0,0.1362667183562706,0.9417927823050058,0.1865774907749077,1.928486293206198,0.0,9.865402320377555,0.019556912147654,0.0098967684021543,-29.46199829205807,36000000.0,642000000.0,-3312000000.0,4297000000.0,125000000.0,84000000.0,22500000.0,13.284132841328413,16.02073005858495,4.461469130238847,6.775,5.6177215189873415,20.172727272727272,0.0327881040892193,1.3817250213492742,2001-03-30,,amc,,2025-04-24,2001-03-31,,,
2000-12-31,CZR,USD,1590895,2000-12-31,2000-12-30 19:00:00,2000,Q4,723400000.0,325200000.0,398200000.0,0.5504561792,0,14700000.0,513300000.0,528000000.0,0.0,528000000.0,853200000.0,0.0,-100900000.0,77300000.0,-260400000.0,-0.3599668233,-129800000.0,-0.1794304672,-104700000.0,-234500000.0,-0.3241636716,-75500000.0,-161300000.0,-0.222974841,-1.41,-1.41,114000000,114000000,,,6.34561403508772,-1.4149122807017545,0.6789473684210526,-0.6692982456140351,2.62280701754386,11.140350877192985,5.131578947368421,11.140350877192985,25.8780701754386,1573200000.0,4325200000.0,-2.438313701177929,2.174730439590821,20.32558139534884,-20.618610747051115,1.238740157480315,1.238740157480315,5.978988111694775,-16.60983102918587,55.88113695090439,-56.68676277850589,-0.1025298754131706,-0.0484998728705822,2.402362204724409,0.5905923344947736,-10.568356374807989,0.748395378690629,1.286422200198216,-0.4798512089274644,0.0,0.0,0.0203207077688692,0.0,0.132597754548974,1.9857881136950903,0.2124688968758639,1.9883570504527817,0.0,,-0.0191241594226668,-0.0359964293684445,-30.649122807017545,-196000000.0,585000000.0,-3313000000.0,3985000000.0,115000000.0,80500000.0,26000000.0,15.178324578379872,24.6309963099631,6.365313653136531,5.929508196721312,3.653932584269663,14.139130434782608,-0.127007874015748,1.3482456140350878,2000-12-30,,amc,,2025-04-24,2000-12-31,,,
2000-09-30,CZR,USD,1590895,2000-09-30,2000-09-29 20:00:00,2000,Q3,949900000.0,472300000.0,477600000.0,0.5027897673,0,14500000.0,287000000.0,301500000.0,0.0,301500000.0,773800000.0,0.0,-59300000.0,74400000.0,130800000.0,0.1376987051,176100000.0,0.1853879356,-56400000.0,119700000.0,0.1260132646,43700000.0,72000000.0,0.0757974524,0.61,0.61,117400000,117400000,,,8.09114139693356,0.6132879045996593,1.8236797189097105,1.1771720528109029,2.052810902896082,12.367972742759797,6.652470187393527,12.37649063032368,24.49488926746167,1620120000.0,4314120000.0,5.625416666666666,1.7055690072639225,7.567118204423719,11.723010215072431,1.1150172057811425,1.1150172057811425,4.541657016528055,32.98256880733945,20.150023447688103,31.216498055112144,0.0444411525072216,0.0853023226674567,2.019958706125258,0.559580552907531,20.59633027522936,0.7384843982169391,-2.96964586846543,2.973611138522377,0.0,0.0,0.0152647647120749,0.0,0.1279313632030505,0.354507241263462,0.0799031476997578,1.0201612903225803,0.0,13.068393937733582,0.0235042093356156,0.0157411456055968,-29.44207836456559,-176000000.0,781000000.0,-3296000000.0,3968000000.0,108000000.0,68500000.0,29000000.0,10.2326560690599,13.7200931611264,5.5261486343425785,8.795370370370371,6.559722222222222,16.286206896551725,0.0495526496902959,0.6465076660988074,2000-09-29,,amc,,2025-04-24,2000-09-30,,,
2000-06-30,CZR,USD,1590895,2000-06-30,2000-06-29 20:00:00,2000,Q2,876200000.0,451000000.0,425200000.0,0.4852773339,0,16000000.0,272800000.0,288800000.0,0.0,288800000.0,739800000.0,0.0,-58100000.0,73600000.0,90600000.0,0.10340105,136300000.0,0.1555580918,-56900000.0,79400000.0,0.0906185802,28600000.0,46500000.0,0.0530700753,0.39,0.39,120000000,120000000,,,7.301666666666667,0.3875,1.1241666666666668,0.1649999916666666,1.8916666666666664,11.691666666666666,6.091666666666667,11.691666666666666,23.49083333333333,1656000000.0,4306000000.0,8.903225806451614,1.8899794567450352,12.275759822090436,83.63636786042262,1.180327868852459,1.180327868852459,4.914403104314084,47.52759381898455,31.919940696812453,217.47475845832116,0.0280797101449275,0.0119565211352657,2.050605844618674,0.5668965517241379,29.249448123620308,0.8148148148148148,-2.345955249569708,2.901075268817204,0.0,0.0,0.0182606710796621,0.0,0.1324137931034482,0.8532246108228319,0.1313627025793198,1.563858695652174,0.0,10.096371563586594,0.0187496310481698,0.0105609811492164,-27.9125,-110000000.0,731000000.0,-3188000000.0,4050000000.0,110500000.0,67000000.0,29000000.0,11.093357680894773,12.971175166297115,5.787139689578714,8.112962962962962,6.938461538461539,15.551724137931034,0.033143264433357,0.9591666666666668,2000-06-29,,amc,,2025-04-24,2000-06-30,,,
2000-03-31,CZR,USD,1590895,2000-03-31,2000-03-30 19:00:00,2000,Q1,780300000.0,401600000.0,378700000.0,0.4853261566,2200000,11300000.0,265100000.0,276400000.0,0.0,278600000.0,680200000.0,0.0,-50500000.0,56800000.0,55600000.0,0.0712546456,100100000.0,0.1282839933,-46800000.0,53300000.0,0.0683070614,18600000.0,30700000.0,0.0393438421,0.25,0.25,123300000,123300000,,,6.328467153284672,0.2489862124898621,0.9829683698296836,0.3609083536090835,1.808596918085969,11.873479318734791,6.407137064071371,11.881589618815896,22.469586374695865,1701540000.0,4299540000.0,13.856188925081431,2.180622837370242,14.03910891089109,38.23685393258427,1.1614607508532424,1.1614607508532424,5.510111495578624,77.32985611510792,35.47475247524753,96.6188764044944,0.018042479165932,0.026152779247035,1.925597269624573,0.5552056681755559,46.726618705035975,0.983402489626556,-1.9821782178217824,3.947882736156352,0.0,0.0,0.0144816096373189,0.0028194284249647,0.1326510529423341,0.6328382838283828,0.0982955273612713,1.3503521126760565,0.0,8.158610172377786,0.0139726184997699,0.0069661901520308,-26.721411192214116,-8000000.0,790000000.0,-3143000000.0,4139000000.0,117000000.0,75000000.0,30000000.0,13.03344867358708,15.463147410358566,6.499003984063745,6.905309734513274,5.820289855072463,13.848275862068965,0.0209556313993174,0.6220600162206001,2000-03-30,,amc,,2025-04-24,2000-03-31,,,
1999-12-31,CZR,USD,1590895,1999-12-31,1999-12-30 19:00:00,1999,Q4,747600000.0,369100000.0,378500000.0,0.5062867844,2400000,11100000.0,275800000.0,286900000.0,0.0,289300000.0,658400000.0,0.0,-2100000.0,46300000.0,134100000.0,0.1793739968,89100000.0,0.1191813804,4100000.0,93200000.0,0.1246655966,30700000.0,59200000.0,0.0791867309,0.45,0.45,131500000,131500000,,,5.685171102661597,0.450190114068441,0.7977186311787072,0.158174897338403,1.779467680608365,11.300380228136882,7.460076045627376,11.300380228136882,19.322433460076045,1814700000.0,4123700000.0,7.663429054054054,2.427367576243981,17.299332697807436,87.2451965021729,1.2211978465679678,1.2211978465679678,5.515917602996255,30.75093214019389,39.31077216396568,198.2548172237893,0.032622472033945,0.0114619490824929,1.7113055181695829,0.5334591986574365,17.218493661446683,1.3091397849462365,-42.42857142857143,1.7719594893912076,0.0,0.0,0.0148475120385232,0.0032102728731942,0.105936647786868,0.801715919923737,0.1124933119315142,1.8164146868250544,0.0,10.698817127993086,0.0135951163778581,0.0138901923979352,-22.363117870722437,115000000.0,981000000.0,-2794000000.0,3681000000.0,108000000.0,68000000.0,31500000.0,14.56661316211878,19.750745055540506,7.558927120021674,6.178512396694215,4.55679012345679,11.906451612903226,0.0398384925975773,0.6395437262357415,1999-12-30,,amc,,2025-04-24,1999-12-31,,,
1999-09-30,CZR,USD,1590895,1999-09-30,1999-09-29 20:00:00,1999,Q3,814100000.0,409100000.0,405000000.0,0.4974818818,1900000,12100000.0,235000000.0,247100000.0,0.0,249000000.0,658100000.0,0.0,-31900000.0,61600000.0,149200000.0,0.1832698686,155900000.0,0.1914998157,-32500000.0,123400000.0,0.1515784302,44900000.0,74600000.0,0.0916349343,0.58,0.58,129400000,129400000,,,6.291344667697064,0.5765069551777434,1.0904173106646058,0.4412673879443586,1.4683153013910355,11.931993817619784,7.812982998454405,11.931993817619784,19.212519319938178,1785720000.0,4113720000.0,5.9843163538874,2.193489743274782,12.65570517363572,31.27355516637478,1.1565544041450777,1.1565544041450777,5.053089301068665,27.571849865951744,29.154642097802977,72.04413309982486,0.0417758663172277,0.0319758976771274,1.6308290155440417,0.5297706711550599,15.603217158176944,1.065217391304348,-4.887147335423197,1.8914209115281504,0.0,0.0,0.0148630389387053,0.0023338656184743,0.1121397012413212,0.5953224663359318,0.1031814273430782,1.3636363857733174,0.0,12.440849732329456,0.0226167925501146,0.0176777251184834,-22.6564914992272,24000000.0,1011000000.0,-2817000000.0,3547000000.0,93000000.0,54500000.0,32500000.0,10.50239528313475,12.099731117086286,7.039843559032021,8.569473684210527,7.438181818181818,12.784375,0.0483160621761658,0.6491499227202471,1999-09-29,,amc,,2025-04-24,1999-09-30,,,
1999-06-30,CZR,USD,1590895,1999-06-30,1999-06-29 20:00:00,1999,Q2,751100000.0,386400000.0,364700000.0,0.48555452,1500000,13500000.0,226200000.0,239700000.0,0.0,241200000.0,627600000.0,0.0,-48700000.0,56600000.0,77100000.0,0.1026494475,123500000.0,0.1644255093,-44300000.0,79200000.0,0.1054453468,28700000.0,40500000.0,0.053920916,0.31,0.31,129000000,129000000,,,5.822480620155039,0.313953488372093,0.7782945736434108,0.1046511627906976,1.3643410852713178,11.434108527131784,7.317829457364341,11.434108527131784,19.72325581395349,1780200000.0,4197200000.0,10.988888888888887,2.3701238183996804,17.731075697211157,131.86666666666667,1.206915254237288,1.206915254237288,5.58807082945014,54.43839169909209,41.80478087649402,310.9037037037037,0.0227502527805864,0.0075834175935288,1.7579661016949153,0.5487830687830688,31.34889753566796,1.0994152046783623,-2.5359342915811087,2.479012406889195,0.0,0.0,0.0179736386632938,0.0019970709625882,0.1123809523809523,0.8655378486055777,0.1156969777659432,1.5353356890459364,0.0,8.98721374045692,0.0179664256067404,0.009656652360515,-23.17248062015504,34000000.0,944000000.0,-2874000000.0,3522000000.0,98500000.0,57500000.0,31000000.0,10.904007455731591,12.577639751552796,7.686335403726709,8.253846153846155,7.155555555555556,11.709090909090907,0.027457627118644,0.6736434108527132,1999-06-29,,amc,,2025-04-24,1999-06-30,,,
1999-03-31,CZR,USD,1590895,1999-03-31,1999-03-30 19:00:00,1999,Q1,711700000.0,375400000.0,336300000.0,0.4725305606,800000,8300000.0,214700000.0,223000000.0,0.0,223800000.0,599200000.0,0.0,-50900000.0,53800000.0,61600000.0,0.086553323,112500000.0,0.1580722214,-48700000.0,63800000.0,0.0896445131,24600000.0,34100000.0,0.0479134467,0.27,0.27,126800000,126800000,,,5.6127760252365935,0.2689274447949527,1.133280757097792,0.4589905362776025,1.3170347003154574,11.182965299684543,7.0504731861198735,11.182965299684543,19.95347003154574,1749840000.0,4163840000.0,12.828739002932553,2.458676408599129,12.177035490605428,30.0659793814433,1.2340197461212976,1.2340197461212976,5.850555009133061,67.59480519480519,28.975922059846905,71.54364261168385,0.0194874959996342,0.033260183788232,1.820169252468265,0.5554120938239725,39.188311688311686,1.0389972144846795,-2.2102161100196462,4.214076246334311,0.0,0.0,0.0116622172263594,0.0011240691302515,0.1127609210243167,0.5949895615866388,0.1201348882956301,1.5892193308550189,0.0,8.225973582116751,0.0161199293501146,0.0082706766917293,-23.406940063091483,14000000.0,894000000.0,-2856000000.0,3453000000.0,80500000.0,59500000.0,22000000.0,13.404524378249262,14.62440063931806,6.952583910495472,6.714150943396226,6.154098360655738,12.944827586206896,0.0240479548660084,0.6742902208201893,1999-03-30,,amc,,2025-04-24,1999-03-31,,,
1998-12-31,CZR,USD,1590895,1998-12-31,1998-12-30 19:00:00,1998,Q4,524700000.0,257400000.0,267300000.0,0.5094339623,2400000,13800000.0,202400000.0,216200000.0,0.0,218600000.0,476000000.0,0.0,-35900000.0,44600000.0,32500000.0,0.0619401563,48700000.0,0.0928149419,-22100000.0,26600000.0,0.0506956356,9600000.0,14200000.0,0.0270630837,0.14,0.14,102200000,102200000,,,5.134050880626223,0.1389432485322896,0.5146770939334638,0.1340508610567514,1.5557729941291585,8.326810176125244,4.579256360078278,8.326810176125244,19.23776908023483,1410360000.0,3253360000.0,24.830281690140847,2.6879359634076616,26.81292826640548,102.94600043007306,1.6572972972972977,1.6572972972972977,6.20041928721174,100.1033846153846,61.85095174621581,237.47156751409744,0.0100683513429195,0.0097138305113588,2.3525264394829613,0.6092513694461351,56.70769230769231,1.1974248927038629,-1.3565459610027857,3.7042252816901406,0.0,0.0,0.0263007432818753,0.0045740423098913,0.1165550821667681,0.7395437402955085,0.0741376024394892,0.8721973289730345,0.0,5.102104100771346,0.010194582427244,0.0048914915604547,-21.793052837573384,46000000.0,468000000.0,-2156000000.0,2299000000.0,51000000.0,48500000.0,15500000.0,9.433962264150944,20.27972027972028,5.244755244755245,9.54,4.437931034482759,17.16,0.0166862514688601,0.3806262230919766,1998-12-30,,amc,,2025-04-24,1998-12-31,,,
1998-09-30,CZR,USD,1590895,1998-09-30,1998-09-29 20:00:00,1998,Q3,586200000.0,299800000.0,286400000.0,0.4885704538,2700000,10600000.0,163900000.0,174500000.0,0.0,177200000.0,477000000.0,0.0,-36400000.0,42800000.0,77700000.0,0.1325486182,109200000.0,0.1862845445,-36100000.0,73100000.0,0.1247014671,27100000.0,44200000.0,0.0754008871,0.44,0.44,100900000,100900000,,,5.809712586719524,0.4380574826560951,1.3121902874132805,0.9405351833498512,1.2784935579781962,8.196233894945491,3.022794846382557,8.196233894945491,19.10406342913776,1392420000.0,3227420000.0,7.875678733031675,2.375332650972364,10.516767371601208,14.67249736564805,1.683700120918984,1.683700120918984,5.505663596042306,41.53693693693694,24.376283987915407,34.0086406743941,0.0317432958446445,0.0681547234311486,2.374848851269649,0.6152882205513784,23.616473616473616,0.8082191780821918,-3.0,2.9954751808931035,0.0,0.0,0.0180825656772432,0.0046059365404298,0.1635338345864661,0.2832326283987915,0.0639713408393039,0.8761682242990654,0.0,8.988019009426306,0.023695457332893,0.0165543071161048,-21.73191278493558,-56000000.0,305000000.0,-2129000000.0,2342000000.0,57000000.0,46000000.0,15500000.0,7.215967246673491,11.70780520346898,4.803202134756504,12.472340425531916,7.687179487179487,18.7375,0.0534461910519951,0.3716551040634291,1998-09-29,,amc,,2025-04-24,1998-09-30,,,
1998-06-30,CZR,USD,1590895,1998-06-30,1998-06-29 20:00:00,1998,Q2,478600000.0,258500000.0,220100000.0,0.4598829921,2100000,12300000.0,133900000.0,146200000.0,0.0,148300000.0,406800000.0,0.0,-12500000.0,38500000.0,68400000.0,0.1429168408,71900000.0,0.150229837,-11100000.0,60800000.0,0.1270371918,22000000.0,20400000.0,0.0426243209,0.2,0.2,101700000,101700000,,,4.705998033431662,0.2005899705014749,0.5948869223205506,0.2527040314650934,1.494591937069813,7.689282202556539,2.4680432645034416,7.699115044247788,19.060963618485744,1403460000.0,3202460000.0,17.199264705882353,2.9324279147513583,23.197685950413224,54.60933852140078,1.7924137931034485,1.7924137931034485,6.691307981613038,46.81959064327486,52.93322314049587,124.60933852140076,0.0145355051088025,0.0183118863380502,2.491698595146871,0.6217335882727852,26.30116959064328,1.110236220472441,-5.752,2.965686274509804,0.0,0.0,0.02569995821145,0.0043877977434183,0.1692160611854684,0.5752066115702479,0.0727120768909318,0.903896103896104,0.0,5.894761941019784,0.0159096923133075,0.0078250863060989,-21.103736479842677,28000000.0,251000000.0,-2074000000.0,2419000000.0,55000000.0,46000000.0,13500000.0,12.599247806101127,18.452611218568663,5.222437137330755,7.143283582089552,4.877358490566038,17.233333333333334,0.0260536398467432,0.3421828908554572,1998-06-29,,amc,,2025-04-24,1998-06-30,,,
1998-03-31,CZR,USD,1590895,1998-03-31,1998-03-30 19:00:00,1998,Q1,414400000.0,211400000.0,203000000.0,0.4898648649,1800000,9300000.0,133900000.0,143200000.0,0.0,145000000.0,356400000.0,0.0,-19300000.0,33300000.0,53100000.0,0.1281370656,58100000.0,0.1402027027,-15200000.0,42900000.0,0.103523166,15900000.0,23200000.0,0.055984556,0.23,0.23,101200000,101200000,,,4.094861660079052,0.2292490118577075,0.5177865612648221,0.2292490118577075,1.1462450592885376,7.529644268774703,7.529644268774703,7.529644268774703,9.097826086956522,1396560000.0,2220560000.0,15.049137931034483,3.37007722007722,26.651908396946567,60.19655172413793,1.8327559055118112,1.8327559055118112,5.358494208494209,41.81845574387948,42.37709923664122,95.71379310344828,0.0166122472360657,0.0166122472360657,1.2335958005249343,0.4610102991662579,15.51789077212806,1.0544554455445545,-3.010362694300518,2.2586206896551726,0.0,0.0,0.0224420849420849,0.0043436293436293,0.0,0.5572519083969466,0.0704633204633204,0.8768768768768769,0.0,6.232068592030631,0.0199055163671385,0.011378126532614,-11.094367588932808,11000000.0,762000000.0,-1064000000.0,1490000000.0,43500000.0,42000000.0,12500000.0,9.33880308880309,16.603595080416273,5.10879848628193,9.637209302325582,5.420512820512821,17.616666666666667,0.0304461942257217,0.2885375494071146,1998-03-30,,amc,,2025-04-24,1998-03-31,,,
1997-12-31,CZR,USD,1590895,1997-12-31,1997-12-30 19:00:00,1997,Q4,398000000.0,209700000.0,188300000.0,0.4731155779,0,4900000.0,144100000.0,149000000.0,0.0,149000000.0,358700000.0,0.0,-21200000.0,32700000.0,31400000.0,0.0788944724,39300000.0,0.0987437186,-17700000.0,21600000.0,0.0542713568,7800000.0,12100000.0,0.0304020101,0.12,0.12,101000000,101000000,,,3.940594059405941,0.1198019801980198,0.3574257326732673,-0.0069307029702971,1.1485148514851484,7.287128712871287,6.861386138613861,7.287128712871287,8.95841584158416,1393800000.0,2203800000.0,28.797520661157023,3.5020100502512563,38.60941935206148,-1991.140012657104,1.89375,1.89375,5.537185929648241,70.18471337579618,61.04709310379759,-3148.281216741085,0.0086813029128999,-0.00050222485292,1.2581521739130437,0.4616151545363908,25.796178343949045,1.004739336492891,-1.8537735849056605,2.9834709917355373,0.0,0.0,0.0123115577889447,0.0,0.0214356929212362,1.0193906099554189,0.0924623115577889,1.125382262996942,0.0,4.432017612735324,0.0139879294336118,0.0061640346408558,-11.034653465346535,1000000.0,693000000.0,-1058000000.0,1522000000.0,39500000.0,50000000.0,12500000.0,9.949748743718594,19.313304721030043,5.579399141630901,9.045454545454543,4.66,16.130769230769232,0.0164402173913043,0.3643564356435644,1997-12-30,,amc,,2025-04-24,1997-12-31,,,
1997-09-30,CZR,USD,1590895,1997-09-30,1997-09-29 20:00:00,1997,Q3,438200000.0,215500000.0,222700000.0,0.5082154267,0,6600000.0,148400000.0,155000000.0,0.0,155000000.0,370500000.0,0.0,-19800000.0,31300000.0,97100000.0,0.2215883158,67700000.0,0.1544956641,19800000.0,87500000.0,0.1996805112,32700000.0,52900000.0,0.1207211319,0.52,0.52,100800000,100800000,,,4.347222222222222,0.5248015873015873,0.9642857142857144,0.4871031746031746,0.992063492063492,7.311507936507937,7.311507936507937,7.311507936507937,8.930555555555555,1391040000.0,2211040000.0,6.573913043478261,3.17444089456869,14.311111111111112,28.330753564154787,1.8874355495251016,1.8874355495251016,5.045732542218166,22.770751802265707,22.74732510288066,45.03136456211813,0.0380291005291005,0.0352973314929836,1.2483039348710991,0.4525332021642892,8.444902162718847,0.8478260869565217,-3.419191919191919,1.837429111531191,0.0,0.0,0.0150616157005933,0.0,0.0,0.4948559670781892,0.1097672295755362,1.536741214057508,0.0,9.291638544388668,0.0235161080738451,0.0260206591244466,-11.54513888888889,-35000000.0,737000000.0,-1101000000.0,1468000000.0,36500000.0,54000000.0,11500000.0,7.18849840255591,22.96983758700696,5.0116009280742455,12.52,3.918181818181818,17.958333333333332,0.0717774762550882,0.4771825396825396,1997-09-29,,amc,,2025-04-24,1997-09-30,,,
1997-06-30,CZR,USD,1590895,1997-06-30,1997-06-29 20:00:00,1997,Q2,408900000.0,207500000.0,201400000.0,0.4925409636,0,8100000.0,132100000.0,140200000.0,0.0,140200000.0,347700000.0,0.0,-20300000.0,30400000.0,44000000.0,0.1076057716,61200000.0,0.1496698459,-17200000.0,44000000.0,0.1076057716,16700000.0,17200000.0,0.0420640743,0.17,0.17,101000000,101000000,,,4.048514851485148,0.1702970297029703,0.5,-0.2801980198019802,1.0594059405940597,7.0495049504950495,7.0495049504950495,7.0495049504950495,9.838613861386138,1393800000.0,2300800000.0,20.25872093023256,3.408657373440939,27.6,-49.25088339222615,1.957584269662921,1.957584269662921,5.626803619466863,52.29090909090909,45.56039603960396,-81.30035335689045,0.0123403644712297,-0.0203042043334768,1.4241573033707866,0.4851674641148325,20.613636363636363,0.9903846153846154,-3.0147783251231526,2.936046511627907,0.0,0.0,0.0198092443140132,0.0,0.0,1.5603960396039604,0.1927121545610173,2.5921052631578947,0.0,5.197255955191938,0.020176311467491,0.0082296650717703,-12.247524752475249,-2000000.0,712000000.0,-1172000000.0,1480000000.0,38000000.0,51000000.0,10500000.0,8.363903154805577,22.98795180722892,4.771084337349397,10.760526315789471,3.9150943396226414,18.863636363636363,0.0241573033707865,0.7801980198019802,1997-06-29,,amc,,2025-04-24,1997-06-30,,,
1997-03-31,CZR,USD,1590895,1997-03-31,1997-03-30 19:00:00,1997,Q1,374100000.0,196500000.0,177600000.0,0.4747393745,0,7600000.0,124700000.0,132300000.0,0.0,132300000.0,328800000.0,0.0,-17800000.0,28000000.0,38900000.0,0.1039828923,45300000.0,0.1210906175,-14700000.0,30600000.0,0.0817963111,11600000.0,17100000.0,0.0457097033,0.17,0.17,102200000,102200000,,,3.6604696673189823,0.1673189823874755,0.6976516634050881,0.0538160469667318,1.0078277886497065,6.849315068493151,6.849315068493151,6.849315068493151,9.013698630136986,1410360000.0,2246360000.0,20.61929824561404,3.7700080192461902,19.780645161290323,256.4290909090909,2.0148,2.0148,6.00470462443197,57.74704370179949,31.505750350631136,408.4290909090909,0.0121245639411214,0.0038997135483139,1.3414285714285714,0.4687968047928108,21.49100257069409,0.924170616113744,-2.544943820224719,4.169590643274854,0.0,0.0,0.020315423683507,0.0,0.0,0.9228611500701264,0.1758887997861534,2.35,0.0,5.077938520158374,0.0156961221988795,0.0085371942086869,-11.41389432485323,-16000000.0,700000000.0,-1108000000.0,1414000000.0,39500000.0,56000000.0,10500000.0,9.141940657578187,22.44274809160305,4.580152671755725,9.844736842105265,4.010204081632653,19.65,0.0244285714285714,0.6438356164383562,1997-03-30,,amc,,2025-04-24,1997-03-31,,,
1996-12-31,CZR,USD,1590895,1996-12-31,1996-12-30 19:00:00,1996,Q4,373300000.0,177600000.0,195700000.0,0.524243236,0,11000000.0,179100000.0,190100000.0,0.0,190100000.0,367700000.0,0.0,-18200000.0,25700000.0,-599999.9999999963,-0.0016072864,5600000.0,0.0150013394,-15300000.0,-9700000.0,-0.0259844629,-3300000.0,-4800000.0,-0.0128582909,-0.046,-0.046,104400000,104400000,,,3.5756704980842917,-0.0459770114942528,0.7308429022988506,-0.2528735727969347,1.0153256704980842,6.896551724137931,6.896551724137931,6.896551724137931,8.360153256704981,1440720000.0,2225720000.0,-75.03750000000001,3.859416019287437,18.88230693161608,-54.57272520557862,2.0010000000000003,2.0010000000000003,5.9622823466380925,-3709.533333333357,29.170642584149967,-84.30757256410715,-0.0033316674995835,-0.0183241719418068,1.2375,0.4513677811550152,-1308.3333333333414,0.9853658536585366,-0.3076923076923077,-15.89583312500001,0.0,0.0,0.02946691668899,0.0,0.0,1.3460026388729047,0.2751138494508438,3.996108949416342,0.0,,0.0020886632904605,-0.0024316109422492,-10.648946360153255,-3000000.0,720000000.0,-1052000000.0,1387000000.0,44000000.0,53000000.0,16500000.0,9.88481114385213,31.92567567567568,5.574324324324325,9.104878048780488,2.8190476190476192,16.145454545454545,-0.0066666666666666,0.9837164750957852,1996-12-30,,amc,,2025-04-24,1996-12-31,,,
1996-09-30,CZR,USD,1590895,1996-09-30,1996-09-29 20:00:00,1996,Q3,428700000.0,212400000.0,216300000.0,0.5045486354,0,7700000.0,118700000.0,126400000.0,0.0,126400000.0,338800000.0,0.0,-18200000.0,28000000.0,81000000.0,0.188943317,89900000.0,0.2097037555,-17200000.0,72700000.0,0.1695824586,28800000.0,42400000.0,0.0989036622,0.41,0.41,103300000,103300000,,,4.150048402710552,0.4104549854791868,0.78702807357212,0.1248789932236205,0.8325266214908035,7.250726040658277,7.250726040658277,7.260406582768635,7.606969990319458,1425540000.0,2143540000.0,8.405306603773585,3.3252624212736177,17.534317343173434,110.50697674418603,1.90072,1.90072,5.000093305341731,26.463456790123452,26.36580565805658,166.16589147286822,0.0297431148897961,0.0090492024075087,1.072,0.4189682126107347,8.864197530864198,0.9032258064516128,-4.93956043956044,1.9174528301886795,0.0,0.0,0.0179612782831817,0.0,0.0,0.8413284132841329,0.1595521343596921,2.442857230102044,0.0,8.188502718221693,0.0318955610116425,0.0220948410630536,-10.0459825750242,-21000000.0,749000000.0,-974000000.0,1328000000.0,43500000.0,48500000.0,16500000.0,9.86703988803359,18.220338983050848,9.322033898305085,9.12127659574468,4.93953488372093,9.654545454545454,0.0565333333333333,0.6621490803484995,1996-09-29,,amc,,2025-04-24,1996-09-30,,,
1996-06-30,CZR,USD,1590895,1996-06-30,1996-06-29 20:00:00,1996,Q2,401100000.0,201300000.0,199800000.0,0.4981301421,0,8400000.0,122400000.0,130800000.0,0.0,130800000.0,332100000.0,0.0,-17000000.0,25200000.0,58600000.0,0.1460982299,69000000.0,0.172026926,-16200000.0,52800000.0,0.1316379955,20400000.0,30000000.0,0.0747943156,0.29,0.29,103800000,103800000,,,3.864161849710982,0.2890173410404624,0.4826589499036608,-0.1965318015414258,0.8959537572254336,6.608863198458574,6.608863198458574,6.608863198458574,7.658959537572255,1432440000.0,2151440000.0,11.937,3.5712789827973075,28.59161733715803,-70.21764361678217,2.088104956268221,2.088104956268221,5.363849414111194,36.71399317406144,42.9429150288007,-105.46273992829708,0.0209432855826422,-0.0142414348943062,1.183673469387755,0.4434735117422174,12.26962457337884,0.9320388349514565,-4.0588235294117645,1.6699999666666667,0.0,0.0,0.0209424083769633,0.0,0.0,1.407185656830053,0.1757666417352281,2.797619047619047,0.0,6.555662556192923,0.026055944055944,0.0163844893500819,-9.792870905587668,-14000000.0,686000000.0,-953000000.0,1289000000.0,38500000.0,55500000.0,11000000.0,8.975317875841435,24.14307004470939,4.918032786885246,10.0275,3.727777777777778,18.3,0.0437317784256559,0.6791907514450867,1996-06-29,,amc,,2025-04-24,1996-06-30,,,
1996-03-31,CZR,USD,1590895,1996-03-31,1996-03-30 19:00:00,1996,Q1,382900000.0,189900000.0,193000000.0,0.5040480543,0,7300000.0,113300000.0,120600000.0,0.0,120600000.0,310500000.0,0.0,-16600000.0,23400000.0,59600000.0,0.1556542178,72400000.0,0.1890833116,-16000000.0,56400000.0,0.1472969444,21400000.0,31400000.0,0.0820057456,0.3,0.3,103500000,103500000,,,3.69951690821256,0.3033816425120773,0.7536231884057971,0.0492753623188405,0.8309178743961353,6.222222222222222,6.222222222222222,6.231884057971015,7.095652173913043,1428300000.0,2093300000.0,11.371815286624203,3.7302167667798383,18.31153846153846,280.05882352941177,2.2144186046511627,2.2144186046511627,5.466962653434317,35.12248322147651,26.837179487179487,410.4509803921569,0.0219841769936287,0.0035706784289014,1.164341085271318,0.4341040462427745,11.157718120805368,0.7982062780269058,-4.36144578313253,2.484076433121019,0.0,0.0,0.0190650300339514,0.0,0.0,0.9346153846153846,0.1903891355445286,3.1153846153846154,0.0,6.522222204331259,0.0298135885960082,0.018150289017341,-9.340579710144928,-45000000.0,644000000.0,-908000000.0,1211000000.0,37500000.0,54000000.0,11500000.0,8.696787673021678,27.01421800947867,5.213270142180095,10.348648648648648,3.331578947368421,17.263636363636362,0.0486821705426356,0.7043478260869566,1996-03-30,,amc,,2025-04-24,1996-03-31,,,
1995-12-31,CZR,USD,1590895,1995-12-31,1995-12-30 19:00:00,1995,Q4,407200000.0,190500000.0,216700000.0,0.5321709234,0,9300000.0,237400000.0,246700000.0,0.0,246700000.0,437200000.0,0.0,-22300000.0,27300000.0,-49299999.99999999,-0.1210707269,-30000000.0,-0.0736738703,-21600000.0,-51600000.0,-0.126719057,-17800000.0,-36500000.0,-0.0896365422,-0.35,-0.35,103200000,103200000,,,3.945736434108527,-0.3536821705426357,0.1317829360465116,-0.3856589244186044,0.9302325581395348,5.678294573643411,5.678294573643411,5.678294573643411,7.109496124031008,1424160000.0,2084160000.0,-9.754520547945203,3.4974459724950884,104.7176547586511,-35.78291367379616,2.430307167235495,2.430307167235495,5.118271119842829,-42.27505070993916,153.24707009169634,-52.36582783000435,-0.0256291427929446,-0.0279462988709133,1.2901023890784984,0.4618204031765424,-13.387423935091284,0.9356435643564356,1.345291479820628,-0.3726027123287671,0.0,0.0,0.0228388998035363,0.0,0.0,3.9264708769463854,0.1311394891944989,1.956043956043955,0.0,,-0.0136941900980471,-0.0222968845448992,-8.919573643410853,-13000000.0,586000000.0,-862000000.0,1192000000.0,44000000.0,43500000.0,12000000.0,8.398821218074657,24.09448818897638,5.669291338582678,10.715789473684213,3.735294117647059,15.875,-0.0622866894197952,0.5174418604651161,1995-12-30,,amc,,2025-04-24,1995-12-31,,,
1995-09-30,CZR,USD,1590895,1995-09-30,1995-09-29 20:00:00,1995,Q3,425800000.0,200300000.0,225500000.0,0.5295913574,0,6900000.0,114900000.0,121800000.0,0.0,121800000.0,322100000.0,0.0,-26500000.0,23200000.0,82900000.0,0.1946923438,103800000.0,0.2437764209,-14000000.0,89800000.0,0.2108971348,34900000.0,51300000.0,0.1204790982,0.5,0.5,103400000,103400000,,,4.117988394584139,0.4961315280464217,1.3849129593810443,0.7079303578336557,0.7059961315280464,5.899419729206963,5.899419729206963,5.889748549323017,6.513539651837524,1426920000.0,2053920000.0,6.953801169590643,3.3511507750117424,9.964525139664804,19.493442889254684,2.343054187192118,2.343054187192118,4.823673085955848,24.775874547647767,14.343016759776535,28.05901677676253,0.0359515600033638,0.0512993012922938,1.1494252873563218,0.4326328800988875,7.563329312424608,0.8194444444444444,-3.916981132075472,2.7914230019493176,0.0,0.0,0.0162047909816815,0.0,0.0,0.4888268156424582,0.1643964302489432,3.017241509363859,0.0,8.108453848956566,0.0452632097321993,0.0317058096415327,-8.621856866537717,-39000000.0,610000000.0,-831000000.0,1145000000.0,42500000.0,37500000.0,12000000.0,10.568341944574918,16.17573639540689,5.391912131802297,8.516,5.563888888888889,16.691666666666666,0.0842364532019704,0.676982591876209,1995-09-29,,amc,,2025-04-24,1995-09-30,,,
1995-06-30,CZR,USD,1590895,1995-06-30,1995-06-29 20:00:00,1995,Q2,389300000.0,182900000.0,206400000.0,0.5301823786,0,8800000.0,113900000.0,122700000.0,0.0,122700000.0,305600000.0,0.0,-23600000.0,22600000.0,63200000.0,0.1623426663,83800000.0,0.2152581557,-22800000.0,61000000.0,0.1566914976,23200000.0,41000000.0,0.1053172361,0.4,0.4,103200000,103200000,,,3.772286821705426,0.3972868217054263,0.5164728682170543,0.1656976744186046,0.7073643410852714,5.397286821705427,5.397286821705427,5.397286821705427,6.864341085271318,1424160000.0,2083160000.0,8.683902439024392,3.65825841253532,26.71969981238274,83.28421052631579,2.5568402154398564,2.5568402154398564,5.351040328795274,32.96139240506329,39.08367729831144,121.82222222222222,0.0287889001235816,0.0120070778564206,1.3141831238779174,0.4627054361567635,10.427215189873415,0.8078817733990148,-3.5508474576271185,1.300000031707318,0.0,0.0,0.022604675057796,0.0,0.0,0.6791744840525327,0.0929874133059337,1.6017699823792024,0.0,6.945940963082572,0.0376566530748106,0.0259165613147914,-8.912306201550388,-39000000.0,557000000.0,-861000000.0,1097000000.0,38000000.0,48000000.0,11500000.0,8.091446185461082,19.190814652815742,5.90486604702023,11.122857142857145,4.68974358974359,15.241666666666667,0.0736086175942549,0.3507751937984495,1995-06-29,,amc,,2025-04-24,1995-06-30,,,
1995-03-31,CZR,USD,1590895,1995-03-31,1995-03-30 19:00:00,1995,Q1,356500000.0,171100000.0,185400000.0,0.520056101,0,5400000.0,107600000.0,113000000.0,0.0,113000000.0,284100000.0,0.0,-22100000.0,22300000.0,43700000.0,0.1225806452,72400000.0,0.203085554,-20000000.0,52400000.0,0.1469845722,20400000.0,23100000.0,0.0647966339,0.22,0.22,103100000,103100000,,,3.457807953443259,0.2240543161978661,0.034917555771096,-0.2230843840931134,0.6886517943743938,6.333656644034917,6.333656644034917,6.333656644034917,7.147429679922405,1422780000.0,2110780000.0,15.398051948051949,3.990967741935484,395.2166666666667,-61.86,2.1788361408882087,2.1788361408882087,5.920841514726508,48.301601830663614,586.3277777777778,-91.77304347826087,0.0162358200143381,-0.0161655350792111,1.1623277182235834,0.4354561101549053,15.743707093821511,0.7217391304347827,-3.276018099547511,0.1558441558441558,0.0,0.0,0.0151472650771388,0.0,0.0,7.388888888888889,0.0746143057503506,1.1928251121076232,0.0,5.650607926520348,0.0292225647442268,0.0132530120481927,-9.53200775945684,-64000000.0,653000000.0,-924000000.0,1067000000.0,37000000.0,56000000.0,11000000.0,10.350631136044882,29.982466393921683,5.786090005844535,8.695121951219512,3.001754385964912,15.554545454545456,0.035375191424196,0.2580019398642095,1995-03-30,,amc,,2025-04-24,1995-03-31,,,
1994-12-31,CZR,USD,1590895,1994-12-31,1994-12-30 19:00:00,1994,Q4,343600000.0,157300000.0,186300000.0,0.5422002328,0,9800000.0,107100000.0,116900000.0,0.0,116900000.0,274200000.0,0.0,-22200000.0,21300000.0,-17200000.000000004,-0.0500582072,69400000.0,0.2019790454,-87800000.0,-18400000.0,-0.0535506403,9700000.0,-26000000.0,-0.075669383,-0.25,-0.25,102700000,102700000,,,3.3456669912366115,-0.2531645569620253,0.486854917234664,0.0321324245374878,0.8276533592989289,6.066212268743914,6.066212268743914,6.066212268743914,6.882181110029212,1417260000.0,2061260000.0,-13.6275,4.124738067520372,28.3452,429.4727272727273,2.2748956661316213,2.2748956661316213,5.999010477299185,-119.84069767441858,41.2252,624.6242424242424,-0.0183452577508714,0.0023284365606875,1.1701444622792938,0.4194476409666283,-37.44186046511627,0.5830508474576271,-3.126126126126126,-1.9230769230769231,0.0,0.0,0.0285215366705471,0.0,0.0,0.9339999999999998,0.1359138533178114,2.192488365844524,0.0,,0.0734482810569767,-0.0149597238204833,-9.734664070107108,-123000000.0,623000000.0,-943000000.0,1007000000.0,39500000.0,54000000.0,11500000.0,8.643771827706635,31.46853146853147,6.293706293706294,10.412121212121212,2.86,14.3,-0.0417335473515248,0.4547224926971762,1994-12-30,,amc,,2025-04-24,1994-12-31,,,
1994-09-30,CZR,USD,1590895,1994-09-30,1994-09-29 20:00:00,1994,Q3,366800000.0,169900000.0,196900000.0,0.5368047983,0,7800000.0,113300000.0,121100000.0,0.0,121100000.0,291000000.0,0.0,-18600000.0,24200000.0,74400000.0,0.2028353326,75900000.0,0.2069247546,-19000000.0,56900000.0,0.1551254089,24600000.0,44200000.0,0.1205016358,0.43,0.43,102800000,102800000,,,3.568093385214008,0.4299610894941634,0.7208171206225681,0.098249027237354,0.603112840466926,6.293774319066148,6.293774319066148,6.293774319066148,8.145914396887159,1418640000.0,2212640000.0,8.023981900452489,3.8676117775354415,19.144939271255065,140.45940594059405,2.192642967542504,2.192642967542504,6.032279171210469,29.73978494623656,29.860188933873143,219.07326732673263,0.0311566006879828,0.0071194947273444,1.3230293663060275,0.4474647151071615,10.672043010752688,0.7347826086956522,-4.080645161290323,1.6764705882352942,0.0,0.0,0.0212649945474372,0.0,0.0,0.863697705802969,0.1744820065430752,2.644628208455711,0.0,7.802996630991296,0.0256004686584651,0.0231050705697856,-11.318093385214008,-61000000.0,647000000.0,-1097000000.0,1381000000.0,45000000.0,58500000.0,12500000.0,11.28680479825518,28.07533843437316,6.356680400235433,7.973913043478261,3.20566037735849,14.158333333333331,0.0683153013910355,0.622568093385214,1994-09-29,,amc,,2025-04-24,1994-09-30,,,
1994-06-30,CZR,USD,1590895,1994-06-30,1994-06-29 20:00:00,1994,Q2,338800000.0,147700000.0,191100000.0,0.5640495868,0,6400000.0,107500000.0,113900000.0,0.0,113900000.0,261600000.0,0.0,-19500000.0,21400000.0,46400000.0,0.1369539551,77200000.0,0.227863046,-39700000.0,37500000.0,0.1106847698,24100000.0,20400000.0,0.0602125148,0.2,0.2,102800000,102800000,,,3.2957198443579765,0.1984435797665369,0.4007782101167315,-0.2470817120622568,0.5642023346303502,5.963035019455253,5.963035019455253,5.963035019455253,8.351167315175097,1418640000.0,2238640000.0,17.38529411764706,4.187249114521842,34.43300970873786,-55.851968503937,2.314257748776509,2.314257748776509,6.607556080283353,48.24655172413793,54.33592233009709,-88.13543307086611,0.0143799695482997,-0.0179044718885693,1.432300163132137,0.4647961884595024,17.67241379310345,0.7314814814814815,-3.958974358974359,2.019607843137255,0.0,0.0,0.0188902007083825,0.0,0.0,1.6165048543689322,0.1965761511216057,3.112149532710281,0.0,5.159925905428608,0.0164890217174735,0.0107993647432503,-11.464007782101168,-58000000.0,613000000.0,-1118000000.0,1351000000.0,44500000.0,60500000.0,13000000.0,11.688311688311687,38.99796885578876,7.921462423832093,7.7,2.3078125,11.361538461538462,0.033278955954323,0.6478599221789884,1994-06-29,,amc,,2025-04-24,1994-06-30,,,
1994-03-31,CZR,USD,1590895,1994-03-31,1994-03-30 19:00:00,1994,Q1,290200000.0,139000000.0,151200000.0,0.5210199862,0,4900000.0,84300000.0,89200000.0,0.0,89200000.0,228200000.0,0.0,-18000000.0,19700000.0,39000000.0,0.1343900758,62000000.0,0.2136457615,-18200000.0,43800000.0,0.1509303928,17000000.0,20300000.0,0.0699517574,0.2,0.2,102900000,102900000,,,2.8202137998056367,0.1972789115646258,0.6025267249757046,0.1963070942662779,0.5344995140913509,5.519922254616132,5.519922254616132,5.519922254616132,8.14382896015549,1420020000.0,2221020000.0,17.48793103448276,4.893246037215714,22.903548387096773,70.2980198019802,2.5000352112676056,2.5000352112676056,7.65341144038594,56.949230769230766,35.82290322580645,109.95148514851483,0.0142955733017844,0.0142251517584259,1.5070422535211268,0.468527640941434,20.53846153846154,0.6977777777777778,-3.4444444444444446,3.0541871921182264,0.0,0.0,0.0168849069607167,0.0,0.0,0.6741935483870968,0.144038594073053,2.1218274111675126,0.0,4.949918759133385,0.0236804451057183,0.0111111111111111,-11.30952380952381,-68000000.0,568000000.0,-1102000000.0,1294000000.0,38500000.0,36000000.0,12500000.0,13.955892487939352,36.906474820143885,8.417266187050359,6.448888888888889,2.43859649122807,10.692307692307692,0.0357394366197183,0.4062196307094266,1994-03-30,,amc,,2025-04-24,1994-03-31,,,
1993-12-31,CZR,USD,1590895,1993-12-31,1993-12-30 19:00:00,1993,Q4,319700000.0,142200000.0,177500000.0,0.5552080075,0,7500000.0,103600000.0,111100000.0,0.0,111100000.0,253300000.0,0.0,-24900000.0,-2899999.999999992,8900000.0,0.0278385987,66400000.0,0.2076947138,-27200000.0,39200000.0,0.1226149515,16700000.0,20000000.0,0.0625586487,0.19,0.19,103300000,103300000,,,3.09486931268151,0.1936108422071636,0.2090996999031945,-0.7483059148112294,0.5614714424007744,5.188770571151984,5.188770571151984,5.188770571151984,6.206195546950629,1425540000.0,2033540000.0,17.81925,4.458992805755396,65.99722527764932,-18.441655647585307,2.659589552238806,2.659589552238806,6.360775727244292,228.4876404494382,94.14537472895252,-26.307114795509516,0.0140297711744321,-0.0542250662906688,1.242537313432836,0.4358638743455497,68.31460674157303,0.7446808510638298,-2.6666666666666665,1.07999995,0.0,0.0,0.0234594932749452,0.0,0.0,4.5787039156807365,0.3093525179856115,-34.10344827586217,0.0,4.754319131774898,0.0284419738044471,0.013089005235602,-8.751210067763795,-48000000.0,536000000.0,-852000000.0,954000000.0,38000000.0,27000000.0,12000000.0,9.00844541757898,9.49367088607595,7.594936708860759,9.990625,9.48,11.85,0.0373134328358208,0.957405614714424,1993-12-30,,amc,,2025-04-24,1993-12-31,,,
1993-09-30,CZR,USD,1590895,1993-09-30,1993-09-29 20:00:00,1993,Q3,346700000.0,143800000.0,202900000.0,0.5852321892,0,5500000.0,104200000.0,109700000.0,0.0,109700000.0,253500000.0,0.0,-25400000.0,24500000.0,63500000.0,0.1831554658,93200000.0,0.2688203057,-23000000.0,70200000.0,0.2024805307,31500000.0,32900000.0,0.0948947217,0.32,0.32,102600000,102600000,,,3.379142300194932,0.3206627680311891,0.7056530116959064,0.2309941423001949,0.3703703703703703,4.922027290448343,4.922027290448343,4.922027290448343,7.384015594541911,1415880000.0,2160880000.0,10.758966565349544,4.0838765503316985,19.556353861275607,59.74177467264872,2.803722772277228,2.803722772277228,6.232708393423709,34.029606299212595,29.846409252022227,91.17637515512132,0.0232364324660281,0.0167387059637822,1.5504950495049503,0.4836318715256331,11.73228346456693,0.6596858638743456,-3.6692913385826778,2.200607872340425,0.0,0.0,0.0158638592443034,0.0,0.0,0.67265194299243,0.1404672627631958,1.9877551831736808,0.0,5.959194168996755,0.0359800330388565,0.0203211859172328,-10.107212475633528,-65000000.0,505000000.0,-988000000.0,1177000000.0,44500000.0,40000000.0,11500000.0,11.421978655898473,24.408901251738527,7.510431154381085,7.879545454545455,3.687179487179487,11.983333333333333,0.0651485148514851,0.4746588693957114,1993-09-29,,amc,,2025-04-24,1993-09-30,,,
1993-06-30,CZR,USD,1590895,1993-06-30,1993-06-29 20:00:00,1993,Q2,316200000.0,142200000.0,174000000.0,0.55028463,0,7500000.0,98800000.0,106300000.0,0.0,106300000.0,248500000.0,0.0,-28400000.0,25300000.0,35900000.0,0.1135357369,67800000.0,0.2144212524,-28000000.0,39800000.0,0.1258697027,16500000.0,22500000.0,0.0711574953,0.22,0.22,102300000,102300000,,,3.090909090909091,0.219941348973607,0.5982404692082112,0.2023460312805474,0.469208211143695,4.58455522971652,4.58455522971652,4.58455522971652,8.109481915933529,1411740000.0,2221740000.0,15.686000000000002,4.464705882352941,23.06764705882353,68.20000329468616,3.010106609808102,3.010106609808102,7.0263757115749526,61.88690807799443,36.30294117647059,107.3304399676541,0.0159377789111309,0.0146627558898947,1.8294243070362477,0.5225334957369062,22.56267409470752,0.6462264150943396,-2.387323943661972,2.72,0.0,0.0,0.0237191650853889,0.0,0.0,0.661764705882353,0.1280834914611006,1.6007905138339924,0.0,4.763139551548617,0.0277566152440524,0.0137028014616321,-10.613391984359726,-75000000.0,469000000.0,-1036000000.0,1206000000.0,49000000.0,41000000.0,11000000.0,12.808349146110055,25.949367088607595,6.962025316455696,7.026666666666666,3.468292682926829,12.927272727272728,0.0479744136460554,0.3958944281524927,1993-06-29,,amc,,2025-04-24,1993-06-30,,,
1993-03-31,CZR,USD,1590895,1993-03-31,1993-03-30 19:00:00,1993,Q1,269200000.0,124600000.0,144600000.0,0.5371471025,0,6700000.0,89500000.0,96200000.0,0.0,96200000.0,220800000.0,0.0,-27900000.0,23300000.0,15000000.0,0.0557206538,48400000.0,0.1797919762,-27800000.0,20600000.0,0.0765230312,8600000.0,11000000.0,0.0408618128,0.11,0.11,102100000,102100000,,,2.636630754162585,0.1077375122428991,0.4211557296767874,0.118511263467189,0.4407443682664055,4.319294809010774,4.319294809010774,4.329089128305583,8.316356513222331,1408980000.0,2240980000.0,32.02227272727273,5.233952451708767,32.76697674418605,116.44462809917356,3.187737556561086,3.187737556561086,8.324591381872214,149.39866666666666,52.11581395348837,185.2049586776859,0.0078070661045579,0.0085877727150136,1.984162895927602,0.544044665012407,55.46666666666667,0.8670886075949367,-1.7347670250896057,3.909090909090909,0.0,0.0,0.0248885586924219,0.0,0.0,0.7186046511627907,0.1147845468053491,1.3261802575107295,0.0,3.2394627782445724,0.0193907666831372,0.0068238213399503,-10.58521057786484,-21000000.0,441000000.0,-1034000000.0,1239000000.0,53000000.0,46000000.0,11000000.0,17.71916790490342,29.61476725521669,7.9454253611556975,5.079245283018868,3.0390243902439025,11.327272727272728,0.0248868778280542,0.3026444662095984,1993-03-30,,amc,,2025-04-24,1993-03-31,,,
1992-12-31,CZR,USD,1590895,1992-12-31,1992-12-30 19:00:00,1992,Q4,258500000.0,121400000.0,137100000.0,0.5303675048,0,7500000.0,93100000.0,100600000.0,0.0,100600000.0,222000000.0,0.0,-28200000.0,-5900000.000000006,-26500000.000000007,-0.1025145068,36500000.0,0.1411992263,-30700000.0,5800000.0,0.0224371373,2500000.0,5100000.0,0.019729207,0.0504,0.0504,101200000,101200000,,,2.5543478260869565,0.050395256916996,-0.2677865612648222,-0.2687747035573123,0.4347826086956521,4.229249011857707,4.229249011857707,4.229249011857707,8.42687747035573,1396560000.0,2233560000.0,68.45882352941177,5.402553191489361,-51.53357933579334,-51.344117647058816,3.262990654205608,3.262990654205608,8.64046421663443,-84.2852830188679,-82.41918819188189,-82.11617647058823,0.0036518302113765,-0.0194764277940081,2.058411214953271,0.5516593613024421,-31.58490566037735,0.8726114649681529,-1.2943262411347518,-5.313725490196081,0.0,0.0,0.0290135396518375,0.0,0.0,-0.0036900369003687,0.0003868471953578,-0.0169491525423719,0.0,2.189866899303864,0.0144216954022988,0.0031934877896055,-10.669466403162057,-20000000.0,428000000.0,-1032000000.0,1228000000.0,50500000.0,47000000.0,10500000.0,18.452611218568663,37.80889621087314,8.15485996705107,4.877358490566038,2.380392156862745,11.036363636363635,0.0119158878504672,0.00098814229249,1992-12-30,,amc,,2025-04-24,1992-12-31,,,
1992-09-30,CZR,USD,1590895,1992-09-30,1992-09-29 20:00:00,1992,Q3,315800000.0,141000000.0,174800000.0,0.5535148828,0,6100000.0,91800000.0,97900000.0,0.0,97900000.0,238900000.0,0.0,-29500000.0,22700000.0,40700000.0,0.1288790374,76900000.0,0.2435085497,-29400000.0,47500000.0,0.1504116529,19500000.0,28000000.0,0.0886637112,0.28,0.28,101300000,101300000,,,3.117472852912142,0.2764067127344521,0.6515301085883515,0.4491609081934847,0.6120434353405726,4.215202369200395,3.692003948667325,4.215202369200395,8.484698914116485,1397940000.0,2224940000.0,12.481607142857143,4.4266624445851805,21.18090909090909,30.723956043956044,3.273864168618267,3.273864168618267,7.045408486383788,54.66683046683047,33.71121212121212,48.89978021978022,0.0200294719372791,0.0325478918980786,2.081967213114754,0.5594713656387665,20.31941031941032,0.6175115207373272,-2.606779661016949,2.357142857142857,0.0,0.0,0.01931602279924,0.0,0.0333543108873505,0.3106060606060606,0.064914502849905,0.9030837004405288,0.0,5.120056658238852,0.0330397422126745,0.0182291666666666,-10.454096742349456,-83000000.0,374000000.0,-1028000000.0,1214000000.0,49000000.0,49500000.0,10500000.0,13.679544015199491,27.44680851063829,6.382978723404255,6.579166666666667,3.2790697674418605,14.1,0.0655737704918032,0.2023692003948667,1992-09-29,,amc,,2025-04-24,1992-09-30,,,
1992-06-30,CZR,USD,1590895,1992-06-30,1992-06-29 20:00:00,1992,Q2,281200000.0,131300000.0,149900000.0,0.5330725462,0,7600000.0,86300000.0,93900000.0,0.0,93900000.0,225200000.0,0.0,-30700000.0,24500000.0,18500000.0,0.0657894737,55900000.0,0.1987908962,-30400000.0,25500000.0,0.0906827881,10800000.0,13900000.0,0.04943101,0.14,0.14,101100000,101100000,,,2.781404549950544,0.1374876360039564,0.5618199802176064,0.1107814045499505,0.4451038575667655,3.9366963402571713,3.41246290801187,3.9366963402571713,8.697329376854599,1395180000.0,2260180000.0,25.0931654676259,4.961522048364154,24.563028169014085,124.56964285714284,3.5054773869346736,3.5054773869346736,8.037624466571835,122.17189189189187,39.79190140845071,201.80178571428573,0.0099628721741997,0.0080276380108659,2.28643216080402,0.5792488860598345,46.75675675675676,0.5529953917050692,-1.8208469055374592,4.086331229232463,0.0,0.0,0.027027027027027,0.0,0.0337364735837046,0.8028169014084507,0.1621621621621621,1.8612244897959185,0.0,3.489707602861044,0.0237996350682074,0.0091567852437417,-10.73194856577646,-97000000.0,345000000.0,-1053000000.0,1197000000.0,46500000.0,52500000.0,11000000.0,16.002844950213372,38.38537699923838,7.53998476770754,5.624,2.344642857142857,11.936363636363636,0.0349246231155778,0.4510385756676557,1992-06-29,,amc,,2025-04-24,1992-06-30,,,
1992-03-31,CZR,USD,1590895,1992-03-31,1992-03-30 19:00:00,1992,Q1,257700000.0,124400000.0,133300000.0,0.5172681412,0,7200000.0,86300000.0,93500000.0,0.0,93500000.0,217900000.0,0.0,-29900000.0,22500000.0,2100000.0,0.0081490105,39800000.0,0.154443151,-30300000.0,9500000.0,0.0368645712,4000000.0,5500000.0,0.0213426465,0.0545,0.0545,100900000,100900000,,,2.554013875123885,0.0545094152626362,0.1298315163528245,-0.1337958374628345,0.3171456888007928,3.7958374628344895,3.260654112983151,3.7958374628344895,8.643211100099109,1392420000.0,2262420000.0,63.291818181818186,5.40325960419092,106.29160305343513,-103.14222222222222,3.63556135770235,3.63556135770235,8.779278230500582,1077.3428571428572,172.70381679389314,-167.58666666666667,0.0039499576277272,-0.0096953505407851,2.3550913838120104,0.5899280575539568,414.2857142857143,0.4394618834080717,-1.331103678929766,2.381818181818182,0.0,0.0,0.0279394644935972,0.0,0.0353172007848266,2.030534351145038,0.103220799379123,1.1822222222222225,0.0,2.157649140140753,0.0176432658982832,0.003728813559322,-10.666501486620415,-125000000.0,329000000.0,-1048000000.0,1142000000.0,45000000.0,51000000.0,11000000.0,15.017462165308498,35.45016077170418,7.958199356913183,5.993023255813953,2.538775510204081,11.309090909090909,0.0143603133159268,0.263627353815659,1992-03-30,,amc,,2025-04-24,1992-03-31,,,
1992-01-03,CZR,USD,1590895,1992-01-03,1992-01-02 19:00:00,1991,Q4,251200000.0,120700000.0,130500000.0,0.5195063694,0,10900000.0,84200000.0,95100000.0,0.0,95100000.0,215800000.0,0.0,-36100000.0,22700000.0,-13400000.000000011,-0.053343949,35500000.0,0.1413216561,600000.0,36100000.0,0.1437101911,800000.0,-800000.0,-0.0031847134,-0.0081,-0.0081,98600000,98600000,,,2.5476673427991887,-0.0081135902636916,0.3052738235294118,-0.1460446348884381,0.3549695740365111,3.8032454361054766,3.255578093306288,3.8032454361054766,8.629817444219068,1360680000.0,2212680000.0,-425.2125,5.41671974522293,45.20531711645572,-94.49166010474585,3.62848,3.62848,8.80843949044586,-165.1253731343282,73.51096589737428,-153.65832266261648,-0.0005879413234559,-0.0105829445571331,2.365333333333333,0.582403151674327,-63.58208955223875,0.4618834080717489,-0.9833795013850416,-37.62499875,0.0,0.0,0.0433917197452229,0.0,0.0354563361785948,1.4784053647310753,0.1771496815286624,1.9603525092666303,0.0,,0.0267025356914553,-0.0005445881552076,-10.87474645030426,-120000000.0,321000000.0,-1045000000.0,1139000000.0,46000000.0,51000000.0,10500000.0,16.839171974522294,39.51946975973488,8.202154101077051,5.3446808510638295,2.2773584905660376,10.972727272727273,-0.0021333333333333,0.4513184584178499,1992-01-02,,amc,,2025-04-24,1992-01-03,,,
1991-09-27,CZR,USD,1590895,1991-09-27,1991-09-26 20:00:00,1991,Q3,291200000.0,133200000.0,158000000.0,0.5425824176,0,5900000.0,88600000.0,94500000.0,0.0,94500000.0,227700000.0,0.0,-30700000.0,23100000.0,31700000.0,0.1088598901,63500000.0,0.2180631868,-24200000.0,39300000.0,0.1349587912,16100000.0,23200000.0,0.0796703297,0.23,0.23,100400000,100400000,,,2.900398406374502,0.2310756972111553,0.2898406374501992,0.1354581673306772,0.5378486055776892,3.7749003984063743,3.2270916334661357,3.7749003984063743,8.130478087649402,1385520000.0,2178520000.0,14.930172413793104,4.757967032967033,47.61237113402062,101.87647058823528,3.655725593667546,3.655725593667546,7.481181318681319,68.72302839116719,74.86323024054983,160.18529411764706,0.0167446157399387,0.0098158092268606,2.2348284960422165,0.572684246112238,25.01577287066246,0.5580357142857143,-2.0684039087947883,1.2543103448275863,0.0,0.0,0.020260989010989,0.0,0.0371872887085868,0.5326460481099656,0.0532280219780219,0.670995670995671,0.0,4.4301776694563255,0.02986932676419,0.0162921348314606,-10.032370517928287,-99000000.0,324000000.0,-975000000.0,1092000000.0,47500000.0,50500000.0,10500000.0,13.907967032967033,33.108108108108105,6.756756756756757,6.471111111111111,2.718367346938776,13.32,0.0612137203166226,0.1543824701195219,1991-09-26,,amc,,2025-04-24,1991-09-27,,,
1991-06-28,CZR,USD,1590895,1991-06-28,1991-06-27 20:00:00,1991,Q2,262300000.0,128800000.0,133500000.0,0.508959207,0,5400000.0,79300000.0,84700000.0,0.0,84700000.0,213500000.0,0.0,-33300000.0,21200000.0,4500000.0,0.0171559283,48900000.0,0.1864277545,-32300000.0,16600000.0,0.0632863134,6800000.0,9800000.0,0.0373617995,0.12,0.12,84300000,84300000,,,3.111506524317912,0.1162514827995255,0.4756820877817319,0.1435349940688019,0.7117437722419929,4.1518386714116255,3.4994068801897984,4.1518386714116255,9.794780545670225,1163340000.0,1962340000.0,29.67704081632653,4.43515059092642,29.010972568578552,96.14380165289256,3.323828571428572,3.323828571428572,7.481280975981701,436.0755555555556,48.93615960099751,162.17685950413224,0.0084240204927192,0.0104010865267247,2.454285714285714,0.5831636116768499,177.55555555555554,0.5798319327731093,-1.4684684684684686,4.091836734693878,0.0,0.0,0.0205871139916126,0.0,0.0373387644263408,0.6982543640897755,0.1067479984750285,1.3207547792808856,0.0,3.295419782464793,0.023375445100239,0.0069111424541607,-12.099644128113878,-100000000.0,295000000.0,-985000000.0,1072000000.0,49000000.0,53500000.0,11000000.0,17.15592832634388,36.33540372670808,7.686335403726709,5.246,2.476923076923077,11.709090909090907,0.028,0.3321470937129299,1991-06-27,,amc,,2025-04-24,1991-06-28,,,
1991-03-29,CZR,USD,1590895,1991-03-29,1991-03-28 19:00:00,1991,Q1,226300000.0,114200000.0,112100000.0,0.4953601414,0,4700000.0,77900000.0,82600000.0,0.0,82600000.0,196800000.0,0.0,-33900000.0,21100000.0,-16600000.0,-0.0733539549,29600000.0,0.1307998232,-33300000.0,-3700000.0,-0.0163499779,-1600000.0,-2200000.0,-0.0097216085,-0.028,-0.028,78600000,78600000,,,2.8791348600508906,-0.0279898218829516,0.1463104325699745,-0.2391857506361323,0.4325699745547073,2.6844783715012723,1.9720101781170485,2.6972010178117047,11.884223918575064,1084680000.0,2018680000.0,-123.25909090909092,4.793106495802033,94.32,-57.69574468085106,5.116415094339623,5.116415094339623,8.920371188687582,-121.60722891566265,175.53739130434784,-107.37659574468086,-0.0020282479625327,-0.0173323007707342,4.566037735849057,0.6745644599303136,-56.265060240963855,0.4976525821596244,-0.8731563421828908,-5.227272727272728,0.0,0.0,0.0207688908528502,0.0,0.0390243902439024,2.634782608695652,0.1338930623066725,1.4360189573459716,0.0,,0.013747954173486,-0.001595358955765,-14.611959287531809,-107000000.0,155000000.0,-1118000000.0,1057000000.0,48000000.0,55500000.0,11000000.0,19.089703932832524,43.345008756567424,8.669001751313484,4.714583333333334,2.076363636363636,10.38181818181818,-0.010377358490566,0.3854961832061068,1991-03-28,,amc,,2025-04-24,1991-03-29,,,
1990-12-28,CZR,USD,1590895,1990-12-28,1990-12-27 19:00:00,1990,Q4,238800000.0,116700000.0,122100000.0,0.5113065327,0,14200000.0,97600000.0,111800000.0,0.0,111800000.0,228500000.0,0.0,-38300000.0,24500000.0,-43200000.00000001,-0.1809045226,10300000.0,0.0431323283,-39700000.0,-29400000.0,-0.1231155779,-10900000.0,-18500000.0,-0.0774706868,-0.24,-0.24,78400000,78400000,,,3.045918367346939,-0.235969387755102,0.3482142729591836,-0.1135204209183672,0.5102040816326531,2.716836734693877,2.002551020408163,2.716836734693877,11.71811224489796,1081920000.0,1998920000.0,-14.620540540540542,4.530653266331658,39.63077068244581,-121.5640312849404,5.07943661971831,5.07943661971831,8.370686767169179,-46.271296296296285,73.22051550258298,-224.59772757328923,-0.0170992309967465,-0.0082261174578527,4.492957746478873,0.6678297278436846,-21.226851851851848,0.5392156862745098,-0.2689295039164491,-1.4756756216216216,0.0,0.0,0.0594639865996649,0.0,0.0390788555478018,1.3260073745790244,0.1515912897822445,1.4775510807163703,0.0,,0.0052736310146515,-0.013435003631082,-14.521683673469388,-94000000.0,157000000.0,-1110000000.0,1060000000.0,58000000.0,55000000.0,11000000.0,18.09045226130653,43.18766066838046,8.483290488431876,4.975,2.083928571428572,10.60909090909091,-0.0868544600938967,0.4617346938775509,1990-12-27,,amc,,2025-04-24,1990-12-28,,,
1990-09-28,CZR,USD,1590895,1990-09-28,1990-09-27 20:00:00,1990,Q3,278000000.0,126900000.0,151100000.0,0.5435251799,0,5800000.0,84000000.0,89800000.0,0.0,89800000.0,216700000.0,0.0,-32300000.0,20600000.0,17400000.0,0.0625899281,61300000.0,0.2205035971,-32200000.0,29100000.0,0.104676259,13400000.0,15700000.0,0.0564748201,0.2,0.2,77800000,77800000,,,3.5732647814910026,0.2017994858611825,0.8213367609254498,0.2365038560411311,0.6812339331619537,3.2776349614395888,2.544987146529563,3.2647814910025708,11.859897172236504,1073640000.0,1996640000.0,17.096178343949045,3.8620143884892086,16.8018779342723,58.35,4.226929133858268,4.226929133858268,7.182158273381295,114.74942528735632,31.246322378716744,108.51304347826088,0.014623151149361,0.0171379605826906,3.75984251968504,0.6536618754277892,53.04597701149425,0.782608695652174,-1.8978328173374608,4.070063694267516,0.0,0.0,0.0208633093525179,0.0,0.0390143737166324,0.7120500782472613,0.1636690647482014,2.20873786407767,0.0,3.8501561776766966,0.025898597173896,0.0111823361823361,-14.093830334190232,-40000000.0,198000000.0,-1062000000.0,1093000000.0,68500000.0,52000000.0,11000000.0,22.01438848920863,38.297872340425535,7.801418439716312,4.088235294117647,2.35,11.536363636363635,0.0618110236220472,0.5848329048843187,1990-09-27,,amc,,2025-04-24,1990-09-28,,,
1990-06-29,CZR,USD,1590895,1990-06-29,1990-06-28 20:00:00,1990,Q2,253500000.0,120900000.0,132600000.0,0.5230769231,0,7400000.0,80500000.0,87900000.0,0.0,87900000.0,208800000.0,0.0,-31600000.0,17600000.0,400000.0,0.0015779093,44700000.0,0.1763313609,-30300000.0,14400000.0,0.0568047337,5900000.0,8500000.0,0.033530572,0.11,0.11,78000000,78000000,,,3.25,0.1089743589743589,0.1282051282051282,-0.4782051282051282,0.6923076923076923,3.08974358974359,2.358974358974359,3.102564102564102,11.864102564102565,1076400000.0,1999400000.0,31.65882352941177,4.246153846153846,107.64,-28.857908847184987,4.4479338842975205,4.4479338842975205,7.887179487179488,4998.5,199.94,-53.60321715817695,0.0078966926793013,-0.0346525455221107,3.954545454545455,0.6668989547038328,2307.5,0.6985645933014354,-1.4145569620253164,1.1764705882352942,0.0,0.0,0.0291913214990138,0.0,0.0397212543554007,4.73,0.1865877712031558,2.6875,0.0,2.758124094508813,0.0215215470364328,0.0061683599419448,-13.881410256410255,-63000000.0,184000000.0,-1048000000.0,1040000000.0,56000000.0,55500000.0,11000000.0,24.497041420118343,37.220843672456574,8.188585607940448,3.6739130434782608,2.418,10.99090909090909,0.0351239669421487,0.6064102564102564,1990-06-28,,amc,,2025-04-24,1990-06-29,,,
1990-03-30,CZR,USD,1590895,1990-03-30,1990-03-29 19:00:00,1990,Q1,233800000.0,113300000.0,120500000.0,0.5153977759,0,6600000.0,77200000.0,83800000.0,0.0,83800000.0,197100000.0,0.0,-16500000.0,19400000.0,32800000.0,0.1402908469,36700000.0,0.1569717707,-6800000.0,29900000.0,0.127887083,12300000.0,17600000.0,0.0752780154,0.23,0.23,77400000,77400000,,,3.020671834625323,0.2273901808785529,0.0258397932816537,-0.5581395348837209,0.7235142118863049,2.9974160206718348,2.248062015503876,2.984496124031008,11.595607235142118,1068120000.0,1943120000.0,15.17215909090909,4.568520102651839,534.0600000000001,-24.725,4.623896103896104,4.623896103896104,8.31103507271172,59.24146341463415,971.56,-44.97962962962963,0.0164775493390255,-0.0404448938321536,3.9567099567099566,0.6613603473227206,26.67682926829268,0.6703910614525139,-2.224242424242424,0.1136363636363636,0.0,0.0,0.0282292557741659,0.0,0.0419681620839363,22.6,0.1933276304533789,2.329896907216495,0.0,3.907622685621259,0.0179573363136195,0.0132930513595166,-13.646640826873384,-59000000.0,174000000.0,-1030000000.0,1010000000.0,,,,16.552609067579127,48.45542806707855,8.737864077669903,5.437209302325582,1.857377049180328,10.3,0.0761904761904762,0.5839793281653747,1990-03-29,,amc,,2025-04-24,1990-03-30,,,
