date,symbol,reportedCurrency,cik,fillingDate,acceptedDate,calendarYear,period,revenue,costOfRevenue,grossProfit,grossProfitRatio,researchAndDevelopmentExpenses,generalAndAdministrativeExpenses,sellingAndMarketingExpenses,sellingGeneralAndAdministrativeExpenses,otherExpenses,operatingExpenses,costAndExpenses,interestIncome,interestExpense,depreciationAndAmortization,ebitda,ebitdaratio,operatingIncome,operatingIncomeRatio,totalOtherIncomeExpensesNet,incomeBeforeTax,incomeBeforeTaxRatio,incomeTaxExpense,netIncome,netIncomeRatio,eps,epsdiluted,weightedAverageShsOut,weightedAverageShsOutDil,link,finalLink,revenuePerShare,netIncomePerShare,operatingCashFlowPerShare,freeCashFlowPerShare,cashPerShare,bookValuePerShare,tangibleBookValuePerShare,shareholdersEquityPerShare,interestDebtPerShare,marketCap,enterpriseValue,peRatio,priceToSalesRatio,pocfratio,pfcfRatio,pbRatio,ptbRatio,evToSales,enterpriseValueOverEBITDA,evToOperatingCashFlow,evToFreeCashFlow,earningsYield,freeCashFlowYield,debtToEquity,debtToAssets,netDebtToEBITDA,currentRatio,interestCoverage,incomeQuality,dividendYield,payoutRatio,salesGeneralAndAdministrativeToRevenue,researchAndDdevelopementToRevenue,intangiblesToTotalAssets,capexToOperatingCashFlow,capexToRevenue,capexToDepreciation,stockBasedCompensationToRevenue,grahamNumber,roic,returnOnTangibleAssets,grahamNetNet,workingCapital,tangibleAssetValue,netCurrentAssetValue,investedCapital,averageReceivables,averagePayables,averageInventory,daysSalesOutstanding,daysPayablesOutstanding,daysOfInventoryOnHand,receivablesTurnover,payablesTurnover,inventoryTurnover,roe,capexPerShare,report_date,epsEstimated,time,revenueEstimated,updatedFromDate,fiscalDateEnding,surprise(%),QuarterAvgPrice,QuarterAvgVolume
2025-03-31,D,USD,715957,2025-05-01,2025-05-01 11:46:05,2025,Q1,4076000000.0,2016000000.0,2060000000.0,0.5053974485,0,0.0,0.0,0.0,837000000.0,837000000.0,2853000000.0,0.0,0.0,660000000.0,1929000000.0,0.4732580962,1223000000.0,0.3000490677,-475000000.0,748000000.0,0.1835132483,55000000.0,646000000.0,0.1584887144,0.7463036845810842,0.7463036845810842,852200000,852200000,https://www.sec.gov/Archives/edgar/data/715957/000095017025061558/0000950170-25-061558-index.htm,https://www.sec.gov/Archives/edgar/data/103682/000095017025061558/d-20250331.htm,4.782914808730345,0.0008800750997418,1.3881717906594695,-2.382069936634593,0.0,-86.63811311898615,-86.63811311898615,32.1110068059141,23.5684111710866,47782854000.0,67387854000.0,15927.618,11.72297693817468,40.39125443786982,-23.53835172413793,1.746130239356843,1.746130239356843,16.532839548577037,60.28884276448222,56.96352831783601,-33.195987192118224,1.5696006772638572e-05,-0.042483858331275,0.7164260917230039,0.0,17.539700290762692,0.0,2.5479166666666666,1.7095375722543351,0.0119080371381751,758.6666666666666,0.0,0.0,0.0,0.0,0.0,0.0,0.0,0.7974034074070243,-0.0026941075484208,0.0,-86.63811311898615,-6351000000.0,-73833000000.0,-73833000000.0,-6351000000.0,1263500000.0,880500000.0,882000000.0,0.0,27.321428571428573,0.0,0.0,3.294117647058824,0.0,2.740727206285401e-05,0.0,2025-05-01,0.753,bmo,3959896737.0,2025-05-11,2025-03-31,0.2350597609561753,55.0035,4802714.866666666
2024-12-31,D,USD,715957,2025-02-27,2025-02-27 08:17:17,2024,Q4,3400000000.0,1898000000.0,1502000000.0,0.4417647059,0,0.0,0.0,0.0,1111000000.0,1111000000.0,3009000000.0,0.0,0.0,625000000.0,1621000000.0,0.4767647059,391000000.0,0.115,-639000000.0,-248000000.0,-0.0729411765,-104000000.0,-76000000.0,-0.0223529412,-0.12,-0.12,852000000,852000000,https://www.sec.gov/Archives/edgar/data/715957/000095017025028387/0000950170-25-028387-index.htm,https://www.sec.gov/Archives/edgar/data/103682/000095017025028387/d-20241231.htm,3.9906103286384975,-0.0892018779342723,0.7523474178403756,-3.330985915492957,0.3638497652582159,35.436619718309856,29.240610328638496,31.987089201877936,49.002347417840376,45888720000.0,87328720000.0,-150.94973684210527,13.496682352941177,71.58926677067082,-16.16938689217759,1.683804351814479,1.683804351814479,25.684917647058825,53.87336212214682,136.2382527301092,-30.77121916842847,-0.001656180429526,-0.0618452639341432,1.5319414376398928,0.4076551286432651,25.564466378778533,0.7119173215631392,0.0,-4.968992248062016,0.0122252265916329,-7.381578947368421,0.0,0.0,0.0515451838109651,5.427457098283932,1.023235294117647,0.0,0.0,,0.0023320999071865,-0.0007824081699884,-81.14524647887323,-2676000000.0,24913000000.0,-65610000000.0,72053000000.0,2437000000.0,1043000000.0,1740500000.0,66.89117647058823,54.4836670179136,83.6459430979979,1.3454689354966365,1.6518711923411662,1.0759637188208615,-0.0027886838146259,4.083333333333333,2025-02-12,0.56,bmo,3940963825.0,2025-05-11,2024-12-31,0.0357142857142855,57.04609375,4376957.421875
2024-09-30,D,USD,715957,2024-11-01,2024-11-01 10:59:10,2024,Q3,3941000000.0,1868000000.0,2073000000.0,0.5260086273,0,0.0,0.0,0.0,855000000.0,855000000.0,2723000000.0,0.0,0.0,625000000.0,1965000000.0,0.4986044151,1218000000.0,0.3090586146,-68000000.0,1150000000.0,0.2918041106,183000000.0,954000000.0,0.2420705405,1.12,1.12,840762714,839300000,https://www.sec.gov/Archives/edgar/data/715957/000095017024119871/0000950170-24-119871-index.htm,https://www.sec.gov/Archives/edgar/data/103682/000095017024119871/d-20240930.htm,4.687410531385672,1.1346840007464936,1.8304807936570795,-1.7198669445277042,2.112367699502906,32.74526753097664,27.81759896169706,32.74526753097664,51.17377267517598,48587677242.06,89836677242.06,12.732619822342768,12.328768648074092,31.57094037820663,-33.60143654360996,1.7648351764214885,1.7648351764214885,22.795401482380107,45.71841081020865,58.3734095140091,-62.12771593503458,0.0196346080765961,-0.0297606323676709,1.5627837710217574,0.4310258465237427,20.991857506361324,0.7377215657311669,0.0,1.6132075471698113,0.0115049747534772,0.5859538784067087,0.0,0.0,0.0415047084752554,1.939571150097466,0.7574219741182441,0.0,0.0,28.913655100491248,0.0107908286669207,0.009971048423341,-80.75316479840946,-2841000000.0,23388000000.0,-64298000000.0,66724000000.0,2420500000.0,927000000.0,1737500000.0,53.59807155544278,45.14453961456103,82.72483940042827,1.6791648913506605,1.9935965848452508,1.0879440885264997,0.0346518470088264,3.550347738184783,2024-11-01,0.93,bmo,4178468795.0,2025-04-25,2024-09-30,0.0537634408602149,54.633125,3571895.5
2024-06-30,D,USD,715957,2024-08-01,2024-08-01 10:40:36,2024,Q2,3486000000.0,1824000000.0,1662000000.0,0.4767641997,0,0.0,0.0,0.0,857000000.0,857000000.0,2681000000.0,0.0,469000000.0,695000000.0,1750000000.0,0.5020080321,805000000.0,0.2309236948,-219000000.0,586000000.0,0.1681009753,95000000.0,572000000.0,0.1640849111,0.65,0.65,838300000,838300000,https://www.sec.gov/Archives/edgar/data/715957/000095017024089020/0000950170-24-089020-index.htm,https://www.sec.gov/Archives/edgar/data/103682/000095017024089020/d-20240630.htm,4.158415841584159,0.6823332935703209,1.021114159608732,-2.5468209471549565,0.2194918287009424,32.2951210783729,27.35297626148157,32.2951210783729,50.15865441965883,40246783000.0,81641783000.0,17.590377185314683,11.545261904761905,47.01726985981309,-18.85095222482436,1.4866022605547962,1.4866022605547962,23.4199033275961,46.65244742857143,95.37591471962617,-38.23971100702576,0.0142123160502045,-0.0530477181244523,1.535810586192886,0.4140633558062878,23.654285714285717,0.9344689727098904,1.7164179104477613,1.7433808553971486,0.0139141555736268,0.9790209790209792,0.0,0.0,0.041257954330442,3.494158878504673,0.8580034423407917,4.816425120772947,0.0,22.266809772895527,0.0071852032749642,0.005941375656979,-83.99200763449839,-754000000.0,22930000000.0,-62592000000.0,66752000000.0,2441500000.0,819000000.0,1738500000.0,64.38898450946644,45.24671052631579,86.74342105263158,1.3977546110665595,1.9890948745910573,1.0375426621160408,0.0211280611679533,3.5679351067636884,2024-08-01,0.56,bmo,3729270451.0,2025-04-25,2024-06-30,0.1607142857142856,50.94920634920635,4111581.126984127
2024-03-31,D,USD,715957,2024-05-02,2024-05-02 10:46:42,2024,Q1,3632000000.0,1947000000.0,1685000000.0,0.4639317181,0,0.0,0.0,0.0,852000000.0,852000000.0,2799000000.0,0.0,0.0,694000000.0,1556000000.0,0.4284140969,833000000.0,0.2293502203,-139000000.0,694000000.0,0.1910792952,134000000.0,674000000.0,0.1855726872,0.78,0.78,837600000,837600000,https://www.sec.gov/Archives/edgar/data/715957/000095017024051708/0000950170-24-051708-index.htm,https://www.sec.gov/Archives/edgar/data/103682/000095017024051708/d-20240331.htm,4.336198662846227,0.8046800382043935,2.366284622731614,-1.1318051575931232,0.352196752626552,32.73758357211079,27.791308500477555,32.73758357211079,49.52722063037249,41176416000.0,82365416000.0,15.273151335311573,11.337118942731278,20.775184661957617,-43.435037974683546,1.5016380146602968,1.5016380146602968,22.67770264317181,52.93407197943445,41.55671846619576,-86.88335021097046,0.0163685931286491,-0.0230228876646282,1.5128551110462785,0.4066859467673153,26.47107969151671,1.0500064859255416,0.0,3.539285714285714,0.0135757322832565,0.8293768545994066,0.0,0.0,0.0406156560952894,1.4783047426841571,0.8067180616740088,4.221902017291066,0.0,24.34591957575903,0.0072269977881804,0.0068872493920009,-85.52739971346705,771000000.0,23278000000.0,-58395000000.0,65470000000.0,2449000000.0,821000000.0,1708500000.0,59.19878854625552,33.32819722650231,79.46070878274269,1.5203013813311008,2.7004160887656035,1.1326352530541013,0.0245797016884869,3.498089780324737,2024-05-02,0.55,bmo,4342408451.0,2025-04-25,2024-03-31,0.0,46.7144262295082,5745207.75409836
2023-12-31,D,USD,715957,2024-02-23,2024-02-23 07:30:17,2023,Q4,3534000000.0,1806000000.0,1728000000.0,0.4889643463,0,0.0,0.0,0.0,1030000000.0,1030000000.0,2836000000.0,0.0,0.0,768000000.0,1633000000.0,0.4620826259,698000000.0,0.1975099038,-262000000.0,436000000.0,0.1233729485,143000000.0,235000000.0,0.0664968874,0.26,0.26,838000000,838000000,https://www.sec.gov/Archives/edgar/data/715957/000095017024019110/0000950170-24-019110-index.htm,https://www.sec.gov/Archives/edgar/data/103682/000095017024019110/d-20231231.htm,4.217183770883055,0.2804295942720763,1.6539379474940334,-1.9916467780429592,0.3198090692124105,32.85083532219571,26.77923627684964,32.85083532219571,53.58711217183771,39386000000.0,84024000000.0,41.9,11.144878324844369,28.417027417027416,-23.598562013181542,1.4307094336881103,1.4307094336881103,23.775891341256365,51.45376607470912,60.62337662337662,-50.343918514080286,0.0059665871121718,-0.0423754633626161,1.6312252533691742,0.4118607381319246,27.33496631965707,1.037220134008825,0.0,4.73037542662116,0.0141928604072513,2.37872340425532,0.0,0.0,0.046665199207572,2.204184704184704,0.8644595359366157,3.9778645833333335,0.0124504810413129,14.397145358379143,0.0049026799546328,0.0022608327560994,-93.6804892601432,911000000.0,22441000000.0,-56116000000.0,65357000000.0,2534500000.0,838500000.0,1665500000.0,63.89643463497454,45.89700996677741,84.61794019933555,1.4085292945396573,1.960912052117264,1.0636042402826855,0.0085364524683061,3.6455847255369926,2024-02-22,0.38,bmo,4206006443.0,2025-04-25,2023-12-31,-0.2368421052631579,44.637142857142855,6358469.444444444
2023-09-30,D,USD,715957,2023-11-08,2023-11-08 16:27:51,2023,Q3,3810000000.0,1956000000.0,1854000000.0,0.4866141732,0,0.0,0.0,0.0,819000000.0,819000000.0,2775000000.0,0.0,0.0,797000000.0,1826000000.0,0.4792650919,1035000000.0,0.2716535433,-136000000.0,899000000.0,0.2359580052,182000000.0,163000000.0,0.0427821522,0.17,0.17,836800000,836800000,https://www.sec.gov/Archives/edgar/data/715957/000095017023061178/0000950170-23-061178-index.htm,https://www.sec.gov/Archives/edgar/data/103682/000095017023061178/d-20230930.htm,4.553059273422562,0.1947896749521988,3.266013384321224,-1.310946462715105,0.8042543021032504,33.494263862332694,28.54326003824092,33.494263862332694,50.05855640535373,37379856000.0,79131856000.0,57.33106748466258,9.810985826771654,13.677225027442372,-34.07461804922516,1.3336611959469105,1.3336611959469105,20.769516010498688,43.33617524644031,28.95421002561288,-72.13478213309024,0.0043606374513588,-0.0293473575714149,1.4945411731126017,0.3953918616614594,22.86527929901424,1.1408034022095872,0.0,2.544692737430168,0.0149545787442305,3.4294478527607364,0.0,0.0,0.0391059343231737,1.4013904134650568,1.005249343832021,7.848360655737705,0.0,12.116005007278874,0.0088624593176221,0.0016011787819253,-89.03620936902486,3046000000.0,23885000000.0,-53236000000.0,63350000000.0,2727500000.0,876500000.0,1729500000.0,60.47244094488189,34.785276073619634,75.13803680981596,1.48828125,2.587301587301587,1.1977954684629517,0.0058156129584701,4.576959847036329,2023-11-03,0.78,bmo,4669580000.0,2025-04-25,2023-09-30,-0.0128205128205128,49.64936507936508,4334487.634920635
2023-06-30,D,USD,715957,2023-08-04,2023-08-04 10:32:33,2023,Q2,3166000000.0,1785000000.0,1381000000.0,0.4361970941,0,0.0,0.0,0.0,787000000.0,787000000.0,2572000000.0,0.0,395000000.0,760000000.0,1668000000.0,0.5268477574,594000000.0,0.187618446,-81000000.0,513000000.0,0.1620341124,98000000.0,583000000.0,0.1841440303,0.69,0.69,836000000,836200000,https://www.sec.gov/Archives/edgar/data/715957/000095017023038380/0000950170-23-038380-index.htm,https://www.sec.gov/Archives/edgar/data/103682/000095017023038380/d-20230630.htm,3.787081339712919,0.6973684210526315,0.604066985645933,-1.625598086124402,0.3205741626794258,34.004784688995215,25.278708133971293,34.004784688995215,58.60287081339713,43296440000.0,91756440000.0,18.56622641509434,13.675439039797851,85.73552475247526,-31.8590434142752,1.5230209652455324,1.5230209652455324,28.981819330385346,55.00985611510792,181.6959207920792,-67.51761589403974,0.013465310311887,-0.0313882619448619,1.7094765723934149,0.4581856237743249,29.05275779376499,0.5703560703560704,1.5037974683544304,1.5210843373493976,0.0128878956329896,0.9571183533447684,0.0,0.0,0.0687792276361442,3.6910891089108913,0.5887555274794694,3.974413646055437,0.0,23.098959233112303,0.0047364893327827,0.0059026617663436,-88.85616028708134,-6009000000.0,21133000000.0,-69659000000.0,67829000000.0,2865000000.0,1061000000.0,1786000000.0,82.2962728995578,50.268907563025216,92.0672268907563,1.0936096718480135,1.79037111334002,0.9775465498357064,0.0205079499085408,2.229665071770335,2023-08-04,0.47,bmo,3722350000.0,2025-04-25,2023-06-30,0.1276595744680852,54.36274193548387,3959448.8387096776
2023-03-31,D,USD,715957,2023-05-05,2023-05-05 10:35:44,2023,Q1,3883000000.0,1895000000.0,1988000000.0,0.5119752768,0,0.0,0.0,0.0,909000000.0,909000000.0,2804000000.0,0.0,0.0,803000000.0,1978000000.0,0.5093999485,1079000000.0,0.2778779294,-203000000.0,876000000.0,0.2255987638,176000000.0,981000000.0,0.2526397116,1.17,1.17,835200000,835500000,https://www.sec.gov/Archives/edgar/data/715957/000095017023018141/0000950170-23-018141-index.htm,https://www.sec.gov/Archives/edgar/data/103682/000095017023018141/d-20230331.htm,4.649185823754789,1.174568965517241,2.332375478927203,0.5699233716475096,2.272509578544061,33.951149425287355,25.21671455938697,33.951149425287355,57.53831417624521,46696032000.0,92960032000.0,11.90011009174312,12.025761524594383,23.97126899383984,98.10090756302522,1.6467778247989844,1.6467778247989844,23.940260623229463,46.99698281092012,47.720755646817246,195.2941848739496,0.021008209005853,0.0101935856134414,1.6947383269854706,0.4562639449323522,23.38928210313448,0.752624980410594,0.0,5.518413597733711,0.0119282083753925,0.5677879714576962,0.0,0.0,0.0692618086873961,0.75564681724846,0.3790883337625547,2.991869918699187,0.0,29.95420246506445,0.0085825804229715,0.010007140671223,-86.29280411877394,-3157000000.0,21061000000.0,-67364000000.0,68763000000.0,2496000000.0,1144000000.0,1737500000.0,65.7095029616276,53.43007915567282,82.92348284960423,1.3696649029982364,1.6844444444444444,1.0853379152348224,0.034595852729581,1.7624521072796937,2023-05-05,0.97,bmo,4457740000.0,2025-04-25,2023-03-31,0.0206185567010309,58.51935483870968,4978352.177419355
2022-12-31,D,USD,715957,2023-02-21,2023-02-21 07:00:15,2022,Q4,4913000000.0,2651000000.0,2262000000.0,0.4604111541,0,0.0,0.0,0.0,2396000000.0,2396000000.0,5047000000.0,0.0,0.0,779000000.0,2127000000.0,0.4329330348,-134000000.0,-0.0272745777,-77000000.0,-211000000.0,-0.0429472827,-175000000.0,-42000000.0,-0.0085487482,-0.0431,-0.0431,835000000,835000000,https://www.sec.gov/Archives/edgar/data/715957/000095017023003287/0000950170-23-003287-index.htm,https://www.sec.gov/Archives/edgar/data/103682/000095017023003287/d-20221231.htm,5.883832335329341,-0.0502994011976047,1.2323353293413173,-1.570059880239521,0.9077844311377246,33.39041916167665,23.61437125748503,33.39041916167665,54.70419161676647,51202200000.0,96727200000.0,-304.77500000000003,10.421778953796052,49.759183673469394,-39.0558352402746,1.836454933467236,1.836454933467236,19.68801139833096,45.47588152327221,94.00116618075802,-73.7812356979405,-0.0008202772537117,-0.0256043685622883,1.6383200028693374,0.4381876960563299,21.403385049365305,0.7323420074349443,0.0,-24.5,0.0108589084062794,-13.238095238095235,0.0,0.0,0.0783074163253168,2.2740524781341107,0.4762874007734581,3.0038510911424905,0.0073274984734378,,-0.000234278738374,-0.0004371357202331,-87.57095808383234,-3600000000.0,19718000000.0,-66512000000.0,68023000000.0,2301000000.0,1134000000.0,1747500000.0,39.51353551801344,39.48321388155413,58.69860430026405,2.277700509967548,2.27944969905417,1.5332562174667437,-0.0015064022093899,2.802395209580838,2023-02-08,1.03,bmo,4210322487.0,2025-04-25,2022-12-31,0.029126213592233,62.80126984126984,5839623.650793651
2022-09-30,D,USD,715957,2022-11-04,2022-11-04 11:07:21,2022,Q3,3963000000.0,2173000000.0,1790000000.0,0.4516780217,0,0.0,0.0,0.0,795000000.0,795000000.0,2968000000.0,0.0,0.0,1397000000.0,2385000000.0,0.6018168055,995000000.0,0.2510724199,-299000000.0,696000000.0,0.1756245269,70000000.0,778000000.0,0.1963159223,0.91,0.91,832600000,833200000,https://www.sec.gov/Archives/edgar/data/715957/000156459022036712/0001564590-22-036712-index.htm,https://www.sec.gov/Archives/edgar/data/103682/000156459022036712/d-10q_20220930.htm,4.759788613980303,0.9344222916166226,1.5733845784290177,-0.8671631035311074,0.2606293538313716,34.31779966370406,25.5560893586356,34.31779966370406,52.839298582752825,57540986000.0,101371986000.0,18.49003406169665,14.519552359323743,43.92441679389313,-79.69665650969529,2.013823749693767,2.013823749693767,25.57960787282362,42.503977358490566,77.38319541984733,-140.40441274238228,0.0135207971583941,-0.0125475778256563,1.5397053162076086,0.424919109479886,18.377777777777776,0.7146730200460072,0.0,1.6838046272493574,0.0096800565774107,0.7159383033419023,0.0,0.0,0.070459264982856,1.551145038167939,0.512742871561948,2.543178973717146,0.0,26.86102441479972,0.0092075534844337,0.0080839567747298,-86.51002882536632,-3473000000.0,21278000000.0,-66263000000.0,66716000000.0,2483500000.0,1117500000.0,1675000000.0,55.52611657834973,45.76622181316153,73.14312011044639,1.6208588957055214,1.9665158371040723,1.2304643261608157,0.0272285024323662,2.440547681960125,2022-11-04,1.08,bmo,3984654241.0,2025-04-25,2022-09-30,0.0277777777777778,80.72546875,3220116.828125
2022-06-30,D,USD,715957,2022-08-08,2022-08-08 10:57:30,2022,Q2,3596000000.0,1933000000.0,1663000000.0,0.462458287,0,0.0,0.0,0.0,1981000000.0,1981000000.0,3914000000.0,0.0,0.0,164000000.0,1428000000.0,0.3971078977,-318000000.0,-0.0884315907,-251000000.0,-569000000.0,-0.1582313682,-117000000.0,-453000000.0,-0.1259733037,-0.58,-0.58,818400000,818400000,https://www.sec.gov/Archives/edgar/data/715957/000156459022028336/0001564590-22-028336-index.htm,https://www.sec.gov/Archives/edgar/data/103682/000156459022028336/d-10q_20220630.htm,4.393939393939394,-0.5535190615835777,0.0048875855327468,-1.2781036168132942,2.776148582600196,34.576001955034215,25.65982404692082,34.576001955034215,53.6217008797654,65316504000.0,108928504000.0,-36.04663576158941,18.16365517241379,16329.126,-62.444076481835566,2.3082483655511186,2.3082483655511186,30.29157508342603,76.2804649859944,27232.126,-104.13814913957935,-0.0069354599872644,-0.0160143292421162,1.5508357776442732,0.4232720538590636,30.5406162464986,0.8649551876044357,0.0,0.0851063829787234,0.0084970867393637,-1.225165562913907,0.0,0.0,0.0703813730974748,262.5,0.2919911012235817,2.05078125,0.0,,-0.0026276209918867,-0.0047000964920471,-86.05266373411534,-1778000000.0,21000000000.0,-63993000000.0,66783000000.0,2513500000.0,1110000000.0,1548000000.0,63.12013348164628,52.61251939989654,73.75064666321781,1.4258524980174463,1.7106194690265486,1.2203282828282829,-0.0160087641799484,1.282991202346041,2022-08-08,0.77,bmo,3507469475.0,2025-04-25,2022-06-30,0.0,82.57903225806452,3552517.741935484
2022-03-31,D,USD,715957,2022-05-05,2022-05-05 12:50:52,2022,Q1,4279000000.0,2390000000.0,1889000000.0,0.4414582846,0,0.0,0.0,0.0,913000000.0,913000000.0,3303000000.0,0.0,0.0,773000000.0,1711000000.0,0.3998597803,976000000.0,0.2280906754,-48000000.0,928000000.0,0.2168731012,236000000.0,711000000.0,0.1661603178,0.84,0.82,810600000,832000000,https://www.sec.gov/Archives/edgar/data/715957/000156459022018135/0001564590-22-018135-index.htm,https://www.sec.gov/Archives/edgar/data/103682/000156459022018135/d-10q_20220331.htm,5.278805822847274,0.8771280532938565,1.3878608438193931,-0.613126079447323,0.613126079447323,33.95016037503084,24.94818652849741,33.95016037503084,51.51369356032568,68876682000.0,110189682000.0,24.218242616033752,16.096443561579807,61.223717333333326,-138.58487323943663,2.502786409883721,2.502786409883721,25.75126945548025,64.40074926943308,97.946384,-221.70962173038228,0.0103227969082482,-0.0072157947445842,1.517332848837209,0.414042359100464,24.14552893045003,0.7922691617049428,0.0,1.5822784810126582,0.0078546176193562,0.7609001406469761,0.0,0.0,0.0723535477729742,1.4417777777777778,0.3790605281607852,2.0983182406209573,0.0,25.88473211706494,0.0076313383116974,0.0075998075998075,-86.60282506785097,-2198000000.0,20223000000.0,-64949000000.0,65220000000.0,2536500000.0,1143500000.0,1571500000.0,52.68754381864921,41.046025104602506,56.93723849372385,1.708183632734531,2.192660550458716,1.5806878306878307,0.0258357558139534,2.000986923266716,2022-05-05,1.19,bmo,4314308385.0,2025-04-25,2022-03-31,-0.0084033613445378,80.31387096774193,3261495.9032258065
2021-12-31,D,USD,715957,2022-02-24,2022-02-24 12:58:30,2021,Q4,3880000000.0,1982000000.0,1898000000.0,0.4891752577,0,0.0,0.0,0.0,961000000.0,961000000.0,2943000000.0,0.0,376000000.0,710000000.0,1756000000.0,0.4525773196,937000000.0,0.2414948454,111000000.0,1048000000.0,0.2701030928,225000000.0,1341000000.0,0.3456185567,1.66,1.63,810000000,811000000,https://www.sec.gov/Archives/edgar/data/715957/000156459022006589/0001564590-22-006589-index.htm,https://www.sec.gov/Archives/edgar/data/103682/000156459022006589/d-10k_20211231.htm,4.790123456790123,1.6555555555555554,0.6197530864197531,-1.6246913580246911,0.3716049382716049,33.71358024691358,23.603703703703705,33.71358024691358,50.5641975308642,63633600000.0,103931600000.0,11.863087248322149,16.40041237113402,126.7601593625498,-48.35379939209727,2.33021825106196,2.33021825106196,26.786494845360824,59.18656036446469,207.0350597609562,-78.97537993920973,0.0210737723466847,-0.0206808981418621,1.4860480445290758,0.4074806707500753,22.94874715261959,0.8381182981667243,2.492021276595745,0.3732342007434944,0.0080146337783812,0.3803131991051454,0.0,0.0,0.0822271312380761,3.621513944223107,0.4685567010309278,2.5605633802816903,0.0108247422680412,35.437703991617894,0.0078137760761829,0.0146716119079659,-85.48086419753086,-1404000000.0,19119000000.0,-65013000000.0,66559000000.0,2313500000.0,1024000000.0,1612000000.0,59.56701030927835,54.35418768920282,74.06155398587285,1.510903426791277,1.6558061821219716,1.2152053954629063,0.0491064889409696,2.2444444444444445,2022-02-11,0.9,bmo,4036701837.0,2025-04-25,2021-12-31,0.0,75.243125,3255348.75
2021-09-30,D,USD,715957,2021-11-05,2021-11-05 14:49:26,2021,Q3,3176000000.0,1716000000.0,1460000000.0,0.459697733,0,0.0,0.0,0.0,619000000.0,619000000.0,2335000000.0,0.0,407000000.0,700000000.0,1316000000.0,0.4143576826,841000000.0,0.2647984887,-205000000.0,636000000.0,0.2002518892,35000000.0,654000000.0,0.2059193955,0.81,0.79,808700000,810000000,https://www.sec.gov/Archives/edgar/data/715957/000156459021054856/0001564590-21-054856-index.htm,https://www.sec.gov/Archives/edgar/data/103682/000156459021054856/d-10q_20210930.htm,3.927290713490787,0.808705329541239,1.6013354766909855,-0.2262891059725485,0.2225794484975887,33.67379745270187,24.5171262520094,33.270681340422904,51.82638803017189,59051274000.0,100376274000.0,22.573116972477063,18.59297040302267,45.59943938223938,-322.6845573770492,2.1947251170742583,2.1947251170742583,31.604620277078087,76.27376443768998,77.51063629343629,-548.5042295081968,0.011075120919491,-0.0030990017251786,1.5425927302460418,0.4158650955873512,31.401975683890576,0.7031687211676624,2.0663390663390664,1.9444444444444444,0.0086365621849242,0.7798165137614679,0.0,0.0,0.0741954230291371,1.1413127413127413,0.4653652392947103,2.111428571428571,0.0,24.60465382083308,0.0085168796118262,0.0070779986796393,-86.62204773092618,-3925000000.0,19827000000.0,-63274000000.0,61866000000.0,2017000000.0,812500000.0,1565500000.0,58.34697732997481,44.63286713286713,83.54895104895104,1.5424963574550752,2.016451233842538,1.0772128060263653,0.0243068460566416,1.827624582663534,2021-11-05,1.06,bmo,3973010000.0,2025-04-25,2021-09-30,0.0471698113207547,76.25125,3169560.171875
2021-06-30,D,USD,715957,2021-08-06,2021-08-06 10:54:55,2021,Q2,3038000000.0,1528000000.0,1510000000.0,0.4970375247,0,0.0,0.0,0.0,1147000000.0,1147000000.0,2675000000.0,0.0,518000000.0,673000000.0,1357000000.0,0.4466754444,363000000.0,0.1194865043,-141000000.0,222000000.0,0.073074391,-47000000.0,285000000.0,0.0938117182,0.33,0.33,806600000,806600000,https://www.sec.gov/Archives/edgar/data/715957/000156459021041966/0001564590-21-041966-index.htm,https://www.sec.gov/Archives/edgar/data/103682/000156459021041966/d-10q_20210630.htm,3.766426977436152,0.3533349863625093,0.9769402429952888,-0.6793949913215969,0.297545251673692,33.330027274981404,24.14951648896603,32.91594346640218,49.872303496156704,59341561999.99999,98810562000.0,52.05400175438596,19.53310138248848,75.3065507614213,-108.2875218978102,2.235087080979284,2.235087080979284,32.52487228439763,72.81544731024319,125.39411421319797,-180.31124452554744,0.0048027047215238,-0.009234674341737,1.4956308851224105,0.4053469166930372,29.08548268238762,0.592925659472422,0.7007722007722008,2.671186440677966,0.0085606105211723,1.7824561403508772,0.0,0.0,0.075589763482131,1.6954314720812182,0.4397630019749835,1.9851411589895989,0.0,16.176618151076347,0.0048117989230109,0.003147154309945,-85.03440366972477,-4753000000.0,19479000000.0,-64156000000.0,61878000000.0,2027500000.0,811000000.0,1507000000.0,58.50888742593812,45.5890052356021,90.5890052356021,1.538227848101266,1.9741602067183464,0.9934980494148244,0.0107344632768361,1.6563352343168858,2021-08-06,0.77,bmo,3038000000.0,2025-04-25,2021-06-30,-0.0129870129870129,77.18349206349207,3426239.222222222
2021-03-31,D,USD,715957,2021-05-04,2021-05-04 11:37:48,2021,Q1,3870000000.0,2032000000.0,1838000000.0,0.4749354005,0,0.0,0.0,0.0,960000000.0,960000000.0,2992000000.0,0.0,53000000.0,685000000.0,1658000000.0,0.4284237726,878000000.0,0.226873385,314000000.0,1192000000.0,0.3080103359,212000000.0,1008000000.0,0.2604651163,1.23,1.23,805900000,805900000,https://www.sec.gov/Archives/edgar/data/715957/000156459021023081/0001564590-21-023081-index.htm,https://www.sec.gov/Archives/edgar/data/103682/000156459021023081/d-10q_20210331.htm,4.802084625884104,1.2507755304628363,1.8017123712619432,0.1538652438267775,0.591884849236878,33.55006824668073,24.39136369276585,33.12942052363817,48.08909293957067,61216163999.99999,99441164000.0,15.182580357142855,15.818130232558138,42.15989256198347,493.6787419354838,2.292826098355744,2.292826098355744,25.695391214470284,59.97657659831122,68.48565013774105,801.944870967742,0.0164662392109378,0.0020256087918217,1.4495673995280722,0.4002150915690309,23.054885404101327,0.5628590740114904,16.566037735849058,1.4404761904761905,0.0082984618245599,0.503968253968254,0.0,0.0,0.076326484183531,0.9146005509641874,0.3431524547803617,1.9386861313868613,0.0,30.534292883756912,0.0079920022761472,0.0112850137704037,-83.00037225462216,-5174000000.0,19657000000.0,-63003000000.0,60628000000.0,2293500000.0,896000000.0,1513000000.0,48.372093023255815,37.55905511811024,65.3740157480315,1.8605769230769231,2.39622641509434,1.376693766937669,0.0377542230046069,1.6478471274351656,2021-05-04,1.08,bmo,4106170000.0,2025-04-25,2021-03-31,0.0092592592592592,72.63786885245901,4072155.098360656
2020-12-31,D,USD,715957,2021-02-25,2021-02-25 08:17:20,2020,Q4,3521000000.0,1795000000.0,1726000000.0,0.4902016473,0,0.0,0.0,0.0,870000000.0,870000000.0,2665000000.0,0.0,241000000.0,658000000.0,1595000000.0,0.4529963079,856000000.0,0.2431127521,165000000.0,1021000000.0,0.2899744391,206000000.0,682000000.0,0.193694973,0.85,0.82,806000000,812800000,https://www.sec.gov/Archives/edgar/data/715957/000156459021008442/0001564590-21-008442-index.htm,https://www.sec.gov/Archives/edgar/data/103682/000156459021008442/d-10k_20201231.htm,4.36848635235732,0.8461538461538461,0.5173697270471465,-1.4813895781637718,0.2133995037220843,32.83002481389578,22.72332506203474,32.403225806451616,46.22208436724566,60611200000.0,97453200000.0,22.21818181818182,17.214200511218404,145.3505995203837,-50.76314907872697,2.320756595321055,2.320756595321055,27.677705197387105,61.09918495297806,233.70071942446043,-81.61909547738694,0.0112520458265139,-0.0196993294968586,1.417237814450358,0.3859444241697513,23.09843260188088,0.635064096652218,3.5518672199170123,0.6043478260869565,0.0084307850694261,0.749266862170088,0.0,0.0,0.0849382201136541,3.8633093525179856,0.4575404714569724,2.448328267477204,0.0181766543595569,24.83762404575392,0.0077494345353232,0.007771282717442,-82.65105459057072,-3957000000.0,18315000000.0,-62558000000.0,62037000000.0,2341500000.0,841000000.0,1557500000.0,64.08122692416927,47.33147632311978,77.7158774373259,1.4044674910251296,1.9014830508474576,1.1580645161290322,0.0261132595627369,1.998759305210918,2021-02-12,0.8,bmo,3476987500.0,2025-04-25,2020-12-31,0.0125,79.445625,4259762.578125
2020-09-30,D,USD,715957,2020-11-06,2020-11-06 08:14:43,2020,Q3,3607000000.0,1631000000.0,1976000000.0,0.5478236762,0,0.0,0.0,0.0,1949000000.0,1949000000.0,3580000000.0,0.0,306000000.0,681000000.0,1859000000.0,0.515386748,27000000.0,0.007485445,-25000000.0,2000000.0,0.0005544774,-110000000.0,356000000.0,0.0986969781,0.44,0.41,816000000,833800000,https://www.sec.gov/Archives/edgar/data/715957/000156459020051677/0001564590-20-051677-index.htm,https://www.sec.gov/Archives/edgar/data/103682/000156459020051677/d-10q_20200930.htm,4.420343137254902,0.4362745098039216,2.051470588235294,0.2205882352941176,0.5061274509803921,34.39460784313726,25.33210784313725,32.27450980392157,47.431372549019606,64406880000.00001,102391880000.0,45.22955056179776,17.85607984474633,38.47483870967743,357.81600000000003,2.4455832320777646,2.4455832320777646,28.386991960077623,55.07901022054868,61.16599761051374,568.8437777777777,0.0055273598100078,0.0027947324882062,1.4580042527339003,0.3673219495862629,20.433028509951587,1.1292141230068338,0.088235294117647,12.778625954198471,0.0121881389068993,2.205056179775281,0.0,0.0,0.070741856794375,0.8924731182795699,0.414194621569171,2.193832599118943,0.0,17.79922143626019,0.0163941536192913,0.0036648136709903,-90.2469362745098,2269000000.0,20671000000.0,-56640000000.0,66452000000.0,2224500000.0,767500000.0,1650000000.0,54.294427502079294,40.72348252605763,86.35806253832004,1.6576286764705883,2.210027100271003,1.0421725239616613,0.0135176184690157,1.8308823529411764,2020-11-05,1.0,bmo,3279090909.0,2025-04-25,2020-09-30,0.08,78.554375,4311345.359375
2020-06-30,D,USD,715957,2020-08-05,2020-08-05 08:03:35,2020,Q2,3106000000.0,1460000000.0,1646000000.0,0.5299420476,0,0.0,0.0,0.0,842000000.0,842000000.0,2302000000.0,0.0,398000000.0,738000000.0,1586000000.0,0.5106245976,804000000.0,0.2588538313,102000000.0,906000000.0,0.2916934965,37000000.0,-1169000000.0,-0.3763683194,-1.39,-1.39,840000000,840000000,https://www.sec.gov/Archives/edgar/data/715957/000156459020036451/0001564590-20-036451-index.htm,https://www.sec.gov/Archives/edgar/data/103682/000156459020036451/d-10q_20200630.htm,3.697619047619048,-1.3916666666666666,1.7892857142857144,0.0595238095238095,0.8035714285714286,36.766666666666666,26.116666666666667,34.37023809523809,48.75476190476191,68191200000.00001,108072200000.0,-14.583233532934134,21.954668383773345,45.37005988023952,1363.824,2.3619271933774377,2.3619271933774377,34.79465550547328,68.14136191677176,71.9043246839654,2161.444,-0.0171429744600476,0.0007332324405495,1.404731391361574,0.3909841122936912,25.14564943253468,0.6421306490510643,2.020100502512563,-1.3277385159010602,0.0115704079118713,-0.6749358426005133,0.0,0.0,0.0862447940768162,0.9667332002661344,0.4678042498390212,1.968834688346884,0.0,,0.0079012055502905,-0.0123335654449157,-82.85327380952381,-3413000000.0,21938000000.0,-66720000000.0,73513000000.0,2349000000.0,819500000.0,1706000000.0,65.86284610431423,49.13013698630137,106.95205479452056,1.3664760228772548,1.8318695106649936,0.8414985590778098,-0.0404904575525613,1.7297619047619048,2020-07-31,0.81,bmo,3322682926.0,2025-04-25,2020-06-30,0.0123456790123455,80.2036507936508,3823303.984126984
2020-03-31,D,USD,715957,2020-05-05,2020-05-05 11:40:43,2020,Q1,3938000000.0,1984000000.0,1954000000.0,0.4961909599,0,0.0,0.0,0.0,1586000000.0,1586000000.0,3570000000.0,0.0,432000000.0,759000000.0,1895000000.0,0.4812087354,368000000.0,0.093448451,-886000000.0,-518000000.0,-0.1315388522,-50000000.0,-270000000.0,-0.0685627222,-0.32,-0.32,838200000,838200000,https://www.sec.gov/Archives/edgar/data/715957/000156459020021084/0001564590-20-021084-index.htm,https://www.sec.gov/Archives/edgar/data/103682/000156459020021084/d-10q_20200331.htm,4.698162729658793,-0.3221188260558339,1.9482223812932475,0.2040085898353615,1.4352183249821044,39.07420663326175,28.401336196611787,36.6571224051539,47.90742066332618,60509658000.0,99041658000.0,-56.02746111111111,15.365581005586591,37.05429148805879,353.857649122807,1.9693307947666472,1.9693307947666472,25.150243270695785,52.264727176781,60.65012737293325,579.1909824561403,-0.0044620976043196,0.0028259951494024,1.292846449261212,0.381499337341298,20.333509234828497,0.6255742725880551,0.8518518518518519,-6.832635983263598,0.0130227144896439,-2.9185185185185185,0.0,0.0,0.0859151412711522,0.8952847519902021,0.3712544438801422,1.9262187088274043,0.0,,0.0033656125247124,-0.0028367304055473,-80.54611071343355,-3912000000.0,23806000000.0,-64838000000.0,72430000000.0,2425000000.0,932500000.0,1709500000.0,55.42153377348909,38.19556451612903,76.07358870967742,1.623917525773196,2.356294536817102,1.1830649970184854,-0.0087873462214411,1.744213791457886,2020-05-05,1.1,bmo,4496000000.0,2025-04-25,2020-03-31,-0.009090909090909,81.65629032258065,4111057.1129032257
2019-12-31,D,USD,715957,2020-02-28,2020-02-28 08:56:19,2019,Q4,4475000000.0,2228000000.0,2247000000.0,0.502122905,0,0.0,0.0,0.0,1026000000.0,1026000000.0,3254000000.0,0.0,401000000.0,742000000.0,2104000000.0,0.4701675978,1221000000.0,0.272849162,-68000000.0,1153000000.0,0.2576536313,143000000.0,1009000000.0,0.2254748603,1.31,1.31,838000000,838000000,https://www.sec.gov/Archives/edgar/data/715957/000119312520054469/0001193125-20-054469-index.htm,https://www.sec.gov/Archives/edgar/data/103682/000119312520054469/d854390d10k.htm,5.340095465393794,1.204057279236277,1.7840095465393797,-0.0930787589498806,0.198090692124105,40.61217183770883,28.992840095465397,38.17899761336516,45.701670644391406,69403160000.0,107134160000.0,17.196025768087214,15.509086033519552,46.42351839464882,-889.7841025641026,2.169255485403513,2.169255485403513,23.940594413407823,50.919277566539925,71.66164548494983,-1373.514871794872,0.0145382429272672,-0.0011238681351108,1.1845033443770707,0.3650154590023405,17.932984790874524,0.612536472482141,3.0448877805486285,1.4801980198019802,0.0109361014685786,0.7522299306243806,0.0,0.0,0.0937846141991659,1.0521739130434782,0.3515083798882681,2.1199460916442048,0.0102793296089385,32.16081854962848,0.0109098233182949,0.0107242310226813,-79.87380668257757,-3851000000.0,24296000000.0,-63702000000.0,74968000000.0,2380000000.0,907000000.0,1771000000.0,48.77094972067039,41.324057450628366,70.36804308797127,1.845360824742268,2.177908113391984,1.2789896670493686,0.0315371632181033,1.87708830548926,2020-02-11,1.16,bmo,4399152542.0,2025-04-25,2019-12-31,0.0172413793103448,81.7071875,3110812.65625
2019-09-30,D,USD,715957,2019-11-01,2019-11-01 16:35:03,2019,Q3,3782000000.0,1805000000.0,1977000000.0,0.5227392914,0,0.0,0.0,0.0,873000000.0,873000000.0,2678000000.0,0.0,370000000.0,763000000.0,1952000000.0,0.5161290323,1104000000.0,0.2919090428,-241000000.0,863000000.0,0.2281861449,-84000000.0,975000000.0,0.2578001058,1.19,1.17,813000000,813000000,https://www.sec.gov/Archives/edgar/data/715957/000156459019039434/0001564590-19-039434-index.htm,https://www.sec.gov/Archives/edgar/data/103682/000156459019039434/d-10q_20190930.htm,4.65190651906519,1.1992619926199262,1.7170971709717098,0.1242312423124231,0.4674046740467404,36.84747847478475,24.843788437884378,36.02214022140221,51.22140221402214,65885520000.00001,106780520000.0,16.893723076923077,17.42081438392385,47.195931232091695,652.3318811881189,2.249727514853514,2.249727514853514,28.23387625594923,54.70313524590164,76.49034383954155,1057.2328712871288,0.0147983957628322,0.0015329620226113,1.409308201871201,0.403218085366211,20.95030737704918,0.5142318103518989,2.983783783783784,1.417258883248731,0.0114592705650649,0.7743589743589744,0.0,0.0,0.0953409079807344,0.9276504297994268,0.3424114225277631,1.6972477064220184,0.0,31.17690864017706,0.0124033264976438,0.0105291576673866,-85.32687576875769,-5922000000.0,20198000000.0,-66133000000.0,72270000000.0,2215500000.0,789000000.0,1762000000.0,55.56583818085669,39.4404432132964,89.75069252077562,1.6197002141327623,2.281921618204804,1.0027777777777778,0.0332923581233353,1.5928659286592866,2019-11-01,1.14,bmo,4124288135.0,2025-04-25,2019-09-30,0.0350877192982456,77.34,3703953.78125
2019-06-30,D,USD,715957,2019-08-01,2019-08-01 09:33:12,2019,Q2,3970000000.0,2252000000.0,1718000000.0,0.4327455919,0,0.0,0.0,0.0,1257000000.0,1257000000.0,3509000000.0,0.0,452000000.0,738000000.0,1511000000.0,0.380604534,461000000.0,0.1161209068,-360000000.0,101000000.0,0.025440806,43000000.0,54000000.0,0.0136020151,0.07,0.05,771428571,802600000,https://www.sec.gov/Archives/edgar/data/715957/000156459019027723/0001564590-19-027723-index.htm,https://www.sec.gov/Archives/edgar/data/103682/000156459019027723/d-10q_20190630.htm,5.14629629915535,0.0700000000388888,1.4803703711927985,0.0414814815045267,0.495185185460288,36.79018520562418,24.004814828150824,35.903518538464915,54.98240743795319,59438571395.55,101019571395.55,275.1785712756944,14.971932341448362,52.04778581046409,1857.4553561109376,2.1460292232209266,2.1460292232209266,25.44573586789672,66.85610284285241,88.45846882272328,3156.861606110937,0.0009085009738986,0.0005383709474954,1.5150738347113406,0.4162087639602467,27.518861681005955,0.602651794170262,1.0199115044247788,19.689655172413797,0.012382531792396,13.62962962962963,0.0,0.0,0.0978258713376048,0.9719789842381786,0.2795969773299748,1.5040650406504066,0.0,7.519843198464833,0.0027452782610267,0.0005936740729339,-90.25462967977109,-3776000000.0,18518000000.0,-66714000000.0,73696000000.0,2267500000.0,853500000.0,1690500000.0,47.51637279596977,31.45204262877442,68.898756660746,1.8940839694656488,2.8614993646759848,1.3062645011600929,0.0019496696393111,1.4388888896882717,2019-07-31,0.75,bmo,3918441558.0,2025-04-25,2019-06-30,0.0266666666666666,76.2031746031746,3727850.587301587
2019-03-31,D,USD,715957,2019-05-03,2019-05-03 12:40:18,2019,Q1,3858000000.0,2562000000.0,1296000000.0,0.3359253499,0,0.0,0.0,0.0,1778000000.0,1778000000.0,4340000000.0,0.0,469000000.0,734000000.0,1087000000.0,0.2817522032,-482000000.0,-0.1249351996,-81000000.0,-563000000.0,-0.145930534,114000000.0,-680000000.0,-0.176257128,-0.86,-0.86,790697674,793100000,https://www.sec.gov/Archives/edgar/data/715957/000156459019015583/0001564590-19-015583-index.htm,https://www.sec.gov/Archives/edgar/data/103682/000156459019015583/d-10q_20190331.htm,4.879235296700772,-0.8600000004552941,1.4809705890193374,0.213735294230801,0.5362352944015363,34.90461766553774,22.451058835415267,34.03197060625222,54.685882381892526,60638604619.06,102987604619.06,-22.293604639360293,15.717626910072577,51.78360770201537,358.8083113553846,2.253469271212605,2.253469271212605,26.69455796243131,94.74480645727692,87.9484240982579,609.3941101719527,-0.0112139783603506,0.00278700344544,1.5894682076628637,0.4274791612529234,38.95952161913524,0.6111906710310966,-1.0277185501066095,-1.7296898079763663,0.0120880090266721,-1.0779411764705882,0.0,0.0,0.0984168548983548,0.8556789069171649,0.2597200622083981,1.3651226158038148,0.0,,-0.0060430246375933,-0.0075382176549491,-87.73675739939004,-3801000000.0,17752000000.0,-66480000000.0,73099000000.0,2259500000.0,917000000.0,1537500000.0,56.89735614307932,32.31850117096019,58.20843091334894,1.5817958179581797,2.784782608695652,1.5461677730838863,-0.0252703556430933,1.2672352947885364,2019-05-03,1.12,bmo,3893072727.0,2025-04-25,2019-03-31,-0.0178571428571428,73.03262295081967,5061113.032786885
2018-12-31,D,USD,715957,2019-02-28,2019-02-28 17:17:16,2018,Q4,3361000000.0,1830000000.0,1531000000.0,0.4555191907,0,0.0,0.0,0.0,697000000.0,697000000.0,2527000000.0,0.0,440000000.0,574000000.0,1431000000.0,0.425766141,834000000.0,0.2481404344,-77000000.0,757000000.0,0.2252305861,95000000.0,641000000.0,0.1907170485,0.94,0.94,660900371,681000000,https://www.sec.gov/Archives/edgar/data/715957/000119312519057924/0001193125-19-057924-index.htm,https://www.sec.gov/Archives/edgar/data/103682/000119312519057924/d662998d10k.htm,5.085486629269875,0.9698890001077032,1.6068987802096422,-0.1225600764566676,0.4266906365528428,33.36055019403219,22.647891659301248,30.42364762116316,53.88860645684219,47227940511.66,82134940511.66,18.419633584890796,14.051752606861053,44.47075377745762,-583.0609939711111,2.3488307809051574,2.3488307809051574,24.437649661309138,57.396883655946894,77.33986865504708,-1014.0116112550618,0.0135724741128981,-0.0017150864323631,1.749390759437012,0.4514593012808994,24.39343116701607,0.6749051915783968,1.8954545454545453,1.6042296072507554,0.0116456486148112,0.858034321372855,0.0,0.0,0.0908694201298868,1.076271186440678,0.3400773579291877,1.9912891986062715,0.0142814638500446,25.766647557369165,0.0098163726615866,0.0090493265945732,-80.67025279366956,-2486000000.0,14968000000.0,-50705000000.0,59154000000.0,1875500000.0,750500000.0,1436500000.0,55.69770901517405,44.95081967213115,69.73770491803279,1.6158653846153843,2.00218818380744,1.2905500705218618,0.0318794449694136,1.7294588566663098,2019-02-01,0.9,bmo,3398764044.0,2025-04-25,2018-12-31,-0.0111111111111111,73.0668253968254,4292369.841269841
2018-09-30,D,USD,715957,2018-11-02,2018-11-02 16:05:43,2018,Q3,3451000000.0,1586000000.0,1865000000.0,0.5404230658,0,0.0,0.0,0.0,715000000.0,715000000.0,2301000000.0,0.0,378000000.0,600000000.0,1762000000.0,0.5105766445,1150000000.0,0.333236743,-5000000.0,1145000000.0,0.3317878876,262000000.0,854000000.0,0.247464503,1.31,1.3,655000000,655000000,https://www.sec.gov/Archives/edgar/data/715957/000156459018026483/0001564590-18-026483-index.htm,https://www.sec.gov/Archives/edgar/data/103682/000156459018026483/d-10q_20180930.htm,5.268702290076336,1.3038167938931298,1.963358778625954,0.3374045801526718,0.5618320610687023,31.18473282442748,21.398473282442747,28.198473282442748,58.93435114503817,45915500000.0,83829500000.0,13.441305620608896,13.304984062590554,35.70412130637636,207.76244343891403,2.4859501894964806,2.4859501894964806,24.291364821790783,47.57633371169126,65.18623639191291,379.3190045248869,0.0185993836504012,0.0048131894458298,2.069518137520303,0.4833463999393035,21.51759364358683,0.6189752496743378,3.0423280423280423,1.4563986409966023,0.011891409219109,0.639344262295082,0.0,0.0,0.0810551073569206,0.828149300155521,0.3086062011011301,1.775,0.0,28.761553645889865,0.011683607293185,0.0117514310876265,-85.96526717557252,-3510000000.0,14016000000.0,-52954000000.0,57085000000.0,1657000000.0,623500000.0,1442000000.0,43.57867284844972,33.31021437578814,82.56620428751576,2.0652304009575104,2.7018739352640546,1.0900343642611685,0.0462371413102328,1.6259541984732824,2018-11-01,1.13,bmo,3390982608.0,2025-04-25,2018-09-30,0.0176991150442478,70.80428571428571,3020763.8095238097
2018-06-30,D,USD,715957,2018-08-02,2018-08-02 08:33:18,2018,Q2,3088000000.0,1583000000.0,1505000000.0,0.4873704663,0,0.0,0.0,0.0,763000000.0,763000000.0,2346000000.0,0.0,361000000.0,534000000.0,1410000000.0,0.4566062176,742000000.0,0.2402849741,-176000000.0,566000000.0,0.1832901554,88000000.0,449000000.0,0.1454015544,0.69,0.69,650724638,653100000,https://www.sec.gov/Archives/edgar/data/715957/000156459018018690/0001564590-18-018690-index.htm,https://www.sec.gov/Archives/edgar/data/103682/000156459018018690/d-10q_20180630.htm,4.745478839545645,0.6899999996619154,1.8333407563400117,0.384187082217102,0.2919821824849976,30.79028951720743,20.94741647080528,27.75982181267893,58.65922046123602,44366405818.84,81986405818.84,24.70289856282851,14.367359397292748,37.18894033431685,177.46562327536,2.456067638332596,2.456067638332596,26.550001884339377,58.14638710556028,68.72288836449287,327.94562327536,0.0101202698689045,0.0056348941363611,2.093113374667848,0.4842779378802433,26.680851063829788,0.5169320475442925,2.0554016620498614,2.49581589958159,0.0122840692172672,1.2138084632516704,0.0,0.0,0.0820365033621517,0.7904442581726739,0.3053756476683937,1.7659176029962549,0.0,20.759846662022195,0.0083716673222202,0.0062648248918654,-85.90768926748399,-4308000000.0,13631000000.0,-53429000000.0,56701000000.0,1697000000.0,681000000.0,1398000000.0,47.88536269430052,37.52368919772584,81.24447252053064,1.879488740109556,2.3984848484848484,1.1077676696990904,0.024856067316209,1.4491536741229092,2018-08-01,0.79,bmo,2836651162.0,2025-04-25,2018-06-30,0.0886075949367087,65.12625,4374210.203125
2018-03-31,D,USD,715957,2018-05-04,2018-05-04 09:14:50,2018,Q1,3466000000.0,1893000000.0,1573000000.0,0.4538372764,0,0.0,0.0,0.0,698000000.0,698000000.0,2591000000.0,0.0,314000000.0,572000000.0,1448000000.0,0.4177726486,875000000.0,0.2524523947,-214000000.0,661000000.0,0.1907097519,135000000.0,503000000.0,0.1451240623,0.77,0.77,653246753,653246753,https://www.sec.gov/Archives/edgar/data/715957/000156459018010863/0001564590-18-010863-index.htm,https://www.sec.gov/Archives/edgar/data/103682/000156459018010863/d-10q_20180331.htm,5.305805170990264,0.7700000002908549,1.8859642154241216,0.1974751491799607,0.3138170975340462,30.680596433060263,20.87572565400872,27.078588479413384,57.78827039956217,44048428554.79,81295428554.79001,21.89285713458748,12.70872145262262,35.75359460616072,341.4606864712403,2.490159339408107,2.490159339408107,23.45511498984132,56.14325176435774,65.98654915161526,630.1971205797676,0.011419249596483,0.002928594826931,2.11634349030471,0.4839568735941257,25.72306629834254,0.4584002569868294,2.786624203821656,2.3422053231939164,0.0123500433011666,1.0815109343936382,0.0,0.0,0.0828011479690772,0.8952922077922078,0.3182342758222735,1.9283216783216783,0.0,21.659560142880224,0.0093674711049897,0.0070895995715232,-84.36360341158864,-5058000000.0,13637000000.0,-53031000000.0,55476000000.0,1768500000.0,788500000.0,1422000000.0,45.46739757645701,33.37559429477021,64.99207606973059,1.9794403198172472,2.6965811965811968,1.3847841989758596,0.0284357510317146,1.688489066244161,2018-04-27,1.03,bmo,3192368421.0,2025-04-25,2018-03-31,0.1067961165048542,73.84196721311474,5113089.131147541
2017-12-31,D,USD,715957,2018-02-27,2018-02-27 09:13:42,2017,Q4,3210000000.0,1573000000.0,1637000000.0,0.5099688474,0,0.0,0.0,0.0,633000000.0,633000000.0,2206000000.0,0.0,300000000.0,553000000.0,1557000000.0,0.485046729,1004000000.0,0.3127725857,-384000000.0,620000000.0,0.1931464174,-713000000.0,1312000000.0,0.4087227414,2.25,2.25,643900150,645000000,https://www.sec.gov/Archives/edgar/data/715957/000119312518059578/0001193125-18-059578-index.htm,https://www.sec.gov/Archives/edgar/data/103682/000119312518059578/d512216d10k.htm,4.98524499489556,2.037583001028964,1.3744367042001775,-0.7718588045056365,0.1956825138183303,30.08230391000841,19.07127991816744,26.62214009423666,58.43141984048303,52194546159.0,89398546159.0,9.94560711871189,16.259983227102804,58.97688831525424,-105.01920756338028,3.044834100980049,3.044834100980049,27.85001437975077,57.41717800834939,101.01530639435028,-179.87635042052315,0.0251367258947565,-0.0095220676598277,2.177342200443356,0.4873539204805118,23.8946692357097,0.4497716894977169,3.3466666666666667,0.6639159789947486,0.0095029085699689,0.3780487804878049,0.0,0.0,0.092576875367239,1.5615819209039548,0.4305295950155763,2.4990958408679926,0.014018691588785,34.935776110001264,0.0294387998636208,0.0188790560471976,-85.43405371158867,-5302000000.0,12280000000.0,-52881000000.0,55546000000.0,1645000000.0,816000000.0,1502000000.0,50.07476635514019,50.06357279084552,84.50731087094724,1.7973124300111982,1.7977142857142858,1.064996614759648,0.0765371601913429,2.146295508705814,2018-01-29,0.88,bmo,3139450549.0,2025-04-25,2017-12-31,0.0340909090909091,81.01238095238095,2147102.53968254
2017-09-30,D,USD,715957,2017-11-01,2017-11-01 08:02:52,2017,Q3,3179000000.0,1380000000.0,1799000000.0,0.5659012268,0,0.0,0.0,0.0,647000000.0,647000000.0,2027000000.0,0.0,305000000.0,561000000.0,1713000000.0,0.5388486946,1152000000.0,0.3623781063,-184000000.0,968000000.0,0.3044982699,272000000.0,665000000.0,0.2091852784,1.03,1.03,645631067,645631068,https://www.sec.gov/Archives/edgar/data/715957/000156459017020637/0001564590-17-020637-index.htm,https://www.sec.gov/Archives/edgar/data/103682/000156459017020637/d-10q_20170930.htm,4.9238646689844,1.0300000015333834,2.0321203037771416,-0.096030075330932,0.3655338351306443,28.657233125369416,18.73670679481104,25.215639135283432,57.36867677713532,49668397984.310005,86175397984.31,18.67233006928948,15.623906254894624,37.85701065877287,-801.1031932953226,3.050884397070639,3.050884397070639,27.107706191981755,50.30671219165791,65.68246797584604,-1389.925773940484,0.0133887950283814,-0.001248278634225,2.2563882063882064,0.4872464883076229,21.31173380035026,0.4666432994508704,3.777049180327869,1.8850574712643675,0.0097848938102156,0.7308270676691729,0.0,0.0,0.0849570903688769,1.0472560975609757,0.4322113872286883,2.449197860962567,0.0,24.17379651254973,0.0113964986332024,0.0096396370278027,-84.81856403604569,-4565000000.0,12097000000.0,-52895000000.0,54651000000.0,1449500000.0,726000000.0,1498000000.0,42.5794274929223,49.369565217391305,99.58695652173913,2.1136968085106385,1.822985468956407,0.9037328094302554,0.0408476658476658,2.1281503791080736,2017-10-30,1.02,bmo,3117865384.0,2025-04-25,2017-09-30,0.0196078431372549,77.76888888888888,2129996.6825396824
2017-06-30,D,USD,715957,2017-08-03,2017-08-03 09:02:44,2017,Q2,2813000000.0,1425000000.0,1388000000.0,0.4934233914,0,0.0,0.0,0.0,635000000.0,635000000.0,2060000000.0,0.0,308000000.0,540000000.0,1293000000.0,0.4596516175,753000000.0,0.2676857448,-200000000.0,553000000.0,0.1965872734,136000000.0,390000000.0,0.1386420192,0.62,0.62,629032258,629200000,https://www.sec.gov/Archives/edgar/data/715957/000156459017015133/0001564590-17-015133-index.htm,https://www.sec.gov/Archives/edgar/data/103682/000156459017015133/d-10q_20170630.htm,4.471948718407379,0.6200000000635898,1.5770256411873873,-0.5103076923600316,0.4212820513252597,27.351538464343747,17.178769232531156,23.803230771672126,59.37056410865339,48202741930.54,84980741930.54001,30.899193545217944,17.13570633862069,48.59147372030242,-150.16430507956386,3.2193108883016093,3.2193108883016093,30.21000424121579,65.72369832215004,85.66607049449598,-264.73751380230533,0.0080908260480698,-0.0066593722087959,2.473652574634342,0.5011772347162459,28.443928847641143,0.411597558408756,2.4448051948051948,2.3788968824940047,0.0098542112123927,1.2179487179487178,0.0,0.0,0.0865876430949094,1.3235887096774193,0.4667614646285105,2.4314814814814816,0.0,18.222378255839253,0.0079656263515677,0.0057775209990667,-86.88147436788528,-5591000000.0,10806000000.0,-52786000000.0,52556000000.0,1482500000.0,709500000.0,1461000000.0,44.63206541059367,43.89473684210526,92.77894736842104,2.016487455197133,2.050359712230216,0.9700476514635806,0.0260468843919054,2.0873333335474187,2017-08-02,0.67,bmo,2813000000.0,2025-04-25,2017-06-30,0.0,78.60587301587302,2433823.301587302
2017-03-31,D,USD,715957,2017-05-04,2017-05-04 12:16:08,2017,Q1,3384000000.0,1647000000.0,1737000000.0,0.5132978723,0,0.0,0.0,0.0,658000000.0,658000000.0,2305000000.0,0.0,292000000.0,548000000.0,1627000000.0,0.4807919622,1079000000.0,0.3188534279,-130000000.0,949000000.0,0.2804373522,275000000.0,632000000.0,0.1867612293,1.01,1.01,628100000,628100000,https://www.sec.gov/Archives/edgar/data/715957/000119312517157920/0001193125-17-157920-index.htm,https://www.sec.gov/Archives/edgar/data/103682/000119312517157920/d377987d10q.htm,5.387677121477472,1.0062092023563127,2.1652603088680147,-0.1194077376213978,0.804012099984079,27.353924534309822,17.166056360452156,23.749402961311898,57.96210794459481,48721716999.99999,84349717000.0,19.27283109177215,14.39767050827423,35.8247919117647,-649.6228933333332,3.266187370114634,3.266187370114634,24.926039302600472,51.84371051014136,62.02185073529411,-1124.6628933333334,0.0129716282371575,-0.0015393546167512,2.4209961788563383,0.4957173447537473,21.8979717271051,0.5464167304259118,3.695205479452055,2.0178041543026706,0.0097287211778681,0.75,0.0,0.0,0.0878356119255476,1.0551470588235294,0.4240543735224586,2.6186131386861318,0.0,23.18791766692638,0.0109431765454287,0.0095104810918995,-84.79859894921191,-3557000000.0,10782000000.0,-51386000000.0,53558000000.0,1638000000.0,862000000.0,1488500000.0,41.755319148936174,39.56284153005465,79.39890710382514,2.155414012738853,2.2748618784530388,1.1335168616655196,0.0423677683180264,2.2846680464894127,2017-05-04,0.96,bmo,3349113402.0,2025-04-25,2017-03-31,0.0104166666666666,75.6467741935484,2610017.64516129
2016-12-31,D,USD,715957,2017-02-28,2017-02-28 08:30:57,2016,Q4,3086000000.0,1672000000.0,1414000000.0,0.458198315,0,0.0,0.0,0.0,595000000.0,595000000.0,2267000000.0,0.0,295000000.0,524000000.0,1343000000.0,0.435191186,819000000.0,0.2653920933,-234000000.0,585000000.0,0.1895657809,94000000.0,457000000.0,0.14808814,0.73,0.73,627100340,628000000,https://www.sec.gov/Archives/edgar/data/715957/000119312517060413/0001193125-17-060413-index.htm,https://www.sec.gov/Archives/edgar/data/103682/000119312517060413/d334692d10k.htm,4.921062552764682,0.7287510001987879,1.1816290834733083,-1.288470039738776,0.432147748476743,26.853756768813103,15.664159901428215,23.28973382473369,56.43434988410308,48029615040.6,82863615040.6,26.2744064773523,15.563711937977963,64.81729425182186,-59.4425928720297,3.288573436535433,3.288573436535433,26.85146307213221,61.70038350007447,111.82674094547907,-102.55397901064356,0.0095149627914713,-0.0168229539070214,2.4029441971927423,0.4900851836335707,25.937453462397617,0.5234750462107209,2.776271186440678,1.509164969450102,0.0091610145038235,0.962800875273523,0.0,0.0,0.097989107666527,2.0904183535762484,0.5019442644199611,2.956106870229008,0.0106934543097861,19.54173427387165,0.01005573516289,0.0070750700540306,-83.65088751187729,-3867000000.0,9823000000.0,-50522000000.0,53114000000.0,1549000000.0,842500000.0,1520000000.0,49.75372650680493,53.82775119617225,82.03349282296651,1.8089097303634232,1.672,1.0971128608923884,0.0312906538856556,2.4700991232120844,2017-02-01,1.0,bmo,3117171717.0,2025-04-25,2016-12-31,-0.01,73.70380952380953,2541701.031746032
2016-09-30,D,USD,715957,2016-11-09,2016-11-09 11:56:36,2016,Q3,3132000000.0,1442000000.0,1690000000.0,0.5395913155,0,0.0,0.0,0.0,545000000.0,545000000.0,1987000000.0,0.0,250000000.0,472000000.0,1617000000.0,0.5162835249,1145000000.0,0.3655810983,-187000000.0,958000000.0,0.3058748404,230000000.0,690000000.0,0.2203065134,1.1,1.1,627272727,627272727,https://www.sec.gov/Archives/edgar/data/715957/000119312516763981/0001193125-16-763981-index.htm,https://www.sec.gov/Archives/edgar/data/103682/000119312516763981/d289364d10q.htm,4.993043480431758,1.1000000004782609,2.180869566165596,-0.0127536231939508,0.4144927538034026,25.81333334455652,15.602463774899622,23.846086966889604,55.77318843004631,46587545434.29,81071545434.29001,16.87954544720652,14.874695221676246,34.05522327067982,-5823.44317928625,3.1145571222282387,3.1145571222282387,25.88491233534164,50.13701016344466,59.26282560986112,-10133.94317928625,0.014810825373344,-0.0001717197144735,2.322168739136248,0.4990732625468757,21.32591218305504,0.4208485654148665,4.58,1.879120879120879,0.009401654367427,0.6347826086956522,0.0,0.0,0.0920271842986249,1.0058479532163742,0.4393358876117497,2.915254237288136,0.0,24.29383980944804,0.0130646303923965,0.0109187581099471,-81.8543478616758,-5228000000.0,9787000000.0,-49608000000.0,50065000000.0,1266000000.0,637000000.0,1433500000.0,40.0,42.75312066574202,94.61858529819696,2.25,2.105109489051095,0.9511873350923484,0.0461291616526273,2.1936231893595464,2016-10-31,1.07,bmo,2939684210.0,2025-04-25,2016-09-30,0.0654205607476633,76.1921875,2669914.421875
2016-06-30,D,USD,715957,2016-08-03,2016-08-03 11:00:15,2016,Q2,2598000000.0,1317000000.0,1281000000.0,0.4930715935,0,0.0,0.0,0.0,500000000.0,500000000.0,1817000000.0,0.0,239000000.0,429000000.0,1210000000.0,0.4657428791,781000000.0,0.3006158584,-167000000.0,614000000.0,0.2363356428,152000000.0,452000000.0,0.1739799846,0.73,0.73,615600000,617000000,https://www.sec.gov/Archives/edgar/data/715957/000119312516669379/0001193125-16-669379-index.htm,https://www.sec.gov/Archives/edgar/data/103682/000119312516669379/d234681d10q.htm,4.220272904483431,0.7342430149447693,1.3417803768680965,-1.3596491228070176,0.6189083820662769,25.10071474983756,19.749837556855105,23.15139701104613,48.42592592592592,47973708000.00001,77168708000.0,26.534130530973457,18.465630484988456,58.07954963680388,-57.31625806451614,3.366103564412013,3.366103564412013,29.703120862201693,63.77579173553719,93.42458595641646,-92.19678375149344,0.0094218274726648,-0.0174470566252664,2.0749368509682853,0.4818719548957943,24.12809917355372,0.5701899256812551,3.2677824267782425,1.7878787878787878,0.0090049324517504,0.9557522123893806,0.0,0.0,0.0536753083804526,2.013317191283293,0.6401077752117013,3.876456876456877,0.0,19.55688905949541,0.0099491751677111,0.0077830391734825,-71.48391812865498,-3123000000.0,12158000000.0,-41774000000.0,43853000000.0,1157500000.0,629500000.0,1327500000.0,39.4919168591224,40.250569476082006,92.3234624145786,2.278947368421053,2.235993208828523,0.9748334566987416,0.031714847039012,2.701429499675114,2016-08-03,0.71,bmo,2598000000.0,2025-04-25,2016-06-30,0.0,72.56078125,2865803.828125
2016-03-31,D,USD,715957,2016-05-05,2016-05-05 10:53:57,2016,Q1,2921000000.0,1524000000.0,1397000000.0,0.4782608696,0,0.0,0.0,0.0,515000000.0,515000000.0,2039000000.0,0.0,226000000.0,424000000.0,1306000000.0,0.4471071551,882000000.0,0.3019513865,-172000000.0,710000000.0,0.2430674427,179000000.0,524000000.0,0.1793906197,0.88,0.88,596600000,598200000,https://www.sec.gov/Archives/edgar/data/715957/000119312516579092/0001193125-16-579092-index.htm,https://www.sec.gov/Archives/edgar/data/103682/000119312516579092/d194158d10q.htm,4.896077774052967,0.8783104257458934,1.9979886020784443,-0.511230305062018,0.3922225947033188,23.49145155883339,17.970164264163593,21.58900435802883,48.96748240026819,44816592000.0,73586592000.0,21.38196183206107,15.342893529613146,37.59781208053691,-146.93964590163935,3.479549068322981,3.479549068322981,25.1922601848682,56.34501684532925,61.73371812080537,-241.2675147540984,0.011692098319301,-0.0068055152431046,2.2506211180124223,0.487152340139484,22.029096477794795,0.4936153232242617,3.902654867256637,2.2448210922787197,0.0093045896930315,0.7958015267175572,0.0,0.0,0.0553566927148979,1.2558724832214765,0.5124957206436151,3.5306603773584904,0.0,20.655303706443792,0.011585377166312,0.0093220188219387,-73.28654039557493,-3807000000.0,10721000000.0,-41779000000.0,42110000000.0,1187500000.0,698000000.0,1326000000.0,36.20335501540568,39.566929133858274,77.00787401574804,2.4859574468085106,2.274626865671642,1.1687116564417177,0.0406832298136645,2.5092189071404625,2016-05-04,0.94,bmo,2860145833.0,2025-04-25,2016-03-31,0.0212765957446808,70.74967213114753,3316866.393442623
2015-12-31,D,USD,715957,2016-02-26,2016-02-26 12:51:50,2015,Q4,2556000000.0,1441000000.0,1115000000.0,0.436228482,0,0.0,0.0,0.0,477000000.0,477000000.0,1918000000.0,0.0,230000000.0,419000000.0,1057000000.0,0.4135367762,638000000.0,0.2496087637,-161000000.0,477000000.0,0.1866197183,111000000.0,357000000.0,0.1396713615,0.6,0.6,595700000,596600000,https://www.sec.gov/Archives/edgar/data/715957/000119312516480850/0001193125-16-480850-index.htm,https://www.sec.gov/Archives/edgar/data/103682/000119312516480850/d126742d10k.htm,4.2907503777069,0.599294947121034,1.7156286721504113,-1.5460802417324155,1.0240053718314588,22.83364109451066,16.347154608024173,21.259022998153437,48.986066812153766,40293148000.0,68637148000.0,28.216490196078432,15.76414241001565,39.42578082191781,-43.74934636264929,3.181707833228048,3.181707833228048,26.853344287949923,64.93580700094607,67.15963600782779,-74.52459066232356,0.0088600672253257,-0.0228574843544118,2.286086544535692,0.4923890674694287,26.8155156102176,0.5161330049261084,2.773913043478261,2.7923497267759565,0.0095797925741617,1.0812324929971988,0.0,0.0,0.0657176386550334,1.901174168297456,0.7601721439749609,4.637231503579952,0.0152582159624413,16.93102371179227,0.0087144564520688,0.0064988258423898,-72.20245089810307,-3929000000.0,9738000000.0,-41004000000.0,41489000000.0,1244500000.0,715500000.0,1329000000.0,42.25352112676056,45.34351145038168,84.1915336571825,2.13,1.9848484848484849,1.0689910979228487,0.028190145293746,3.261708913882827,2016-02-01,0.89,amc,3249771428.0,2025-04-25,2015-12-31,-0.2134831460674157,69.0646875,2333363.9375
2015-09-30,D,USD,715957,2015-11-03,2015-11-03 10:48:39,2015,Q3,2971000000.0,1360000000.0,1611000000.0,0.5422416695,0,0.0,0.0,0.0,488000000.0,488000000.0,1848000000.0,0.0,230000000.0,428000000.0,1551000000.0,0.522046449,1123000000.0,0.3779872097,-219000000.0,904000000.0,0.304274655,305000000.0,593000000.0,0.1995960956,1.0,1.0,594600000,595500000,https://www.sec.gov/Archives/edgar/data/715957/000119312515363617/0001193125-15-363617-index.htm,https://www.sec.gov/Archives/edgar/data/103682/000119312515363617/d26009d10q.htm,4.996636394214598,0.9973091153716784,2.174571140262361,0.0521358896737302,0.4187689202825428,22.32761520349815,16.787756474941137,21.177262024890684,46.34712411705348,41847948000.0,68937948000.0,17.642473861720067,14.085475597441938,32.36500232018562,1349.933806451613,3.3233757941550186,3.3233757941550186,23.203617637159205,44.44741972920696,53.31627842227378,2223.8047741935484,0.0141703483286683,0.0007407770627128,2.170266836086404,0.4828353857842011,17.46615087040619,0.6111769937740883,4.8826086956521735,2.1585976627712853,0.0091999731982079,0.6492411467116358,0.0,0.0,0.0581989081079171,0.9760247486465584,0.4247728037697745,2.948598130841121,0.0,21.79922522157277,0.013759462382835,0.011124659975612,-69.714513958964,-2623000000.0,9982000000.0,-39200000000.0,40452000000.0,1311500000.0,773500000.0,1285000000.0,39.04745876809155,46.65441176470588,86.69117647058823,2.30488750969744,1.929078014184397,1.0381679389312977,0.0470933926302414,2.122435250588631,2015-11-02,1.05,bmo,3057533980.0,2025-04-25,2015-09-30,-0.019047619047619,70.2678125,2651496.828125
2015-06-30,D,USD,715957,2015-08-06,2015-08-06 09:23:37,2015,Q2,2747000000.0,1501000000.0,1246000000.0,0.4535857299,0,0.0,0.0,0.0,473000000.0,473000000.0,1974000000.0,0.0,221000000.0,408000000.0,1181000000.0,0.429923553,773000000.0,0.2813978886,-165000000.0,608000000.0,0.2213323626,190000000.0,413000000.0,0.1503458318,0.7,0.7,591500000,592500000,https://www.sec.gov/Archives/edgar/data/715957/000119312515280118/0001193125-15-280118-index.htm,https://www.sec.gov/Archives/edgar/data/103682/000119312515280118/d159173d10q.htm,4.644125105663568,0.6982248520710059,1.7396449704142012,-0.5528317836010144,0.459847844463229,21.73288250211327,16.163989856297547,21.000845308537617,45.99661876584953,39553605000.0,66268605000.0,23.942860169491528,14.398836912995996,38.43887755102041,-120.95903669724773,3.184157543068749,3.184157543068749,24.123991627229707,56.11228196443692,64.40097667638484,-202.65628440366973,0.0104415261263796,-0.0082672616061165,2.172436000644019,0.4823924779235637,22.620660457239627,0.6609263657957245,3.497737556561086,2.4617224880382773,0.0097083439044304,0.9297820823244553,0.0,0.0,0.0588824139287118,1.3177842565597668,0.4936294139060793,3.323529411764706,0.0,18.16382455461114,0.0099841718644322,0.0078445524996201,-69.62721893491124,-2284000000.0,9561000000.0,-38635000000.0,39678000000.0,1461500000.0,893500000.0,1243500000.0,43.7058609392064,50.486342438374415,75.54963357761493,2.059220389805098,1.7826603325415675,1.1912698412698413,0.0332474641764611,2.292476754015216,2015-08-05,0.72,bmo,2709369863.0,2025-04-25,2015-06-30,0.0138888888888889,70.36126984126984,2515601.4603174604
2015-03-31,D,USD,715957,2015-05-05,2015-05-05 11:27:39,2015,Q1,3409000000.0,1899000000.0,1510000000.0,0.4429451452,0,0.0,0.0,0.0,508000000.0,508000000.0,2407000000.0,0.0,223000000.0,414000000.0,1416000000.0,0.4153710766,1002000000.0,0.2939278381,-163000000.0,839000000.0,0.2461132297,299000000.0,536000000.0,0.1572308595,0.91,0.91,587900000,589900000,https://www.sec.gov/Archives/edgar/data/715957/000119312515170979/0001193125-15-170979-index.htm,https://www.sec.gov/Archives/edgar/data/103682/000119312515170979/d917911d10q.htm,5.798605204966831,0.911719680217724,1.923796564041504,0.1990134376594658,0.4898792311617622,21.119237965640416,15.51624425922776,20.430345296819187,45.24238816125192,41664473000.0,67764473000.0,19.433056436567167,12.221904664124375,36.83861450044209,356.1066068376068,3.468859628673716,3.468859628673716,19.878108829568788,47.856266242937856,59.91553757736517,579.1835299145299,0.0128646772995304,0.0028081478433676,2.19590375489135,0.4781891362680397,18.43220338983051,0.6299713252711632,4.493273542600897,2.094444444444445,0.0091444814386587,0.710820895522388,0.0,0.0,0.0597215171513525,0.896551724137931,0.2974479319448518,2.449275362318841,0.0,20.47197663433987,0.0123107434785344,0.0103351201264895,-69.13888416397346,-2968000000.0,9122000000.0,-37687000000.0,37552000000.0,1551500000.0,948500000.0,1318500000.0,41.950718685831625,44.78672985781991,58.15165876777251,2.145374449339207,2.009523809523809,1.547677261613692,0.0446257597202564,1.7247831263820377,2015-05-04,0.96,bmo,3305696969.0,2025-04-25,2015-03-31,0.03125,74.18409836065572,2871893.24590164
2014-12-31,D,USD,715957,2015-02-27,2015-02-27 10:12:32,2014,Q4,2943000000.0,1865000000.0,1078000000.0,0.3662928984,0,0.0,0.0,0.0,440000000.0,440000000.0,2305000000.0,0.0,498000000.0,389000000.0,1027000000.0,0.3489636425,638000000.0,0.2167855929,-414000000.0,224000000.0,0.0761128101,-25000000.0,243000000.0,0.0825688073,0.41,0.41,584200000,587900000,https://www.sec.gov/Archives/edgar/data/715957/000119312515067777/0001193125-15-067777-index.htm,https://www.sec.gov/Archives/edgar/data/103682/000119312515067777/d856078d10k.htm,5.0376583361862375,0.4159534406025333,1.7613830879835672,-0.9825402259500172,0.5665867853474837,20.46730571722013,14.281068127353644,19.779185210544338,45.280725778842864,44924980000.0,70561980000.0,46.21911522633745,15.265028882093102,43.65887269193392,-78.2665156794425,3.887925573344873,3.887925573344873,23.976207951070336,68.70689386562805,68.5733527696793,-122.9302787456446,0.0054090174330628,-0.0127768559941484,2.2462137602769365,0.4777550757450255,24.962999026290166,0.7800777993887191,1.2811244979919678,4.132530120481928,0.0077907658500905,1.440329218106996,0.0,0.0,0.0665230916487197,1.5578231292517006,0.544682296975875,4.120822622107969,0.0132517838939857,13.605603741268332,0.0138034091193455,0.004791670774752,-68.80948305374872,-1583000000.0,8343000000.0,-36755000000.0,38301000000.0,1426500000.0,900000000.0,1397500000.0,46.29969418960245,45.94101876675603,68.04289544235924,1.9438573315719947,1.959033613445378,1.322695035460993,0.0210298572046733,2.743923313933585,2015-02-06,0.85,amc,2907964285.0,2025-04-25,2014-12-31,-0.0117647058823529,72.3740625,2822195.328125
2014-09-30,D,USD,715957,2014-11-03,2014-11-03 16:05:39,2014,Q3,3050000000.0,1652000000.0,1398000000.0,0.4583606557,0,0.0,0.0,0.0,477000000.0,477000000.0,2129000000.0,0.0,231000000.0,423000000.0,1344000000.0,0.4406557377,921000000.0,0.3019672131,-162000000.0,759000000.0,0.248852459,228000000.0,529000000.0,0.173442623,0.91,0.9,583100000,584600000,https://www.sec.gov/Archives/edgar/data/715957/000119312514394022/0001193125-14-394022-index.htm,https://www.sec.gov/Archives/edgar/data/103682/000119312514394022/d814238d10q.htm,5.230663694049048,0.9072200308694908,1.6515177499571256,-0.6688389641570914,0.4578974446921626,19.847367518435945,14.626993654604698,19.847367518435945,43.07494426341965,40286379000.0,64954379000.0,19.03893147448015,13.208648852459016,41.83424610591901,-103.29840769230768,3.481066188542297,3.481066188542297,21.29651770491803,48.32915104166667,67.45003011422638,-166.54968974358974,0.0131309890124401,-0.0096806913324228,2.15034995247559,0.4760228772547294,18.354166666666668,0.718564454413511,3.987012987012987,1.8135593220338984,0.0086877999137127,0.6616257088846881,0.0,0.0,0.0582260563514986,1.4049844236760125,0.4436065573770492,3.198581560283688,0.0,20.127926144711378,0.0131636832634519,0.010744389154057,-66.44186245926942,-2133000000.0,8529000000.0,-35260000000.0,35795000000.0,1410500000.0,850000000.0,1323000000.0,39.51147540983607,46.19854721549637,75.45399515738498,2.2778192681105303,1.94811320754717,1.192779783393502,0.0457098418733258,2.320356714114217,2014-10-31,0.95,bmo,3115591397.0,2025-04-25,2014-09-30,-0.0210526315789472,69.04125,2119890.203125
2014-06-30,D,USD,715957,2014-07-30,2014-07-30 16:55:06,2014,Q2,2813000000.0,1977000000.0,836000000.0,0.2971916104,0,0.0,0.0,0.0,442000000.0,442000000.0,2419000000.0,0.0,227000000.0,370000000.0,764000000.0,0.2715961607,394000000.0,0.1400639886,-170000000.0,224000000.0,0.0796302879,63000000.0,159000000.0,0.0565232847,0.27,0.27,581900000,583900000,https://www.sec.gov/Archives/edgar/data/715957/000119312514287078/0001193125-14-287078-index.htm,https://www.sec.gov/Archives/edgar/data/103682/000119312514287078/d764793d10q.htm,4.834163945695137,0.2732428252277024,1.192644784327204,-0.9881422924901184,0.7784842756487369,19.877985908231658,14.646846537205706,19.877985908231658,42.352637910293865,41617488000.0,65616488000.0,65.43630188679245,14.794698897973694,59.96756195965418,-72.37824,3.597950030258494,3.597950030258494,23.32615997156061,85.8854554973822,94.54825360230548,-114.11563130434784,0.0038205093012821,-0.0138163072216179,2.1110054465289183,0.4741451290316317,31.412303664921467,0.767775783515118,1.73568281938326,4.3105590062111805,0.0083858977745124,2.19496855345912,0.0,0.0,0.0591079438435697,1.8285302593659944,0.4511198009242801,3.4297297297297296,0.0,11.054823976958549,0.0059824974649315,0.0032813951088638,-64.8513490290428,-1682000000.0,8523000000.0,-34371000000.0,35249000000.0,1643500000.0,997500000.0,1137000000.0,47.41557056523285,38.78603945371776,57.405159332321695,1.898110661268556,2.3204225352112675,1.5678033306899286,0.0137460015561511,2.1807870768173228,2014-07-30,0.61,bmo,2813000000.0,2025-04-25,2014-06-30,0.0163934426229508,70.14825396825397,2334273.587301587
2014-03-31,D,USD,715957,2014-04-30,2014-04-30 15:29:32,2014,Q1,3630000000.0,2387000000.0,1243000000.0,0.3424242424,0,0.0,0.0,0.0,475000000.0,475000000.0,2862000000.0,0.0,237000000.0,378000000.0,1146000000.0,0.3157024793,768000000.0,0.2115702479,-197000000.0,571000000.0,0.1573002755,186000000.0,379000000.0,0.1044077135,0.65,0.65,581600000,582900000,https://www.sec.gov/Archives/edgar/data/715957/000119312514171734/0001193125-14-171734-index.htm,https://www.sec.gov/Archives/edgar/data/103682/000119312514171734/d720537d10q.htm,6.2414030261348,0.6516506189821183,1.2947042640990372,-0.6310178817056397,0.4986244841815681,20.11519944979367,14.877922971114169,20.11519944979367,40.54848693259972,41287784000.0,64405784000.0,27.234686015831137,11.37404517906336,54.83105444887118,-112.50077384196186,3.529172065988546,3.529172065988546,17.742640220385674,56.20050959860384,85.53224966799469,-175.49259945504087,0.0091794706153277,-0.0088888277462408,1.995555175656039,0.4615110900249081,20.172774869109947,0.8625413320736892,3.240506329113924,1.955844155844156,0.0084528634426105,0.920844327176781,0.0,0.0,0.0602142885383307,1.4873837981407705,0.3085399449035813,2.962962962962963,0.0,17.17357996688964,0.010986302271788,0.0079722339082877,-63.164975928473176,-873000000.0,8653000000.0,-33409000000.0,35300000000.0,1750000000.0,1155500000.0,1094500000.0,44.75206611570248,43.09593632174277,38.194386258902384,2.011080332409972,2.0883639545056867,2.3563672260612045,0.0323959312761774,1.9257221458046767,2014-04-30,0.96,bmo,3385673076.0,2025-04-25,2014-03-31,0.0833333333333334,68.28950819672131,2557061.098360656
2013-12-31,D,USD,715957,2014-02-28,2014-02-27 17:37:14,2013,Q4,3185000000.0,1961000000.0,1224000000.0,0.3843014129,0,0.0,0.0,0.0,420000000.0,420000000.0,2381000000.0,0.0,229000000.0,286000000.0,1103000000.0,0.346310832,804000000.0,0.252433281,-186000000.0,618000000.0,0.1940345369,183000000.0,431000000.0,0.135321821,0.74,0.74,580500000,581600000,https://www.sec.gov/Archives/edgar/data/715957/000119312514073496/0001193125-14-073496-index.htm,https://www.sec.gov/Archives/edgar/data/103682/000119312514073496/d660169d10k.htm,5.486649440137812,0.7424633936261843,0.8320413436692506,-1.107665805340224,0.7441860465116279,20.055124892334195,13.77433247200689,20.055124892334195,39.629629629629626,37552545000.0,60012545000.0,21.7822186774942,11.790437990580848,77.7485403726708,-58.40209175738725,3.2256094313691803,3.2256094313691803,18.84224332810047,54.40847234814143,124.24957556935816,-93.3321073094868,0.0114772514086595,-0.0171226743753319,1.9563648857584608,0.4546470776109869,20.362647325475976,0.8492993994852731,3.510917030567686,1.110344827586207,0.0086811692789396,0.7563805104408353,0.0,0.0,0.0727802618971574,2.331262939958592,0.3535321821036106,3.937062937062937,0.0097331240188383,18.30380867363639,0.0121578226797518,0.0092787944025834,-62.29586563307493,-1054000000.0,7996000000.0,-32514000000.0,35220000000.0,1597000000.0,1074000000.0,1193000000.0,47.89638932496076,53.605303416624174,53.9724630290668,1.87905604719764,1.6789383561643836,1.6675170068027212,0.0370211303899673,1.9397071490094744,2014-01-31,0.89,bmo,3543312500.0,2025-04-25,2013-12-31,-0.1011235955056179,64.35640625,2478856.3125
2013-09-30,D,USD,715957,2013-11-05,2013-11-05 12:24:33,2013,Q3,3432000000.0,1955000000.0,1477000000.0,0.4303613054,0,0.0,0.0,0.0,443000000.0,443000000.0,2398000000.0,0.0,217000000.0,375000000.0,1409000000.0,0.4105477855,1034000000.0,0.3012820513,-131000000.0,903000000.0,0.2631118881,305000000.0,569000000.0,0.1657925408,0.98,0.98,579400000,580100000,https://www.sec.gov/Archives/edgar/data/715957/000119312513427104/0001193125-13-427104-index.htm,https://www.sec.gov/Archives/edgar/data/103682/000119312513427104/d619807d10q.htm,5.923369002416293,0.9820503969623748,2.0003451846738005,0.2260959613393165,0.6506731101139109,19.402830514325164,14.074905074214705,19.402830514325164,38.04280289955126,36200912000.0,57738912000.0,15.905497363796131,10.548051282051285,31.234609145815355,276.3428396946565,3.2201487279843444,3.2201487279843444,16.82369230769231,40.97864584811924,49.81787057808456,440.7550534351145,0.0157178360589368,0.0036186933633053,1.9413805372709485,0.4501113677610955,15.286018452803408,0.8073764140709747,4.764976958525345,2.0156521739130437,0.0090052979880727,0.5729349736379613,0.0,0.0,0.0636652367596106,0.8869715271786023,0.2995337995337995,2.7413333333333334,0.0,20.705736927182787,0.0151082903912849,0.0125327635955155,-60.64851570590266,-1243000000.0,8155000000.0,-32036000000.0,33705000000.0,1573000000.0,944500000.0,1182000000.0,39.30944055944056,45.11508951406649,55.70332480818414,2.2895263509006005,1.9948979591836733,1.615702479338843,0.0506137697918519,1.774249223334484,2013-11-05,0.9,bmo,3088800000.0,2025-04-25,2013-09-30,0.111111111111111,59.3134375,2696190.03125
2013-06-30,D,USD,715957,2013-08-06,2013-08-06 13:03:27,2013,Q2,2980000000.0,1988000000.0,992000000.0,0.332885906,0,0.0,0.0,0.0,444000000.0,444000000.0,2432000000.0,0.0,203000000.0,363000000.0,911000000.0,0.305704698,548000000.0,0.1838926174,-154000000.0,394000000.0,0.1322147651,116000000.0,202000000.0,0.0677852349,0.35,0.35,578100000,578900000,https://www.sec.gov/Archives/edgar/data/715957/000119312513321004/0001193125-13-321004-index.htm,https://www.sec.gov/Archives/edgar/data/103682/000119312513321004/d578723d10q.htm,5.154817505621865,0.3494205154817505,1.2783255492129388,-0.5310499913509773,0.328662861096696,19.13163812489189,13.72599896211728,19.03303926656288,38.54869399757827,32512344000.0,54404344000.0,40.238049504950496,10.91018255033557,43.99505277401895,-105.9034006514658,2.9548617649731894,2.9548617649731894,18.256491275167782,59.71936772777168,73.61886874154263,-177.21284690553745,0.0062130248129756,-0.0094425674137798,2.0069072071253293,0.4559947135836121,24.03073545554336,0.79476752067236,2.6995073891625614,3.5528846153846154,0.0100269608367824,1.613861386138614,0.0,0.0,0.0645314500474951,1.415426251691475,0.351006711409396,2.881542699724518,0.0,12.232621297718776,0.0085754817910611,0.0044590627138473,-61.17237502162256,-1514000000.0,7935000000.0,-31503000000.0,33165000000.0,1739000000.0,929500000.0,1096500000.0,49.74161073825504,41.15191146881288,52.243460764587525,1.809350333940498,2.187018701870187,1.7227036395147313,0.0183586294646914,1.8093755405639165,2013-08-06,0.65,bmo,3124193548.0,2025-04-25,2013-06-30,-0.0461538461538461,58.58140625,2838887.15625
2013-03-31,D,USD,715957,2013-04-25,2013-04-25 12:07:51,2013,Q1,3523000000.0,2129000000.0,1394000000.0,0.3956854953,0,0.0,0.0,0.0,464000000.0,464000000.0,2593000000.0,0.0,228000000.0,366000000.0,1296000000.0,0.3678682941,930000000.0,0.2639795629,-141000000.0,789000000.0,0.223956855,288000000.0,495000000.0,0.1405052512,0.86,0.86,576600000,577500000,https://www.sec.gov/Archives/edgar/data/715957/000119312513172823/0001193125-13-172823-index.htm,https://www.sec.gov/Archives/edgar/data/103682/000119312513172823/d524933d10q.htm,6.10995490808186,0.858480749219563,1.824488380159556,0.2566770724939299,0.0607006590357266,18.952480055497745,13.52757544224766,18.84842178286507,37.37946583420049,33552354000.0,54842354000.0,16.945633333333333,9.52380187340335,31.893872623574143,226.70509459459456,3.087261133603239,3.087261133603239,15.566946920238433,42.31663117283951,52.13151520912548,370.55644594594594,0.0147530632276948,0.00441101688424,1.9621825542878173,0.4526063333050343,16.42746913580247,0.7383820998278829,4.078947368421052,2.095617529880478,0.0096565504763093,0.6545454545454545,0.0,0.0,0.0663893369555989,0.8593155893536122,0.2565994890718138,2.469945355191257,0.0,19.080688226833107,0.0133529071654411,0.0112530690188233,-59.41770724939299,-1824000000.0,7800000000.0,-31040000000.0,32213000000.0,1774000000.0,1043500000.0,1149000000.0,46.77547544706216,40.15969938938469,43.92202912165336,1.9240851993446204,2.241052631578947,2.0490856592877766,0.0455465587044534,1.5678113076656262,2013-04-25,0.88,bmo,3735228915.0,2025-04-25,2013-03-31,-0.0568181818181818,54.89183333333334,2042457.0333333332
2012-12-31,D,USD,715957,2013-02-28,2013-02-28 12:09:51,2012,Q4,3167000000.0,6172000000.0,-3005000000.0,-0.9488474897,0,0.0,0.0,0.0,-2113000000.0,-2113000000.0,4059000000.0,0.0,215000000.0,363000000.0,-703000000.0,-0.221976634,-892000000.0,-0.2816545627,-166000000.0,-1058000000.0,-0.3340700979,-406000000.0,-659000000.0,-0.2080833596,-1.15,-1.14,575300000,576600000,https://www.sec.gov/Archives/edgar/data/715957/000119312513082933/0001193125-13-082933-index.htm,https://www.sec.gov/Archives/edgar/data/103682/000119312513082933/d431694d10k.htm,5.504953937076308,-1.1454893099252563,1.173300886494003,-1.0185989918303493,0.4936554840952546,18.46862506518338,12.096297583869283,18.36954632365722,37.72118894489832,29800540000.0,51038540000.0,-11.3052124430956,9.409706346700348,44.14894814814814,-50.8541638225256,2.8198845571536717,2.8198845571536717,16.115737290811495,-72.60105263157895,75.61265185185185,-87.09648464163823,-0.0221136932418003,-0.019664073201358,2.033118849356548,0.4587300909517913,-30.210526315789476,0.6621151616643051,-4.148837209302326,-1.0352760736196318,0.0103018267454213,-0.4658573596358118,0.0,0.0,0.0782697809470942,1.868148148148148,0.3981686138301231,3.4738292011019283,0.0078939059046416,,-0.0125760998227274,-0.0152645233021402,-59.1200243351295,-2623000000.0,6959000000.0,-31073000000.0,31816000000.0,1698000000.0,1078500000.0,1258000000.0,48.79381117777076,16.579714841218404,18.358716785482827,1.8444962143273151,5.428320140721196,4.902303415409055,-0.0623580620741862,2.1918998783243526,2013-01-31,0.68,bmo,3101000000.0,2025-04-25,2012-12-31,0.014705882352941,51.627096774193554,2158331.419354839
2012-09-30,D,USD,715957,2012-10-25,2012-10-25 13:51:18,2012,Q3,3332000000.0,2372000000.0,960000000.0,0.2881152461,0,0.0,0.0,0.0,409000000.0,409000000.0,2781000000.0,0.0,197000000.0,376000000.0,927000000.0,0.2782112845,551000000.0,0.1653661465,-141000000.0,410000000.0,0.1230492197,143000000.0,209000000.0,0.06272509,0.36,0.36,573800000,574700000,https://www.sec.gov/Archives/edgar/data/715957/000119312512435134/0001193125-12-435134-index.htm,https://www.sec.gov/Archives/edgar/data/103682/000119312512435134/d429453d10q.htm,5.806901359358662,0.3642384105960264,1.854304635761589,0.2439874520738933,0.2073893342628093,20.70059254095504,15.226559776925756,20.596026490066222,36.42035552457302,30302378000.0,50922378000.0,36.24686363636364,9.094351140456183,28.479678571428572,216.44555714285715,2.5640868167202573,2.5640868167202573,15.282826530612246,54.93244660194175,47.85937781954888,363.7312714285714,0.0068971484680179,0.0046200994522608,1.751650025385006,0.4415177238408053,22.243797195253507,0.7090825967692777,2.796954314720812,4.948837209302326,0.0101312180846004,1.4688995215311005,0.0,0.0,0.0669922791451606,0.868421052631579,0.2773109243697479,2.4574468085106385,0.0,12.99199518742391,0.0081771598463916,0.0047776888787289,-57.5135064482398,-1909000000.0,8737000000.0,-30355000000.0,32755000000.0,1678500000.0,968500000.0,1254000000.0,45.35114045618247,38.70151770657673,47.693929173693085,1.984514592019059,2.3254901960784315,1.88703261734288,0.017684887459807,1.6103171836876962,2012-10-25,0.98,bmo,3513086956.0,2025-04-25,2012-09-30,-0.0612244897959183,53.54587301587301,1714463.7936507936
2012-06-30,D,USD,715957,2012-08-01,2012-08-01 12:29:21,2012,Q2,3005000000.0,1961000000.0,1044000000.0,0.3474209651,0,0.0,0.0,0.0,416000000.0,416000000.0,2377000000.0,0.0,209000000.0,351000000.0,979000000.0,0.3257903494,628000000.0,0.208985025,-165000000.0,463000000.0,0.1540765391,166000000.0,258000000.0,0.0858569052,0.45,0.45,572000000,573100000,https://www.sec.gov/Archives/edgar/data/715957/000119312512327880/0001193125-12-327880-index.htm,https://www.sec.gov/Archives/edgar/data/103682/000119312512327880/d388091d10q.htm,5.253496503496503,0.451048951048951,1.3548951048951048,-0.3566433566433566,0.2832167832167832,20.896853146853147,15.405594405594403,20.7972027972028,36.50874125874126,30888000000.0,51400000000.0,29.930232558139537,10.278868552412646,39.85548387096775,-151.41176470588235,2.5965030262273032,2.5965030262273032,17.104825291181363,52.50255362614913,66.3225806451613,-251.9607843137255,0.0083527583527583,-0.0066045066045066,1.7378950907868191,0.4454067562909342,20.951991828396324,0.6923302967969439,3.004784688995215,2.9245283018867925,0.0099067599067599,1.186046511627907,0.0,0.0,0.0676706308169596,1.2632258064516129,0.3257903494176373,0.0,0.0,14.527990962094147,0.0093076022414775,0.0059618717504332,-56.67307692307692,-2094000000.0,8812000000.0,-29751000000.0,31968000000.0,1695000000.0,926000000.0,1250000000.0,50.25623960066556,42.085670576236616,57.41458439571648,1.7908224076281287,2.138495092693566,1.5675459632294164,0.0216879623402824,1.7115384615384617,2012-08-01,0.6,bmo,3055932203.0,2025-04-25,2012-06-30,-0.0166666666666666,52.163809523809526,2478668.0793650798
2012-03-31,D,USD,715957,2012-04-26,2012-04-26 14:38:12,2012,Q1,3397000000.0,2044000000.0,1353000000.0,0.3982926111,0,0.0,0.0,0.0,435000000.0,435000000.0,2479000000.0,0.0,212000000.0,353000000.0,1271000000.0,0.374153665,918000000.0,0.2702384457,-138000000.0,780000000.0,0.2296143656,269000000.0,494000000.0,0.1454224316,0.86,0.86,570500000,571900000,https://www.sec.gov/Archives/edgar/data/715957/000119312512185437/0001193125-12-185437-index.htm,https://www.sec.gov/Archives/edgar/data/103682/000119312512185437/d340025d10q.htm,5.954425942156004,0.8659070990359334,2.8448729184925505,1.1253286590709903,0.2331288343558282,20.97984224364593,15.474145486415424,20.87467134092901,35.8965819456617,29215305000.0,49349305000.0,14.785073380566802,8.600325287017958,18.000804066543438,45.50670560747663,2.4532122764295914,2.4532122764295914,14.527319693847511,38.82714791502754,30.40622612446088,76.86807632398754,0.0169089454996276,0.021974783422593,1.701822151314132,0.439698001865793,15.841070023603464,0.7542831379621281,4.330188679245283,3.2395209580838324,0.0104397335574624,0.6174089068825911,0.0,0.0,0.068144837610917,0.6044362292051756,0.2887842213717986,0.0,0.0,20.16678797784685,0.0141086093862503,0.011501210653753,-56.23575810692376,-1635000000.0,8828000000.0,-29105000000.0,31794000000.0,1873500000.0,1092500000.0,1298500000.0,45.35766853105681,41.1692759295499,54.995107632093934,1.9842289719626167,2.186096256684492,1.636509207365893,0.0414812326811655,1.71954425942156,2012-04-26,0.87,bmo,3476929411.0,2025-04-25,2012-03-31,-0.0229885057471264,50.66,2760370.8387096776
2011-12-31,D,USD,715957,2012-02-28,2012-02-28 17:20:58,2011,Q4,3178000000.0,1456000000.0,1722000000.0,0.5418502203,0,0.0,0.0,0.0,1382000000.0,1382000000.0,2838000000.0,0.0,177000000.0,337000000.0,744000000.0,0.2341095028,340000000.0,0.1069855255,-110000000.0,230000000.0,0.0723725614,23000000.0,201000000.0,0.0632473254,0.35,0.35,569800000,570500000,https://www.sec.gov/Archives/edgar/data/715957/000119312512085811/0001193125-12-085811-index.htm,https://www.sec.gov/Archives/edgar/data/103682/000119312512085811/d283555d10k.htm,5.577395577395578,0.3527553527553527,1.0266760266760266,-0.7915057915057915,0.179010179010179,20.187785187785188,13.557388557388558,20.087750087750088,36.61635661635662,30244984000.0,50829984000.0,37.618139303482586,9.516986784140968,51.70082735042735,-67.0620487804878,2.642406430193954,2.642406430193954,15.994331025802392,68.31987096774193,86.88886153846154,-112.70506430155211,0.0066457300820526,-0.0149115635174414,1.8073562816704525,0.4535230411715701,27.66801075268817,0.7799482907210572,1.92090395480226,2.8260869565217392,0.0094561134500848,1.4228855721393034,0.0,0.0,0.0828254483272679,1.7709401709401709,0.3259911894273127,0.0,0.0,12.626811980305128,0.0072952676123495,0.0048044746151639,-55.82441207441207,-1532000000.0,7725000000.0,-28681000000.0,31916000000.0,1954500000.0,1194000000.0,1337000000.0,57.63058527375708,77.26648351648352,83.32417582417582,1.5616707616707617,1.1648,1.0801186943620178,0.0175607199021492,1.818181818181818,2012-01-27,0.64,bmo,3452689655.0,2025-04-25,2011-12-31,-0.09375,51.07365079365079,2680427.3174603176
2011-09-30,D,USD,715957,2011-10-28,2011-10-28 13:38:54,2011,Q3,3745000000.0,1661000000.0,2084000000.0,0.5564753004,0,0.0,0.0,0.0,1256000000.0,1256000000.0,2917000000.0,0.0,249000000.0,324000000.0,1168000000.0,0.31188251,828000000.0,0.2210947931,-233000000.0,595000000.0,0.1588785047,203000000.0,392000000.0,0.1046728972,0.69,0.69,569400000,571200000,https://www.sec.gov/Archives/edgar/data/715957/000119312511285781/0001193125-11-285781-index.htm,https://www.sec.gov/Archives/edgar/data/103682/000119312511285781/d247534d10q.htm,6.577098700386372,0.688443976115209,1.9511766772040744,0.228310502283105,0.3723217421847559,20.42852125043905,14.912188268352653,20.42852125043905,34.26765015806112,28908438000.0,47959438000.0,18.43650382653061,7.719209078771695,26.020196219621965,222.3726,2.485250859697387,2.485250859697387,12.806258477970628,41.06116267123288,43.16781098109811,368.9187538461538,0.0135600546802286,0.0044969569092595,1.65603507565337,0.4374971610265727,16.310787671232877,0.9583333333333334,3.325301204819277,2.805555555555556,0.0098241212479207,0.7244897959183674,0.0,0.0,0.0713377242789007,0.882988298829883,0.2619492656875834,0.0,0.0,17.788692445079878,0.0134215599437294,0.0095869304702976,-52.89339655778012,-229000000.0,8491000000.0,-27131000000.0,31323000000.0,1936000000.0,1131500000.0,1260000000.0,45.03604806408545,61.66164960866948,71.84828416616496,1.9983991462113129,1.4595782073813708,1.2526395173453997,0.0337001375515818,1.7228661749209695,2011-10-28,0.93,bmo,3666157894.0,2025-04-25,2011-09-30,0.0215053763440859,48.83125,3506856.40625
2011-06-30,D,USD,715957,2011-07-29,2011-07-29 08:35:25,2011,Q2,3288000000.0,1438000000.0,1850000000.0,0.5626520681,0,0.0,0.0,0.0,1117000000.0,1117000000.0,2555000000.0,0.0,216000000.0,309000000.0,1081000000.0,0.3287712895,733000000.0,0.2229318735,-177000000.0,556000000.0,0.1690997567,211000000.0,336000000.0,0.102189781,0.59,0.58,573400000,575200000,https://www.sec.gov/Archives/edgar/data/715957/000119312511201833/0001193125-11-201833-index.htm,https://www.sec.gov/Archives/edgar/data/103682/000119312511201833/d10q.htm,5.734216951517266,0.5859783746076037,0.653993721660272,-0.7917683990233694,0.139518660620858,20.369724450645275,14.891873038018836,20.369724450645275,33.685036623648415,27678018000.0,46697018000.0,20.593763392857145,8.417888686131388,73.80804800000001,-60.96479735682819,2.369693321917808,2.369693321917808,14.20225608272506,43.19798149861239,124.52538133333331,-102.8568678414097,0.012139597568005,-0.0164029086186734,1.6351883561643836,0.4399576144295224,17.593894542090656,0.8998911860718172,3.3935185185185186,1.1160714285714286,0.0103692395893376,0.8541666666666666,0.0,0.0,0.072354933081477,2.2106666666666666,0.2521289537712895,0.0,0.0,16.387950010842186,0.0112314583339255,0.0083436801589272,-51.54429717474712,-552000000.0,8539000000.0,-26769000000.0,30240000000.0,1975500000.0,1157000000.0,1119000000.0,54.68978102189781,70.41029207232268,74.7287899860918,1.6456456456456456,1.278222222222222,1.204355108877722,0.0287671232876712,1.4457621206836415,2011-07-28,0.6,bmo,3343728813.0,2025-04-25,2011-06-30,-0.0166666666666666,46.68666666666666,2281042.222222222
2011-03-31,D,USD,715957,2011-04-29,2011-04-29 08:55:09,2011,Q1,4057000000.0,1810000000.0,2247000000.0,0.5538575302,0,0.0,0.0,0.0,1284000000.0,1284000000.0,3094000000.0,0.0,227000000.0,318000000.0,1338000000.0,0.3298003451,963000000.0,0.2373675129,-170000000.0,793000000.0,0.195464629,310000000.0,479000000.0,0.1180675376,0.83,0.82,579800000,580500000,https://www.sec.gov/Archives/edgar/data/715957/000119312511117076/0001193125-11-117076-index.htm,https://www.sec.gov/Archives/edgar/data/103682/000119312511117076/d10q.htm,6.9972404277337015,0.8261469472231804,1.5729561917902726,0.1828216626422904,0.3242497412901,20.59848223525353,15.181096929975851,20.59848223525353,31.68333908244222,25917060000.0,43872060000.0,13.526649269311068,6.388232684249445,28.41782894736842,244.50056603773584,2.1700627982918865,2.1700627982918865,10.813916687207296,32.789282511210764,48.10532894736842,413.8873584905661,0.0184820346134939,0.004089970081483,1.5191325462614085,0.4241297893727938,13.419282511210762,1.0957564985558763,4.242290748898679,1.9039665970772444,0.0111509561655527,0.6033402922755741,0.0,0.0,0.073427309067957,0.8837719298245614,0.1986689672171555,0.0,0.0,19.56759815005221,0.0148038541600326,0.0120849732566353,-49.429544670576064,431000000.0,8802000000.0,-25902000000.0,30654000000.0,2099500000.0,1375500000.0,1103500000.0,43.32511708158738,59.12154696132596,51.911602209944746,2.07731694828469,1.5222876366694702,1.7337164750957854,0.0401071757514862,1.390134529147982,2011-04-28,0.91,bmo,3897344086.0,2025-04-25,2011-03-31,0.0219780219780219,44.05838709677419,2705255.435483871
2010-12-31,D,USD,715957,2011-02-28,2011-02-28 16:10:25,2010,Q4,3746000000.0,1606000000.0,2140000000.0,0.5712760278,0,0.0,0.0,0.0,1403000000.0,1403000000.0,3009000000.0,0.0,232000000.0,312000000.0,1109000000.0,0.2960491191,737000000.0,0.1967431927,-172000000.0,565000000.0,0.1508275494,254000000.0,298000000.0,0.0795515216,0.51,0.51,579800000,579800000,https://www.sec.gov/Archives/edgar/data/715957/000119312511049905/0001193125-11-049905-index.htm,https://www.sec.gov/Archives/edgar/data/103682/000119312511049905/d10k.htm,6.460848568471887,0.5139703345981372,-0.1017592273197654,-1.6764401517764749,0.1069334253190755,20.69161779924112,14.166954122111072,20.69161779924112,30.82614694722318,24769056000.0,42348056000.0,20.77940939597316,6.612134543513081,-419.81450847457626,-25.482567901234567,2.0646041510377597,2.0646041510377597,11.304873465029363,38.18580342651037,-717.7636610169492,-43.56795884773663,0.0120311407911548,-0.0392425129161159,1.4704509460698507,0.4120092486629143,15.8512173128945,0.9353888792655464,3.1767241379310347,-0.1947194719471947,0.0109410709879294,0.9093959731543624,0.0,0.0,0.0883527570824672,-15.47457627118644,0.2437266417512013,0.0,0.0,15.468831526078056,0.0104214582730415,0.0076343700363785,-49.14108313211453,-373000000.0,8214000000.0,-25420000000.0,30123000000.0,2035500000.0,1452000000.0,1192500000.0,53.96155899626268,87.53424657534246,65.17434620174346,1.667853962600178,1.028169014084507,1.3809114359415304,0.0248395432191381,1.5746809244567093,2011-01-28,0.66,bmo,3924380952.0,2025-04-25,2010-12-31,-0.0454545454545454,43.14078125,2677979.109375
2010-09-30,D,USD,715957,2010-10-29,2010-10-29 16:04:25,2010,Q3,3950000000.0,1663000000.0,2287000000.0,0.5789873418,0,0.0,0.0,0.0,1168000000.0,1168000000.0,2831000000.0,0.0,229000000.0,317000000.0,1499000000.0,0.3794936709,1119000000.0,0.2832911392,-166000000.0,953000000.0,0.2412658228,374000000.0,575000000.0,0.1455696203,0.98,0.98,585000000,586400000,https://www.sec.gov/Archives/edgar/data/715957/000119312510241221/0001193125-10-241221-index.htm,https://www.sec.gov/Archives/edgar/data/103682/000119312510241221/d10q.htm,6.752136752136752,0.9829059829059827,0.8170940170940171,-0.6444444444444445,0.7623931623931623,21.11452991452991,15.745299145299144,21.11452991452991,27.952136752136752,25541100000.0,41218100000.0,11.10482608695652,6.466101265822783,53.43326359832635,-67.74827586206895,2.067770401554404,2.067770401554404,10.434962025316455,27.497064709806537,86.23033472803347,-109.3318302387268,0.0225127343771411,-0.0147605232350995,1.305294689119171,0.3817992374908238,10.458305537024684,1.2167647655774303,4.88646288209607,0.8255613126079447,0.0105711970118749,0.4695652173913043,0.0,0.0,0.0743801652892562,1.788702928870293,0.2164556962025316,0.0,0.0,21.609163566248306,0.0181769462811046,0.0147103970528039,-46.92521367521368,1068000000.0,9211000000.0,-23882000000.0,4209000000.0,1849500000.0,1314000000.0,1164500000.0,41.58227848101266,72.62778111846062,66.13349368610945,2.164383561643836,1.2391952309985097,1.3608837970540095,0.0465511658031088,1.4615384615384617,2010-10-29,1.07,bmo,4103398058.0,2025-04-25,2010-09-30,-0.0373831775700934,42.92546875,3105486.078125
2010-06-30,D,USD,715957,2010-08-02,2010-08-02 16:04:10,2010,Q2,3333000000.0,1456000000.0,1877000000.0,0.5631563156,0,0.0,0.0,0.0,-1233000000.0,-1233000000.0,223000000.0,0.0,188000000.0,309000000.0,3394000000.0,1.0183018302,3110000000.0,0.9330933093,-213000000.0,2897000000.0,0.8691869187,1134000000.0,1761000000.0,0.5283528353,2.98,2.98,590400000,591400000,https://www.sec.gov/Archives/edgar/data/715957/000119312510173603/0001193125-10-173603-index.htm,https://www.sec.gov/Archives/edgar/data/103682/000119312510173603/d10q.htm,5.645325203252033,2.9827235772357725,-0.4132791327913279,-1.6836043360433603,3.963414634146341,20.57249322493225,15.252371273712738,20.57249322493225,27.8319783197832,22872096000.0,38705096000.0,3.247032367972743,6.86231503150315,-93.73809836065575,-23.0101569416499,1.883096986662276,1.883096986662276,11.6126900690069,11.40397642899234,-158.6274426229508,-38.93872837022133,0.0769933809301954,-0.0434590690770098,1.3373950271694386,0.3887240356083086,4.664997053624043,1.1241403632516311,16.54255319148936,-0.1382436260623229,0.011935941507066,0.1550255536626916,0.0,0.0,0.0751651191729683,-3.0737704918032787,0.225022502250225,0.0,0.0,37.15704997913443,0.0511353994250752,0.0455662794007296,-42.925135501355015,704000000.0,9005000000.0,-23267000000.0,29303000000.0,1967000000.0,1305000000.0,1045500000.0,50.6030603060306,79.49175824175823,68.4271978021978,1.7785485592315902,1.1321928460342146,1.3152664859981933,0.1449860036225918,1.2703252032520325,2010-07-28,0.67,bmo,3101541666.0,2025-04-25,2010-06-30,0.0746268656716416,40.80111111111111,3217510.095238095
2010-03-31,D,USD,715957,2010-04-29,2010-04-29 16:04:11,2010,Q1,4168000000.0,1928000000.0,2240000000.0,0.537428023,0,0.0,0.0,0.0,1506000000.0,1506000000.0,3434000000.0,0.0,183000000.0,320000000.0,1125000000.0,0.2699136276,734000000.0,0.1761036468,-112000000.0,622000000.0,0.1492322457,295000000.0,174000000.0,0.0417466411,0.29,0.29,599900000,600900000,https://www.sec.gov/Archives/edgar/data/715957/000119312510099289/0001193125-10-099289-index.htm,https://www.sec.gov/Archives/edgar/data/103682/000119312510099289/d10q.htm,6.947824637439573,0.2900483413902317,2.750458409734956,1.2435405900983498,2.872145357559593,18.42140356726121,12.96216036006001,18.42140356726121,28.49808301383564,24661889000.0,41489889000.0,35.43374856321839,5.916959932821497,14.946599393939394,33.058832439678284,2.231643199710433,2.231643199710433,9.954387955854129,36.879901333333336,25.145387272727277,55.61647319034853,0.0070554206127519,0.0302491021673157,1.530449733055832,0.4011336954201551,14.958222222222222,0.929297597042514,4.0109289617486334,9.269662921348315,0.0113130020169987,1.603448275862069,0.0,0.0,0.0776747385148115,0.5478787878787879,0.2168905950095969,0.0,0.0,10.964474218684396,0.01036757197579,0.0044743879860111,-45.594265710951824,-459000000.0,7776000000.0,-25079000000.0,28854000000.0,2120000000.0,1362500000.0,1084500000.0,44.48176583493282,61.80497925311203,45.93360995850622,2.0233009708737866,1.4561933534743203,1.9593495934959348,0.0157451814315446,1.5069178196366062,2010-04-29,0.94,bmo,4081166666.0,2025-04-25,2010-03-31,0.0212765957446808,38.79639344262295,3059566.7377049183
2009-12-31,D,USD,715957,2010-02-26,2010-02-26 16:06:23,2009,Q4,3255000000.0,1772000000.0,1483000000.0,0.4556067588,0,0.0,0.0,0.0,1533000000.0,1533000000.0,3305000000.0,0.0,236000000.0,359000000.0,363000000.0,0.1115207373,-50000000.0,-0.0153609831,-182000000.0,-232000000.0,-0.0712749616,-228000000.0,-9000000.0,-0.002764977,-0.015,-0.015,598100000,599900000,https://www.sec.gov/Archives/edgar/data/715957/000119312510042883/0001193125-10-042883-index.htm,https://www.sec.gov/Archives/edgar/data/103682/000119312510042883/d10k.htm,5.442233740177228,-0.0150476508944992,1.3442568132419328,-0.2491222203644875,1.9662263835479017,18.700886139441565,11.934459120548404,18.700886139441565,30.34442400936298,23278052000.0,41143052000.0,-646.6125555555556,7.1514752688172045,28.95280099502488,-156.22853691275168,2.0811848010728657,2.0811848010728657,12.639954531490016,113.34174104683196,51.172950248756216,-276.1278657718121,-0.0003866302901978,-0.0064008792488306,1.6015198927134555,0.420947501997462,49.21487603305785,0.9976584223620664,-0.211864406779661,-201.0,0.0114700319425353,-29.666666666666668,0.0,0.0,0.095102693048832,1.185323383084577,0.2927803379416283,0.0,0.0,,-2.259505059935636e-05,-0.000233723738541,-46.75723123223541,-16000000.0,7138000000.0,-24552000000.0,29623000000.0,2022500000.0,1223500000.0,1181500000.0,60.27649769585254,71.1568848758465,60.186230248307,1.493119266055046,1.2648108493932906,1.4953586497890294,-0.000804649083594,1.5933790336064204,2010-01-28,0.6,bmo,3024761904.0,2025-04-25,2009-12-31,0.05,36.55046875,2842607.703125
2009-09-30,D,USD,715957,2009-11-02,2009-11-02 16:04:54,2009,Q3,3630000000.0,1449000000.0,2181000000.0,0.6008264463,0,0.0,0.0,0.0,1093000000.0,1093000000.0,2542000000.0,0.0,217000000.0,320000000.0,1536000000.0,0.4231404959,1088000000.0,0.2997245179,-89000000.0,999000000.0,0.2752066116,360000000.0,594000000.0,0.1636363636,1.0,1.0,595900000,596300000,https://www.sec.gov/Archives/edgar/data/715957/000119312509220395/0001193125-09-220395-index.htm,https://www.sec.gov/Archives/edgar/data/715957/000119312509220395/d10q.htm,6.091626111763719,0.9968115455613358,1.8123846282933376,-0.0268501426413827,2.597751300553784,19.008222856183924,13.12971975163618,19.008222856183924,29.86742742070817,20558550000.0,38089550000.0,8.652588383838385,5.663512396694215,19.035694444444445,-1284.909375,1.815003972808334,1.815003972808334,10.492988980716254,24.797884114583333,35.26810185185185,-2380.596875,0.0288930882771401,-0.000778265004098,1.5521320738059503,0.4177299403616318,11.413411458333334,1.257525697503671,5.013824884792626,1.806020066889632,0.0128900141303739,0.4461279461279461,0.0,0.0,0.0832323520326941,1.0148148148148148,0.3019283746556473,0.0,0.0,20.64755094634852,0.0183153387880076,0.0153949823761144,-45.68593723779158,1403000000.0,7824000000.0,-23909000000.0,29589000000.0,1939500000.0,1027000000.0,1127500000.0,46.2396694214876,64.96894409937889,73.16770186335404,1.9463806970509383,1.3852772466539196,1.230050933786078,0.0524410700097113,1.8392347709347203,2009-10-30,0.9,bmo,3300000000.0,2025-04-25,2009-09-30,0.0999999999999999,33.57859375,2872307.71875
2009-06-30,D,USD,715957,2009-07-31,2009-07-31 16:02:45,2009,Q2,3406000000.0,1454000000.0,1952000000.0,0.573106283,0,0.0,0.0,0.0,1063000000.0,1063000000.0,2517000000.0,0.0,220000000.0,315000000.0,1273000000.0,0.373752202,889000000.0,0.2610099824,-151000000.0,738000000.0,0.2166764533,265000000.0,454000000.0,0.1332941867,0.76,0.76,593700000,594000000,https://www.sec.gov/Archives/edgar/data/715957/000119312509160797/0001193125-09-160797-index.htm,https://www.sec.gov/Archives/edgar/data/715957/000119312509160797/d10q.htm,5.7369041603503454,0.764695974397844,0.7158497557689069,-0.8859693447869295,2.612430520464881,18.54471955533097,12.644433215428668,18.54471955533097,29.83830217281455,19841454000.0,37272454000.0,10.925910792951544,5.825441573693482,46.68577411764706,-37.72139543726236,1.802130245231608,1.802130245231608,10.943174985320024,29.279225451688923,87.69989176470588,-70.86017870722434,0.0228813876241126,-0.0265101539433551,1.5890099909173478,0.4215967419331518,13.692851531814611,1.1903247405423505,4.040909090909091,0.91991341991342,0.0132550769716775,0.579295154185022,0.0,0.0,0.0844157408969323,2.237647058823529,0.2792131532589548,0.0,0.0,17.862646186433796,0.015271076432991,0.0119492551455492,-45.28718207849082,1137000000.0,7507000000.0,-23376000000.0,28514000000.0,2232000000.0,1135500000.0,982500000.0,53.21785085143864,62.39339752407152,66.66437414030261,1.6911618669314796,1.4424603174603174,1.3500464252553388,0.0412352406902815,1.6018191005558362,2009-07-31,0.64,bmo,3205647058.0,2025-04-25,2009-06-30,0.0625,31.355396825396827,3369510.6825396824
2009-03-31,D,USD,715957,2009-04-30,2009-04-30 16:21:08,2009,Q1,4586000000.0,2256000000.0,2330000000.0,0.5080680331,0,0.0,0.0,0.0,1666000000.0,1666000000.0,3922000000.0,0.0,219000000.0,325000000.0,928000000.0,0.2023549935,664000000.0,0.1447884867,-280000000.0,384000000.0,0.0837331007,141000000.0,248000000.0,0.0540776276,0.42,0.42,585300000,585700000,https://www.sec.gov/Archives/edgar/data/715957/000119312509094447/0001193125-09-094447-index.htm,https://www.sec.gov/Archives/edgar/data/715957/000119312509094447/d10q.htm,7.835298137707158,0.4237143345293012,2.523492226208782,1.0934563471723902,2.9660003417051084,18.29660003417051,12.31163505894413,18.29660003417051,29.354177344951307,18138447000.0,34959447000.0,18.284724798387096,3.955178150894026,12.280600541638456,28.3413234375,1.6937573069380896,1.6937573069380896,7.623080462276493,37.67181788793104,23.66922613405552,54.6241359375,0.0136726148605776,0.0352841673821358,1.5839013913530675,0.4068894379542783,18.126077586206897,1.040822152440765,3.0319634703196345,5.955645161290323,0.0143893245105272,1.0524193548387095,0.0,0.0,0.0840309928754767,0.5666892349356805,0.1825119930222416,0.0,0.0,13.2072693400875,0.0114355404964075,0.0064948669599832,-46.062702887408165,286000000.0,7206000000.0,-23686000000.0,27142000000.0,2504500000.0,1381000000.0,1027000000.0,48.08111644134322,50.38563829787234,35.42553191489362,1.8718367346938776,1.786223277909739,2.5405405405405403,0.0231580913250536,1.4300358790363916,2009-04-30,0.88,bmo,4160494845.0,2025-04-25,2009-03-31,0.1022727272727272,32.850491803278686,3786377.491803279
2008-12-31,D,USD,715957,2009-02-26,2009-02-26 16:27:27,2008,Q4,4218000000.0,1991000000.0,2227000000.0,0.5279753438,0,0.0,0.0,0.0,1426000000.0,1426000000.0,3417000000.0,0.0,0.0,303000000.0,1104000000.0,0.2617354196,801000000.0,0.1899004267,-275000000.0,526000000.0,0.124703651,178000000.0,349000000.0,0.0827406354,0.6,0.6,580200000,585300000,https://www.sec.gov/Archives/edgar/data/715957/000119312509039102/0001193125-09-039102-index.htm,https://www.sec.gov/Archives/edgar/data/715957/000119312509039102/d10k.htm,7.269906928645295,0.6015167183729748,2.1440882454326093,0.2809376077214753,2.693898655635988,17.368148914167527,10.103412616339194,17.368148914167527,30.04136504653568,20794368000.000004,38158368000.0,14.895679083094558,4.9299118065433865,16.715729903536978,127.57280981595096,2.0635474843703485,2.0635474843703485,9.046554765291608,34.56373913043478,30.67392926045016,234.10041717791407,0.016783390579603,0.0078386609297286,1.7296814528133373,0.4144769695384396,15.728260869565217,0.982935591480626,0.0,3.574712643678161,0.0110606872014576,0.6590257879656161,0.0,0.0,0.1002306613083489,0.8689710610932476,0.2562825983878615,0.0,0.0,15.331755236401406,0.0144267869081779,0.009223531899149,-48.10539469148569,-133000000.0,5862000000.0,-24315000000.0,27356000000.0,2322000000.0,1503000000.0,1198500000.0,54.60170697012803,67.75991963837266,52.70718232044199,1.6483001172332945,1.3282188125416945,1.7075471698113207,0.0346333234097449,1.863150637711134,2009-01-29,0.68,bmo,3568111111.0,2025-04-25,2008-12-31,0.0588235294117645,35.931875,3995492.140625
2008-09-30,D,USD,715957,2008-10-30,2008-10-30 16:02:14,2008,Q3,4365000000.0,2177000000.0,2188000000.0,0.5012600229,0,0.0,0.0,0.0,1133000000.0,1133000000.0,3310000000.0,0.0,213000000.0,312000000.0,1381000000.0,0.3163802978,1055000000.0,0.2416953036,-199000000.0,856000000.0,0.1961053837,344000000.0,508000000.0,0.1163802978,0.88,0.87,578600000,582000000,https://www.sec.gov/Archives/edgar/data/715957/000119312508220249/0001193125-08-220249-index.htm,https://www.sec.gov/Archives/edgar/data/715957/000119312508220249/d10q.htm,7.544071897684065,0.8779813342550985,1.5330107155202213,0.0518492913930176,0.1520912547528517,18.08676114759765,12.03249222260629,18.08676114759765,30.30591081921881,24752508000.0,41986508000.0,12.181352362204724,5.670677663230241,27.905871476888382,825.0836,2.3652659340659343,2.3652659340659343,9.618902176403209,30.402974656046343,47.33540924464487,1399.5502666666666,0.0205231728437376,0.0012119983962837,1.655231724796942,0.4186181396360472,12.479362780593773,0.9199598544724626,4.953051643192488,1.7460629921259845,0.0094131875444702,0.4586614173228346,0.0,0.0,0.0846564682568452,0.9661781285231116,0.1963344788087056,0.0,0.0,18.90228479327893,0.0172350814569463,0.0134121871369732,-49.510456273764255,-638000000.0,6962000000.0,-23581000000.0,25461000000.0,2064500000.0,1037000000.0,1134500000.0,42.98969072164948,62.30133210840607,50.89113458888379,2.093525179856115,1.444591904445919,1.768480909829407,0.0485427615862398,1.4811614241272035,2008-10-30,0.9,bmo,4179255319.0,2025-04-25,2008-09-30,0.0444444444444443,43.61734375,2672208.8125
2008-06-30,D,USD,715957,2008-07-31,2008-07-31 16:08:38,2008,Q2,3399000000.0,1518000000.0,1881000000.0,0.5533980583,0,0.0,0.0,0.0,1170000000.0,1170000000.0,2688000000.0,0.0,206000000.0,282000000.0,992000000.0,0.2918505443,711000000.0,0.2091791703,-207000000.0,504000000.0,0.1482789056,200000000.0,298000000.0,0.087672845,0.52,0.51,577100000,580700000,https://www.sec.gov/Archives/edgar/data/715957/000119312508162581/0001193125-08-162581-index.htm,https://www.sec.gov/Archives/edgar/data/715957/000119312508162581/d10q.htm,5.8897937965690526,0.5163749783399757,-0.0398544446369779,-1.6322994281753596,0.1524865707849592,15.378617224051292,9.320741639230636,15.378617224051292,30.502512562814072,27406479000.0,44715479000.0,22.99201258389262,8.063100617828773,-1191.586043478261,-29.09392675159236,3.088053971830986,3.088053971830986,13.15548072962636,45.076087701612906,-1944.1512608695648,-47.46866135881104,0.0108733413000626,-0.0343714345793927,1.960225352112676,0.41381032801313,17.44858870967742,0.9079734929457032,3.451456310679612,-0.0771812080536912,0.0086475902285733,0.7953020134228188,0.0,0.0,0.0831569182464736,-39.95652173913044,0.2703736393056781,0.0,0.0,13.36695535861798,0.0119532065013975,0.0077312232455571,-53.76191301334258,-861000000.0,5379000000.0,-24671000000.0,24952000000.0,2141500000.0,1032000000.0,938000000.0,54.12180052956752,33.61660079051383,61.54150197628458,1.6629158512720157,2.677248677248677,1.46242774566474,0.0335774647887323,1.5924449835383816,2008-07-31,0.51,bmo,3466980000.0,2025-04-25,2008-06-30,-0.0196078431372549,45.19734375,2330022.765625
2008-03-31,D,USD,715957,2008-05-01,2008-05-01 16:51:53,2008,Q1,4353000000.0,2043000000.0,2310000000.0,0.5306685045,0,0.0,0.0,0.0,1251000000.0,1251000000.0,3294000000.0,0.0,219000000.0,294000000.0,1350000000.0,0.3101309442,1059000000.0,0.2432804962,-222000000.0,837000000.0,0.1922811854,157000000.0,680000000.0,0.1562141052,1.18,1.18,575300000,578400000,https://www.sec.gov/Archives/edgar/data/715957/000119312508099298/0001193125-08-099298-index.htm,https://www.sec.gov/Archives/edgar/data/715957/000119312508099298/d10q.htm,7.56648705023466,1.1819920041717364,0.957761168086216,-0.253780636189814,0.137319659308187,16.556579176082042,10.47974969581088,16.556579176082042,28.59030071267165,23495252000.000004,39645252000.0,8.637960294117647,5.3974849529060425,42.641110707804,-160.92638356164386,2.466693123359581,2.466693123359581,9.107569951757409,29.36685333333333,71.9514555353902,-271.5428219178082,0.028942017731923,-0.006214021454207,1.7038320209973754,0.4155741063197787,11.962962962962964,0.8178490280232265,4.835616438356165,0.8102941176470588,0.0097040882983506,0.3352941176470588,0.0,0.0,0.0895216634231281,1.26497277676951,0.1601194578451642,0.0,0.0,20.98378527715431,0.0249032772646482,0.0191247609404882,-47.53997914131757,-1443000000.0,6029000000.0,-23048000000.0,23709000000.0,2297500000.0,1615500000.0,941500000.0,46.292212267401794,65.94713656387665,36.91629955947136,1.9441715051362216,1.3647294589178356,2.4379474940334127,0.0713910761154855,1.21154180427603,2008-05-01,0.89,bmo,3874170000.0,2025-04-25,2008-03-31,0.1235955056179775,42.61639344262295,3191814.918032787
2007-12-31,D,USD,715957,2008-02-28,2008-02-28 09:40:33,2007,Q4,3694000000.0,1611000000.0,2083000000.0,0.5638873849,0,0.0,0.0,0.0,1384000000.0,1384000000.0,2995000000.0,0.0,0.0,289000000.0,988000000.0,0.2674607472,699000000.0,0.1892257715,-190000000.0,509000000.0,0.1377910125,207000000.0,299000000.0,0.0809420682,0.52,0.52,574002564,576271186,https://www.sec.gov/Archives/edgar/data/715957/000119312508041046/0001193125-08-041046-index.htm,https://www.sec.gov/Archives/edgar/data/715957/000119312508041046/d10k.htm,6.43551132290761,0.520903596521217,-4.405903664221263,-5.686385749315225,0.4930291565735933,16.435466654117594,9.303094332519391,16.386686384209252,28.691509468588368,27236421661.800003,43422421661.8,22.772927810869565,7.373151505630753,-10.769640831079478,-8.344491930698531,2.8956433831384225,2.8956433831384225,11.754851559772606,43.94981949574899,-17.1697989963622,-13.303438009129902,0.0109779472396463,-0.1198395310709214,1.7509036785030831,0.4209544257853436,16.38259109311741,0.8592822101729926,0.0,-8.45819397993311,0.0083344281719053,0.7591973244147158,0.0,0.0,0.104644326866549,-0.2906287069988137,0.1989713048186248,0.0,0.0,13.858477085650383,0.0119826310939791,0.0085357846355876,-47.24107817748354,-1090000000.0,5340000000.0,-23033000000.0,24356000000.0,2149500000.0,1532000000.0,1058500000.0,57.40119112073632,96.87150837988828,58.37988826815643,1.567911714770798,0.9290657439446368,1.5416267942583732,0.0317882202849245,1.280482085093961,2008-01-30,0.55,bmo,3907115384.0,2025-04-25,2007-12-31,-0.0545454545454545,45.75390625,2756273.25
2007-09-30,D,USD,715957,2007-11-01,2007-11-01 16:12:17,2007,Q3,3589000000.0,1371000000.0,2218000000.0,0.6179994427,0,0.0,0.0,0.0,1620000000.0,1620000000.0,2991000000.0,0.0,0.0,322000000.0,920000000.0,0.256338813,598000000.0,0.1666202285,3220000000.0,3818000000.0,1.0638060741,1498000000.0,2317000000.0,0.6455837281,3.64,3.62,635600000,639600000,https://www.sec.gov/Archives/edgar/data/715957/000119312507232502/0001193125-07-232502-index.htm,https://www.sec.gov/Archives/edgar/data/715957/000119312507232502/d10q.htm,5.646633102580239,3.645374449339207,0.487728130899937,-0.8983637507866583,0.737885462555066,14.59565764631844,9.095342983008182,14.550031466331026,20.88892385147892,27082916000.0,39890916000.0,2.9221963746223563,7.546089718584564,87.36424516129033,-47.43067600700525,2.928516003460208,2.928516003460208,11.114771802730566,43.35969130434783,128.68037419354835,-69.86149912434325,0.0855520875226286,-0.0210834018020806,1.4356617647058822,0.3446244094896952,13.921739130434782,0.813755980861244,0.0,0.1337936987483815,0.0076431946988278,0.0893396633577902,0.0,0.0,0.0907439132014743,2.841935483870968,0.2454722764001114,0.0,0.0,34.54572392134811,0.0117349747771969,0.0661433057379389,-42.14403713027061,-1557000000.0,5781000000.0,-22446000000.0,22800000000.0,2125500000.0,1658000000.0,999000000.0,48.72387851769295,87.30853391684902,70.37199124726477,1.847143592382913,1.0308270676691729,1.2789179104477613,0.2505406574394463,1.3860918816865953,2007-11-01,0.85,bmo,3547267441.0,2025-04-25,2007-09-30,0.0117647058823529,43.27809523809524,6301403.26984127
2007-06-30,D,USD,715957,2007-08-08,2007-08-08 16:11:45,2007,Q2,3730000000.0,1549000000.0,2181000000.0,0.5847184987,0,0.0,0.0,0.0,2561000000.0,2561000000.0,4110000000.0,0.0,0.0,464000000.0,84000000.0,0.0225201072,-380000000.0,-0.1018766756,-244000000.0,-624000000.0,-0.1672922252,-232000000.0,-530000000.0,-0.1420911528,-0.76,-0.76,697368421,697368421,https://www.sec.gov/Archives/edgar/data/715957/000119312507175573/0001193125-07-175573-index.htm,https://www.sec.gov/Archives/edgar/data/715957/000119312507175573/d10q.htm,5.348679245686693,-0.7600000000573585,1.0941132076297444,-0.7829433962855051,0.0573584905703666,18.08800000136513,12.01660377449182,18.034943397587544,28.21033962477059,30098421050.36,49731421050.36,-14.197368419981132,8.069281782938337,39.44747188775885,-55.12531327904761,2.393131990964459,2.393131990964459,13.332820656932975,592.04072679,65.17879560990826,-91.08318873692308,-0.0176088971282983,-0.0181404864755677,1.5642045002782858,0.4066433783253064,233.72619047619048,0.6777246743510449,0.0,-1.439622641509434,0.0082396348826754,-0.4679245283018868,0.0,0.0,0.0875173112300791,1.7155963302752293,0.3509383378016086,0.0,0.0,,-0.0055457764831675,-0.0120058896817306,-48.082188682874126,-3439000000.0,8380000000.0,-28533000000.0,30299000000.0,2586500000.0,1994500000.0,837500000.0,55.68900804289544,115.39057456423498,53.80245319561007,1.616117850953206,0.7799597180261832,1.6727861771058314,-0.042140415043333,1.8770566039152496,2007-08-01,0.44,bmo,3647111111.0,2025-04-25,2007-06-30,0.0227272727272727,44.02238095238095,4128792.476190476
2007-03-31,D,USD,715957,2007-05-03,2007-05-02 20:37:40,2007,Q1,4661000000.0,2241000000.0,2420000000.0,0.519201888,0,0.0,0.0,0.0,1421000000.0,1421000000.0,3662000000.0,0.0,0.0,458000000.0,1457000000.0,0.312593864,999000000.0,0.2143316885,-214000000.0,785000000.0,0.1684187943,310000000.0,453000000.0,0.0971894443,0.65,0.65,696923077,696923077,https://www.sec.gov/Archives/edgar/data/715957/000119312507099925/0001193125-07-099925-index.htm,https://www.sec.gov/Archives/edgar/data/715957/000119312507099925/d10q.htm,6.687969094184551,0.6499999999282561,1.7362030903160923,0.2338852096872091,0.1477924944649235,18.639072845624828,12.506401764624018,18.6003311237748,27.729028694511143,30936415388.03,50158415388.03,17.07307692496137,6.637291437037116,25.56728544465289,189.79395943576685,2.386516654171874,2.386516654171874,10.761299160701563,34.425817013061085,41.45323585787603,307.72033980386504,0.014642937596942,0.0052688715856546,1.4907814549101288,0.397838394235718,13.19286204529856,0.6627737226277373,0.0,2.671081677704194,0.0080487670234846,0.5496688741721855,0.0,0.0,0.0879876479670612,0.8652892561983471,0.224629907745119,-2792.0,0.0,16.493327216034398,0.0141835905549138,0.0102255028103203,-47.29180463054174,-3696000000.0,8716000000.0,-28321000000.0,30412000000.0,2809000000.0,2072500000.0,925000000.0,55.320746620896806,80.4417670682731,30.080321285140563,1.6268760907504365,1.1188217673489764,2.9919893190921227,0.0349456144411016,1.5023178806288833,2007-05-02,0.74,bmo,4598853333.0,2025-04-25,2007-03-31,0.0135135135135135,42.43147540983607,4128919.37704918
2006-12-31,D,USD,715957,2007-02-28,2007-02-28 16:14:01,2006,Q4,3936000000.0,1550000000.0,2386000000.0,0.606199187,0,0.0,0.0,0.0,1785000000.0,1785000000.0,3335000000.0,0.0,0.0,443000000.0,1044000000.0,0.2652439024,601000000.0,0.1526930894,-201000000.0,400000000.0,0.1016260163,186000000.0,31000000.0,0.0078760163,0.0445,0.0445,696923077,696923077,https://www.sec.gov/Archives/edgar/data/715957/000119312507042607/0001193125-07-042607-index.htm,https://www.sec.gov/Archives/edgar/data/715957/000119312507042607/d10k.htm,5.647682118581933,0.0444812361981808,0.7447019866727702,-0.9455849888581032,0.1980132450112568,18.56158940192477,11.493377482175124,18.528587194422897,28.125055184533657,29215015387.84,48678015387.84,235.60496280516128,7.422514072113821,56.290973772331405,-44.33234504983308,2.262449886768373,2.262449886768373,12.367381958292682,46.62645152091954,93.7919371634682,-73.86648769019726,0.0010610981917504,-0.0225568938181799,1.517927669790134,0.3978363676957113,18.64272030651341,0.7211684032416066,0.0,16.741935483870968,0.0083176406643668,7.838709677419355,0.0,0.0,0.0999817329355172,2.2697495183044314,0.2992886178861789,0.0,0.0,4.306265833272323,0.0075037339556592,0.000699095685903,-48.1828642330924,-3131000000.0,8010000000.0,-28235000000.0,31177000000.0,2579000000.0,2078500000.0,1163000000.0,62.949695121951216,124.37419354838708,63.92903225806451,1.4297130403196512,0.7236227824463118,1.407811080835604,0.002400681483776,1.6902869755308734,2007-01-31,0.39,bmo,3922000000.0,2025-04-25,2006-12-31,0.0,40.28015873015873,2974422.285714286
2006-09-30,D,USD,715957,2006-11-01,2006-11-01 17:28:30,2006,Q3,3973000000.0,1522000000.0,2451000000.0,0.6169141707,0,0.0,0.0,0.0,1157000000.0,1157000000.0,2679000000.0,0.0,0.0,434000000.0,1728000000.0,0.4349358168,1294000000.0,0.3256984646,-219000000.0,1075000000.0,0.2705763906,421000000.0,653000000.0,0.1643594261,0.93,0.93,702150538,705945946,https://www.sec.gov/Archives/edgar/data/715957/000002373806000030/0000023738-06-000030-index.htm,https://www.sec.gov/Archives/edgar/data/715957/000002373806000030/qtr3dominionq.htm,5.658330778064575,0.9299999995157734,2.132021438399866,0.7890045937698904,0.1794486982220328,19.324915763291777,12.312174572456142,19.295007646921437,26.59543643331937,26857258078.5,45405258078.5,10.282258069869831,6.759944142587465,17.940720159318637,48.47880519584837,1.982378068976971,1.982378068976971,11.428456601686385,26.27619101765046,30.33083371977288,81.9589496001805,0.0243137254775365,0.0206275710789513,1.378358429288456,0.3722886762360446,10.733796296296296,0.6903819683413627,0.0,2.288990825688073,0.0090850674066139,0.3736600306278713,0.0,0.0,0.0981658692185008,0.6299265197060788,0.2373521268562798,0.0,0.0,20.093482396080823,0.018376989784119,0.014435405429304,-48.49209415545588,-3599000000.0,8645000000.0,-28566000000.0,30961000000.0,2433000000.0,1894000000.0,1129500000.0,54.48024163100931,119.15243101182654,72.43758212877792,1.651975051975052,0.7553349875930521,1.2424489795918368,0.0481989961617951,1.343016844629976,2006-11-01,0.78,bmo,3296744680.0,2025-04-25,2006-09-30,0.205128205128205,38.90269841269841,2666996.8253968256
2006-06-30,D,USD,715957,2006-08-03,2006-08-03 17:03:17,2006,Q2,3496000000.0,1306000000.0,2190000000.0,0.6264302059,0,0.0,0.0,0.0,1716000000.0,1716000000.0,3022000000.0,0.0,0.0,448000000.0,922000000.0,0.2637299771,474000000.0,0.135583524,-202000000.0,272000000.0,0.0778032037,126000000.0,161000000.0,0.0460526316,0.23,0.23,700000000,700000000,https://www.sec.gov/Archives/edgar/data/715957/000002373806000014/0000023738-06-000014-index.htm,https://www.sec.gov/Archives/edgar/data/715957/000002373806000014/dri_secondqtr.htm,4.994285714285715,0.23,1.4357142857142855,-0.0042857142857142,0.1157142857142857,17.69,11.55,17.665714285714287,23.954285714285717,26173000000.0,42860000000.0,40.641304347826086,7.486556064073227,26.04278606965174,-8724.333333333334,2.116529192948407,2.116529192948407,12.259725400457668,46.48590021691974,42.64676616915423,-14286.666666666666,0.0061513773736293,-0.000114621938639,1.3559760633996445,0.3309386595089603,18.098698481561826,0.7695919104369808,0.0,6.24223602484472,0.0092843770297634,1.5093167701863357,0.0,0.0,0.0848267150864451,1.0029850746268656,0.2883295194508009,0.0,0.0,9.561384388704989,0.0062578761489592,0.0034720724606426,-51.20178571428571,-2552000000.0,8085000000.0,-29761000000.0,31265000000.0,2685000000.0,1863000000.0,517000000.0,63.35526315789473,122.18223583460949,71.25574272588055,1.4205607476635511,0.7366046249294981,1.263056092843327,0.0130195697881287,1.44,2006-08-03,0.39,bmo,3246285714.0,2025-04-25,2006-06-30,0.0769230769230768,36.588253968253966,3144311.111111111
2006-03-31,D,USD,715957,2006-05-04,2006-05-03 19:17:41,2006,Q1,4951000000.0,2666000000.0,2285000000.0,0.4615229247,0,0.0,0.0,0.0,1324000000.0,1324000000.0,3990000000.0,0.0,0.0,414000000.0,1375000000.0,0.2777216724,961000000.0,0.1941022016,-215000000.0,746000000.0,0.150676631,207000000.0,534000000.0,0.1078569986,0.77,0.77,693506494,698039216,https://www.sec.gov/Archives/edgar/data/715957/000071595706000013/0000715957-06-000013-index.htm,https://www.sec.gov/Archives/edgar/data/715957/000071595706000013/dominion10q.htm,7.139082391923499,0.7699999994520599,1.4188764034846948,0.0879588014355349,0.0994943819516706,16.49732208563861,10.299831453344687,16.49732208563861,23.67389511423955,23939844172.88,40288844172.880005,11.207792215767792,4.8353553166794585,24.32910993178862,392.4564618504919,2.092460813991784,2.092460813991784,8.137516496239144,29.300977580276367,40.94394733016261,660.4728552931149,0.0223059096017398,0.0025480533440189,1.4350144218162748,0.3248258942703387,11.890181818181818,0.7479033463422735,0.0,1.8426966292134832,0.0100251279108943,0.449438202247191,0.0,0.0,0.0850348211459322,0.9380081300813008,0.1864269844475863,2229.4685990338166,0.0,16.906096679313624,0.0174003063115552,0.0115469446006141,-53.13901213447036,-3036000000.0,7143000000.0,-30096000000.0,30087000000.0,3235000000.0,2354500000.0,583500000.0,52.88022621692587,65.93023255813954,0.0,1.7019594362323822,1.3650793650793651,0.0,0.0466742417620837,1.3309176020491598,2006-05-03,0.74,bmo,4427365853.0,2025-04-25,2006-03-31,0.108108108108108,37.38467741935484,3103180.64516129
2005-12-31,D,USD,715957,2006-03-02,2006-03-02 08:40:52,2005,Q4,5108000000.0,3179000000.0,1929000000.0,0.3776429131,0,0.0,0.0,0.0,1253000000.0,1253000000.0,4432000000.0,0.0,0.0,395000000.0,1071000000.0,0.2096711042,676000000.0,0.1323414252,-253000000.0,423000000.0,0.0828112764,160000000.0,257000000.0,0.0503132341,0.37,0.37,685322519,693506494,https://www.sec.gov/Archives/edgar/data/715957/000119312506043336/0001193125-06-043336-index.htm,https://www.sec.gov/Archives/edgar/data/715957/000119312506043336/d10k.htm,7.453425005577556,0.3750059174693484,0.1823958742555196,-1.1892211001459885,0.2130383811304469,15.545965154546456,9.274465414144665,15.545965154546456,27.14196525621537,26453449233.4,44908449233.4,25.73292726984436,5.178827179600627,211.62759386720003,-32.45821991828221,2.4829593798948757,2.4829593798948757,8.791787242247455,41.93132514789916,359.2675938672,-55.10239169742332,0.0097151792090504,-0.0308088367913468,1.745917026468932,0.3532282567413596,17.23155929038282,0.6995165745856353,0.0,0.4863813229571984,0.0088079251194893,0.906614785992218,0.0,0.0,0.0816179263197873,7.52,0.1840250587314017,0.0,0.0,11.452997460440752,0.0099767992896129,0.0053140895744592,-56.33223618032023,-4351000000.0,6356000000.0,-31877000000.0,28887000000.0,3162000000.0,2469500000.0,1164500000.0,62.74275646045419,78.0245360176156,33.03869141239383,1.4344285313114291,1.1534833091436865,2.7240788346186804,0.0241223953444715,1.371616974401508,2006-01-26,0.36,bmo,4916449999.0,2025-04-25,2005-12-31,0.4166666666666667,38.86984126984128,3459285.714285714
2005-09-30,D,USD,715957,2005-11-03,2005-11-03 16:44:20,2005,Q3,4564000000.0,2502000000.0,2062000000.0,0.4517966696,0,0.0,0.0,0.0,1877000000.0,1877000000.0,4379000000.0,0.0,0.0,392000000.0,577000000.0,0.1264241893,185000000.0,0.0405346188,-177000000.0,8000000.0,0.0017528484,-2000000.0,15000000.0,0.0032865907,0.02,0.02,750000000,750000000,https://www.sec.gov/Archives/edgar/data/715957/000071595705000053/0000715957-05-000053-index.htm,https://www.sec.gov/Archives/edgar/data/715957/000071595705000053/dom3q.htm,6.085333333333334,0.02,1.504,0.3946666666666666,1.649333333333333,13.377333333333333,7.646666666666667,13.377333333333333,24.98,32302500000.0,49800500000.0,538.375,7.077673093777388,28.636968085106385,109.13006756756756,3.2196252367188283,3.2196252367188283,10.911590709903594,86.30935875216637,44.14937943262411,168.24493243243242,0.0004643603436266,0.0091633774475659,1.867337785308482,0.3370271096799727,30.32582322357019,0.856807664733103,0.0,75.2,0.0071821066480922,15.466666666666669,0.0,0.0,0.0773174548921549,0.7375886524822695,0.1822962313759859,-277.3333333333333,0.0006573181419807,2.453528071981244,0.0054689717150695,0.0002924489676551,-55.55433333333333,-2197000000.0,5735000000.0,-32410000000.0,30648000000.0,2679500000.0,2012000000.0,1016500000.0,54.48510078878177,78.5251798561151,41.798561151079134,1.6518277234889611,1.146129180027485,2.153184165232358,0.0014950662812718,1.1093333333333333,2005-11-02,0.59,bmo,4986592592.0,2025-04-25,2005-09-30,-0.0847457627118642,38.668125,2902256.25
2005-06-30,D,USD,715957,2005-08-03,2005-08-03 16:39:59,2005,Q2,3646000000.0,1618000000.0,2028000000.0,0.5562260011,0,0.0,0.0,0.0,1323000000.0,1323000000.0,2941000000.0,0.0,0.0,371000000.0,1076000000.0,0.2951179375,705000000.0,0.1933625891,-197000000.0,508000000.0,0.1393307735,176000000.0,332000000.0,0.0910586945,0.49,0.49,677551020,684536082,https://www.sec.gov/Archives/edgar/data/715957/000071595705000037/0000715957-05-000037-index.htm,https://www.sec.gov/Archives/edgar/data/715957/000071595705000037/dri10q.htm,5.381144581554906,0.4900000002951807,0.2346686748401618,-1.0139457837433408,0.0649397590752649,16.28659639535337,9.943162656592266,16.28659639535337,26.476234955708577,24866122434.000004,42761122434.0,18.72448978463856,6.820110376851345,156.39070713207548,-36.19522916157206,2.2533867180788403,2.2533867180788403,11.728228862863412,39.740820105947954,268.93787694339625,-62.24326409606987,0.0133514986456452,-0.0276279505107177,1.625645672859085,0.3777029160964312,16.631040892193308,0.7466219648481154,0.0,0.4789156626506024,0.0091691014795395,0.6867469879518072,0.0,0.0,0.090493736182756,5.320754716981132,0.2320351069665386,0.0,0.0,13.39998975249382,0.0113899938568195,0.0076857189156654,-50.230165692909736,-2494000000.0,6737000000.0,-29111000000.0,29802000000.0,2736500000.0,1827500000.0,761500000.0,64.08118486012067,102.40420271940668,48.44870210135971,1.4044684129429892,0.8788701792504073,1.857634902411022,0.0300860897145446,1.2486144585835026,2005-08-03,0.41,bmo,2989720000.0,2025-04-25,2005-06-30,0.2195121951219513,36.47765625,2796396.875
2005-03-31,D,USD,715957,2005-05-04,2005-05-04 16:05:50,2005,Q1,4736000000.0,2197000000.0,2539000000.0,0.5361064189,0,0.0,0.0,0.0,1666000000.0,1666000000.0,3863000000.0,0.0,0.0,380000000.0,1253000000.0,0.2645692568,873000000.0,0.1843327703,-196000000.0,677000000.0,0.1429476351,248000000.0,429000000.0,0.0905827703,0.63,0.63,680952381,686400000,https://www.sec.gov/Archives/edgar/data/715957/000071595705000018/0000715957-05-000018-index.htm,https://www.sec.gov/Archives/edgar/data/715957/000071595705000018/dri10q.htm,6.954965034478674,0.629999999955944,1.7783916082672453,0.6916783216299526,0.3979720279441978,16.0510489499265,9.73930069861963,16.0510489499265,25.5744755226871,25338238097.01,42482238097.01,14.765873016905596,5.350134733321369,20.923400575565648,53.7966838577707,2.318228554163769,2.318228554163769,8.9700671657538,33.90441986992019,35.080295703559045,90.1958346008705,0.0169309325438308,0.0185885063593107,1.5933211344922231,0.3695961289501051,13.682362330407024,0.7645505141024431,0.0,2.822843822843822,0.0090771899419139,0.5361305361305362,0.0,0.0,0.091215857721938,0.611065235342692,0.15625,1.947368421052632,0.0,15.083886065908128,0.0140645485028582,0.0100184488918988,-49.09924824831474,-2496000000.0,6632000000.0,-28084000000.0,29106000000.0,2891000000.0,1885000000.0,772500000.0,54.67271959459459,74.31042330450614,26.709148839326357,1.646159193604449,1.211135611907387,3.3696319018404908,0.0392497712717291,1.0867132866372928,2005-05-04,0.7,bmo,4604444444.0,2025-04-25,2005-03-31,0.0285714285714286,35.534918032786884,3012901.6393442624
2004-12-31,D,USD,715957,2005-02-28,2005-02-28 16:40:56,2004,Q4,3761000000.0,1814000000.0,1947000000.0,0.5176814677,0,0.0,0.0,0.0,1444000000.0,1444000000.0,3258000000.0,0.0,0.0,373000000.0,876000000.0,0.2329167775,503000000.0,0.1337410263,-196000000.0,307000000.0,0.0816272268,83000000.0,224000000.0,0.059558628,0.33,0.33,664617454,680952381,https://www.sec.gov/Archives/edgar/data/715957/000119312505038704/0001193125-05-038704-index.htm,https://www.sec.gov/Archives/edgar/data/715957/000119312505038704/d10k.htm,5.658894417178518,0.3370359876224376,0.6770812251343613,-0.6394656015157857,0.5852991035050368,17.57853322943276,11.11165521692724,17.57853322943276,26.2526960358763,22510593166.98,39569593166.98,25.123429873861603,5.985268058223877,50.02354037106666,-52.9661015693647,1.926781919625096,1.926781919625096,10.521029823711778,45.17076845545662,87.93242925995554,-93.10492509877646,0.0099508706118227,-0.018880000044753,1.4934520243088247,0.3839281784975575,19.47374429223744,0.8840615690168818,0.0,2.008928571428572,0.0100397176708569,1.0089285714285714,0.0,0.0,0.0945737798706156,1.9444444444444444,0.232650890720553,0.0,0.0,11.545711841569297,0.0093313104672388,0.0054437639739477,-46.265336269667095,-934000000.0,7385000000.0,-26641000000.0,30080000000.0,2836500000.0,2157000000.0,934500000.0,69.51608614730125,97.045203969129,44.30540242557883,1.2946643717728057,0.9274028629856852,2.031354983202688,0.0191731575793888,1.316546826650147,2005-01-27,0.64,bmo,3950163934.0,2025-04-25,2004-12-31,-0.046875,33.0621875,3049018.75
2004-09-30,D,USD,715957,2004-11-03,2004-11-03 16:30:48,2004,Q3,3292000000.0,1466000000.0,1826000000.0,0.5546780073,0,0.0,0.0,0.0,1071000000.0,1071000000.0,2537000000.0,0.0,0.0,361000000.0,1116000000.0,0.3390036452,755000000.0,0.2293438639,-197000000.0,558000000.0,0.1695018226,221000000.0,337000000.0,0.1023693803,0.51,0.51,660784314,660784314,https://www.sec.gov/Archives/edgar/data/715957/000071595704000160/0000715957-04-000160-index.htm,https://www.sec.gov/Archives/edgar/data/715957/000071595704000160/dir10q.htm,4.981958454903637,0.5099999997881306,1.2908902071788586,0.2693768544874992,0.1452818990494377,16.321513346335276,9.81712165764274,16.321513346335276,26.14014835709311,21561392165.820004,38738392165.82001,15.995098045860534,6.549633100188337,25.277130323352875,121.13141666191014,1.999201869802504,1.999201869802504,11.767433829228434,34.7118209371147,45.4142932776319,217.63141666191012,0.0156297885316619,0.0082554966131627,1.6015762633286972,0.3742957441275895,15.3915770609319,0.8216761184625079,0.0,2.5311572700296736,0.0098787684191216,0.6320474777448071,0.0,0.0,0.0931351304498569,0.7913247362250879,0.2050425273390036,0.0,0.0,13.685370494487596,0.0117716974960361,0.0080525686977299,-49.49118692306004,-1698000000.0,6487000000.0,-27539000000.0,29350000000.0,3095500000.0,2481000000.0,851000000.0,75.67436208991495,144.7612551159618,59.9181446111869,1.189306358381503,0.6217133163698049,1.5020491803278688,0.0312471024571163,1.0215133526913591,2004-10-21,0.66,bmo,3578065573.0,2025-04-25,2004-09-30,-0.0757575757575758,32.049375,2248200.0
2004-06-30,D,USD,715957,2004-08-04,2004-08-04 16:31:01,2004,Q2,3040000000.0,1466000000.0,1574000000.0,0.5177631579,0,0.0,0.0,0.0,994000000.0,994000000.0,2460000000.0,0.0,0.0,347000000.0,927000000.0,0.3049342105,580000000.0,0.1907894737,-186000000.0,394000000.0,0.1296052632,136000000.0,251000000.0,0.0825657895,0.38,0.38,660526316,660526316,https://www.sec.gov/Archives/edgar/data/715957/000071595704000141/0000715957-04-000141-index.htm,https://www.sec.gov/Archives/edgar/data/715957/000071595704000141/dri10q.htm,4.602390436780115,0.3799999998788844,0.8584063742283964,-0.1423107569267535,0.1256573704778781,16.400557763697034,9.89362549485462,16.400557763697034,26.188207162967903,20833000006.64,38048000006.64,20.750000006613547,6.8529605285,36.74250442088184,-221.6276596451064,1.9231053269306744,1.9231053269306744,12.51578947586842,41.044228701877024,67.10405644910053,-404.7659575174468,0.0120481927672442,-0.0045120721917169,1.5967875934644142,0.3864179604601809,18.570658036677457,0.826973216401991,0.0,2.258964143426295,0.0101761628153616,0.8446215139442231,0.0,0.0,0.0960125097732603,1.1657848324514992,0.2174342105263157,0.0,0.0,11.841653973787466,0.0099564031435726,0.0062025848222008,-46.80926293328788,-1460000000.0,6535000000.0,-26954000000.0,29160000000.0,3824500000.0,2581000000.0,660500000.0,101.33881578947368,159.86357435197817,44.57025920873125,0.8881098451650599,0.5629800307219662,2.0192837465564737,0.023169943690575,1.00071713115515,2004-07-27,0.4,bmo,2965853658.0,2025-04-25,2004-06-30,0.0249999999999998,31.49870967741936,2301541.935483871
2004-03-31,D,USD,715957,2004-05-05,2004-05-05 16:30:20,2004,Q1,3879000000.0,1937000000.0,1942000000.0,0.500644496,0,0.0,0.0,0.0,1052000000.0,1052000000.0,2989000000.0,0.0,0.0,352000000.0,1242000000.0,0.3201856148,890000000.0,0.2294405775,-185000000.0,705000000.0,0.1817478732,260000000.0,437000000.0,0.1126579015,0.68,0.67,647407407,652238806,https://www.sec.gov/Archives/edgar/data/715957/000071595704000062/0000715957-04-000062-index.htm,https://www.sec.gov/Archives/edgar/data/715957/000071595704000062/dri10q.htm,5.9915903927864695,0.6750000004247712,1.4967391313766665,0.6641876434385621,0.3954233412099346,16.630949667216274,9.992162477683856,16.630949667216274,28.448855853142877,20814148135.05,38976148135.05,11.907407399914188,5.36585412092034,21.48002903513932,48.40499566290698,1.933142763541376,1.933142763541376,10.047988691686005,31.38176178345411,40.22306309086687,90.64220496523257,0.0209953343833521,0.0206590246792709,1.7105971951332777,0.4119712796653768,14.623188405797102,0.8208674485505643,0.0,2.217391304347826,0.0100892911224346,0.4805491990846682,0.0,0.0,0.096137070257454,0.5562435500515995,0.1389533384893013,1.53125,0.0,15.89284581910348,0.0146788181559245,0.0108144225296344,-46.673855864611696,-1619000000.0,6469000000.0,-26521000000.0,28694000000.0,4072500000.0,2243500000.0,732500000.0,98.05104408352668,118.85389778007227,27.645844088797105,0.9178892569805964,0.7572322126661454,3.2554621848739496,0.0405869787313086,0.8325514879381045,2004-04-20,0.69,bmo,3879000000.0,2025-04-25,2004-03-31,0.0,31.666774193548385,2445106.4516129037
2003-12-31,D,USD,715957,2004-03-01,2004-02-27 18:50:33,2003,Q4,3001000000.0,1403000000.0,1598000000.0,0.5324891703,0,0.0,0.0,0.0,730000000.0,730000000.0,2133000000.0,0.0,0.0,309000000.0,1177000000.0,0.3922025991,868000000.0,0.289236921,-294000000.0,574000000.0,0.1912695768,4000000.0,-174000000.0,-0.0579806731,-0.27,-0.27,647407407,647407407,https://www.sec.gov/Archives/edgar/data/715957/000119312504031543/0001193125-04-031543-index.htm,https://www.sec.gov/Archives/edgar/data/715957/000119312504031543/d10k.htm,4.635411902230523,-0.2687643022286274,0.3444508011320915,-1.1553775750977775,0.1946224257517647,16.67419909516111,10.032322660775488,16.67419909516111,28.544622443592157,20665244431.44,39019244431.44,-29.69144314862069,6.886119437334223,92.66925754008967,-27.627332127593583,1.9143348245891616,1.9143348245891616,13.00208078355215,33.1514396188955,174.9741902755157,-52.1647652826738,-0.0084199342803454,-0.0361960393201058,1.7119036591014358,0.4182320191915991,15.593882752761257,0.8098567723017932,0.0,-1.2816091954022988,0.0101135992217942,-1.2011494252873562,0.0,0.0,0.0973158919114651,4.354260089686099,0.323558813728757,0.0,0.0,,0.0226692059940613,-0.0043624329338615,-46.16992279793302,-1686000000.0,6495000000.0,-26210000000.0,28464000000.0,3593000000.0,2116500000.0,892000000.0,117.53082305898036,123.74198146828226,55.80898075552388,0.7657565705537127,0.7273198548470711,1.6126436781609197,-0.0161185734136174,1.4998283762298692,2004-01-23,0.5,bmo,3481160000.0,2025-04-25,2003-12-31,-0.16,30.80671875,2096975.0
2003-09-30,D,USD,715957,2003-11-07,2003-11-07 16:20:06,2003,Q3,2853000000.0,1034000000.0,1819000000.0,0.637574483,0,0.0,0.0,0.0,1121000000.0,1121000000.0,2155000000.0,0.0,0.0,354000000.0,1052000000.0,0.3687346653,698000000.0,0.2446547494,-163000000.0,535000000.0,0.1875219068,209000000.0,-256000000.0,-0.0897301087,-0.39,-0.39,648101266,648101266,https://www.sec.gov/Archives/edgar/data/715957/000071595703000227/0000715957-03-000227-index.htm,https://www.sec.gov/Archives/edgar/data/715957/000071595703000227/dom10q.htm,4.402089842546304,-0.3949999998919922,0.9998437497266052,-0.3548828124029617,0.294707031169416,17.29667968277044,10.618710934596448,17.28124999527466,24.878828118197195,20058734182.7,35991734182.7,-19.588607600292967,7.030751553697862,30.954836701697527,-87.21188775086956,1.7909584091696429,1.7909584091696429,12.615399292919731,34.212675078612165,55.54279966466049,-156.48580079434782,-0.0127625201903713,-0.0114663267335367,1.4396428571428572,0.388193374422188,15.145437262357415,0.8906693136698809,0.0,-2.53125,0.0104194012491703,-0.81640625,0.0,0.0,0.1041987673343605,1.3549382716049383,0.3077462320364528,0.9637760702524698,0.0003505082369435,,0.0120287158710931,-0.0068802408084282,-42.011567371324965,-771000000.0,6882000000.0,-24045000000.0,27608000000.0,3379000000.0,2403500000.0,768000000.0,103.05993690851734,200.54158607350092,79.5551257253385,0.8732782369146006,0.4487847222222222,1.1312910284463895,-0.0228571428571428,1.354726562129567,2003-10-21,0.65,bmo,2853000000.0,2025-04-25,2003-09-30,0.0,30.4496875,2207684.375
2003-06-30,D,USD,715957,2003-08-11,2003-08-11 16:17:02,2003,Q2,2630000000.0,1029000000.0,1601000000.0,0.6087452471,0,0.0,0.0,0.0,1024000000.0,1024000000.0,2053000000.0,0.0,0.0,343000000.0,920000000.0,0.3498098859,577000000.0,0.219391635,-192000000.0,385000000.0,0.1463878327,139000000.0,240000000.0,0.0912547529,0.38,0.38,631578947,631578947,https://www.sec.gov/Archives/edgar/data/715957/000071595703000177/0000715957-03-000177-index.htm,https://www.sec.gov/Archives/edgar/data/715957/000071595703000177/dom10q.htm,4.164166669095764,0.3800000002216667,0.9531666672226804,-0.2311666668015138,0.2105833334561736,18.06741667720599,11.214750006541935,18.03733334385511,24.66041668105191,20298947356.58,35740947356.58,21.14473682977083,7.718230934060837,33.71918165544851,-139.0338860039726,1.7818598452054075,1.7818598452054075,13.589713823794677,38.848855822369565,59.37034444614618,-244.80100929164385,0.0118232731867351,-0.0071924911885971,1.3671875,0.3681684947049924,16.784782608695654,0.9302265372168284,0.0,2.5083333333333333,0.0102468367618371,0.8666666666666667,0.0,0.0,0.1023071104387292,1.2425249169435215,0.2844106463878327,0.0,0.0,12.418502332403952,0.0102235183705984,0.0063197809142616,-44.06535419237146,-539000000.0,7083000000.0,-23707000000.0,27819000000.0,3954500000.0,2957000000.0,538000000.0,119.4638783269962,218.9212827988338,54.40233236151603,0.7533657977656831,0.4111066719936077,1.6543408360128615,0.021067415730337,1.1843333340241944,2003-07-17,0.41,bmo,2567380952.0,2025-04-25,2003-06-30,0.024390243902439,30.445238095238093,2848641.26984127
2003-03-31,D,USD,715957,2003-05-09,2003-05-09 16:23:55,2003,Q1,3579000000.0,1451000000.0,2128000000.0,0.5945794915,0,0.0,0.0,0.0,1114000000.0,1114000000.0,2565000000.0,0.0,0.0,328000000.0,1342000000.0,0.374965074,1014000000.0,0.283319363,-376000000.0,638000000.0,0.1782620844,229000000.0,508000000.0,0.1419390891,0.83,0.82,615757576,619512195,https://www.sec.gov/Archives/edgar/data/715957/000071595703000142/0000715957-03-000142-index.htm,https://www.sec.gov/Archives/edgar/data/715957/000071595703000142/dominion10q.htm,5.812352359916397,0.8249999996751969,1.4323818891998497,0.0665846456430769,0.8087598422012756,17.308759835705214,10.28001968099212,17.271407473515193,25.68868109224855,17050327279.44,32370327279.44,8.3909090942126,4.763991975255658,19.331436824761905,415.86164096195125,1.6032277648744713,1.6032277648744713,9.044517261648506,24.120959224619973,36.701051337233565,789.5201775473172,0.0297941495007293,0.0024046459242714,1.487353079454631,0.373691795223133,11.41579731743666,0.912450316897626,0.0,1.736220472440945,0.0116713302178054,0.3917322834645669,0.0,0.0,0.1022466866687141,0.953514739229025,0.2349818385023749,2.5640243902439024,0.0,17.905320469092562,0.0185033375751073,0.0133680692613352,-44.87561513981275,-815000000.0,6330000000.0,-23177000000.0,26559000000.0,3736000000.0,2860500000.0,545500000.0,111.0980720871752,211.57133011716056,28.15988973121985,0.8100950656405613,0.425388449135151,3.196035242290749,0.0477668077103902,1.365797243556773,2003-04-16,0.64,bmo,3013894736.0,2025-04-25,2003-03-31,0.1875,27.50049180327869,2844577.049180328
2002-12-31,D,USD,715957,2003-03-20,2003-03-20 17:03:31,2002,Q4,2706000000.0,1005000000.0,1701000000.0,0.6286031042,0,0.0,0.0,0.0,987000000.0,987000000.0,1992000000.0,0.0,0.0,336000000.0,1050000000.0,0.3880266075,714000000.0,0.2638580931,-220000000.0,494000000.0,0.1825572801,156000000.0,338000000.0,0.1249076127,0.55,0.55,601397938,615757576,https://www.sec.gov/Archives/edgar/data/715957/000092838503000725/0000928385-03-000725-index.htm,https://www.sec.gov/Archives/edgar/data/715957/000092838503000725/d10k.htm,4.499516591292337,0.5620238757785697,0.902896344815868,-0.4489539836101001,0.4838726267797745,17.409437808880547,9.737313066743503,17.409437808880547,25.570423555393035,16508373398.1,31595373398.1,12.21033535362426,6.100655357760532,30.40216095414365,-61.142123696666665,1.576730983581662,1.576730983581662,11.67604338436807,30.090831807714284,58.186691340883975,-117.01990147444444,0.0204744581340098,-0.0163553363792386,1.4687679083094556,0.4056556490543143,14.368571428571428,0.8083619566504797,0.0,1.606508875739645,0.0119939133447749,0.5857988165680473,0.0,0.0,0.1217125220923791,1.4972375690607735,0.3004434589800443,0.5895576504713561,0.0,14.837509680894664,0.0163825055596738,0.0101516744255894,-40.80326594003054,-1618000000.0,5856000000.0,-20614000000.0,23253000000.0,2775000000.0,2132500000.0,662000000.0,101.57427937915742,206.86567164179107,57.04477611940299,0.8860510805500982,0.435064935064935,1.5777080062794349,0.0322827125119388,1.3518503284259682,2003-01-23,0.58,bmo,2799310344.0,2025-04-25,2002-12-31,-0.0344827586206894,24.35078125,5441471.9375
2002-09-30,D,USD,715957,2002-11-08,2002-11-08 16:04:28,2002,Q3,2545000000.0,743000000.0,1802000000.0,0.7080550098,0,0.0,0.0,0.0,966000000.0,966000000.0,1709000000.0,0.0,0.0,348000000.0,1184000000.0,0.4652259332,836000000.0,0.3284872299,-195000000.0,641000000.0,0.2518664047,211000000.0,430000000.0,0.1689587426,0.78,0.77,556600000,559400000,https://www.sec.gov/Archives/edgar/data/715957/000071595702000143/0000715957-02-000143-index.htm,https://www.sec.gov/Archives/edgar/data/715957/000071595702000143/dri10q.htm,4.572403880704276,0.7725476104922745,1.9277757815307224,1.0222781171397772,0.3287818900467121,16.527128997484727,8.363277039166368,16.527128997484727,27.835070068271648,14120942000.0,29430942000.0,8.209850000000001,5.54850373280943,13.160244175209694,24.817121265377857,1.535051853462333,1.535051853462333,11.564220825147348,24.857214527027025,27.428650512581548,51.72397539543058,0.0304512262708819,0.0402947622049577,1.6842048048700946,0.4313316072273727,12.930743243243244,0.6405655893536122,0.0,2.4895591647331785,0.0126762081453206,0.4162790697674418,0.0,0.0,0.1265068626632144,0.4697110904007455,0.1980353634577603,0.0,0.0,16.949332297891537,0.0191743446543113,0.0137051792828685,-43.69655048508803,-3025000000.0,4655000000.0,-21329000000.0,21402000000.0,2374500000.0,1867500000.0,638000000.0,88.2671905697446,236.81022880215343,83.21668909825033,1.0196314102564104,0.3800511508951407,1.081513828238719,0.0467442113273181,0.905497664390945,2002-10-14,0.75,bmo,2478896103.0,2025-04-25,2002-09-30,0.0266666666666666,29.460625,3675450.03125
2002-06-30,D,USD,715957,2002-08-07,2002-08-07 17:04:18,2002,Q2,2332000000.0,745000000.0,1587000000.0,0.6805317324,0,0.0,0.0,0.0,962000000.0,962000000.0,1707000000.0,0.0,0.0,341000000.0,966000000.0,0.4142367067,625000000.0,0.2680102916,-208000000.0,417000000.0,0.1788164666,145000000.0,272000000.0,0.1166380789,0.49,0.49,554600000,559800000,https://www.sec.gov/Archives/edgar/data/715957/000071595702000093/0000715957-02-000093-index.htm,https://www.sec.gov/Archives/edgar/data/715957/000071595702000093/dri10q.htm,4.204832311575911,0.4904435629282365,0.7573025604038947,-0.8727010457987739,0.4056978002163721,16.375766318067075,8.191489361702128,16.375766318067075,28.08690948431302,18079960000.0,33431960000.0,16.61761029411765,7.752984562607204,43.04752380952382,-37.35528925619835,1.990746531600969,1.990746531600969,14.336174957118354,34.608654244306415,79.59990476190477,-69.07429752066116,0.0150442810714182,-0.0267699707300237,1.7151508478308743,0.4399412545541842,15.892339544513458,0.6936264886794922,0.0,1.5498154981549817,0.0099004643815583,0.6580882352941176,0.0,0.0,0.1281949896913039,2.1523809523809523,0.3876500857632933,0.0,0.0,13.44270272382169,0.0140142269134159,0.0088117143967863,-43.48314100252434,-2341000000.0,4543000000.0,-21025000000.0,21532000000.0,2220000000.0,1765000000.0,523500000.0,86.95111492281303,215.0335570469799,71.15436241610738,1.0350643586329338,0.4185393258426966,1.264855687606112,0.029949350363356,1.6300036062026686,2002-07-18,0.46,bmo,2189224489.0,2025-04-25,2002-06-30,0.0652173913043477,32.56984375,2482690.6875
2002-03-31,D,USD,715957,2002-05-03,2002-05-03 13:59:29,2002,Q1,2634000000.0,963000000.0,1671000000.0,0.6343963554,0,0.0,0.0,0.0,960000000.0,960000000.0,1923000000.0,0.0,0.0,354000000.0,1065000000.0,0.4043280182,711000000.0,0.2699316629,-220000000.0,491000000.0,0.1864085042,169000000.0,322000000.0,0.1222475323,0.61,0.6,533600000,538000000,https://www.sec.gov/Archives/edgar/data/715957/000071595702000055/0000715957-02-000055-index.htm,https://www.sec.gov/Archives/edgar/data/715957/000071595702000055/dri10q.htm,4.936281859070465,0.603448275862069,0.7721139430284858,-0.3654422788605697,1.214392803598201,17.282608695652176,8.753748125937031,17.282608695652176,28.392053973013493,17331328000.0,31833328000.0,13.456,6.579851176917236,42.06633009708737,-88.87860512820512,1.8793459119496847,1.8793459119496847,12.08554593773728,29.89044882629108,77.26535922330098,-163.2478358974359,0.0185790725326991,-0.0112513016890569,1.6428106701366298,0.4335012017855099,13.616901408450705,0.7566858940744625,0.0,1.279503105590062,0.0096357301644744,0.5186335403726708,0.0,0.0,0.1302220441799244,1.4733009708737863,0.2304479878511769,0.0,0.0,15.318489137159624,0.0164187818494799,0.0105931506398657,-43.49465892053973,-1856000000.0,4671000000.0,-19954000000.0,21273000000.0,2067000000.0,1763000000.0,517500000.0,74.72665148063781,163.55140186915887,42.80373831775701,1.2043895747599451,0.5502857142857143,2.1026200873362444,0.0349165040121448,1.1375562218890554,2002-04-18,0.6,bmo,2634000000.0,2025-04-25,2002-03-31,0.0,29.9555,2307746.7333333334
2001-12-31,D,USD,715957,2002-03-11,2002-03-11 00:00:00,2001,Q4,2507000000.0,873000000.0,1634000000.0,0.6517750299,0,0.0,0.0,0.0,1643000000.0,1643000000.0,2516000000.0,0.0,0.0,0.0,330000000.0,0.131631432,-9000000.0,-0.0035899481,-182000000.0,-191000000.0,-0.0761866773,-74000000.0,-117000000.0,-0.0466693259,-0.22,-0.22,521729954,532231405,https://www.sec.gov/Archives/edgar/data/715957/000091664102000388/0000916641-02-000388-index.htm,https://www.sec.gov/Archives/edgar/data/715957/000091664102000388/d10k.htm,4.805167847426295,-0.2242539442157465,1.102102717299609,-0.1897533374133239,0.9315163836654088,16.774961707489005,8.705653116477954,16.774961707489005,29.386850194152355,15677985117.7,30523985117.7,-33.49996820021368,6.25368373262864,27.266061074260872,-158.36348603737375,1.7913602739602377,1.7913602739602377,12.17550263968887,92.49692459909092,53.08519150904348,-308.3230819969697,-0.0074626936511063,-0.0063145869355515,1.7518281535648994,0.4460996828537344,44.98787878787879,0.7159668360524204,0.0,-4.914529914529915,0.0108432300913511,-1.452991452991453,0.0,0.0,0.1224941080624981,1.1721739130434785,0.2688472277622656,0.0,0.0,,-0.0001831347663179,-0.0038794389734407,-44.81676741144136,-2124000000.0,4542000000.0,-20263000000.0,20767000000.0,1985000000.0,1678500000.0,562000000.0,69.89629038691663,183.09278350515464,59.48453608247423,1.2876219825372368,0.491554054054054,1.5129982668977469,-0.0133683729433272,1.291856054712933,2002-01-24,0.43,bmo,2390395348.0,2025-04-25,2001-12-31,0.0465116279069767,29.93265625,1982300.0
2001-09-30,D,USD,715957,2001-11-05,2001-11-05 00:00:00,2001,Q3,2544000000.0,794000000.0,1750000000.0,0.6878930818,0,0.0,0.0,0.0,970000000.0,970000000.0,1764000000.0,0.0,0.0,336000000.0,1116000000.0,0.4386792453,780000000.0,0.3066037736,-219000000.0,561000000.0,0.2205188679,217000000.0,344000000.0,0.1352201258,0.69,0.69,496600000,500600000,https://www.sec.gov/Archives/edgar/data/715957/000071595701500053/0000715957-01-500053-index.htm,https://www.sec.gov/Archives/edgar/data/715957/000071595701500053/drifinalsep01.htm,5.122835279903343,0.6927104309303262,1.6512283527990337,0.6343133306484092,0.739025372533226,16.250503423278293,8.856222311719694,16.250503423278293,27.374144180426903,14823510000.0,28050510000.0,10.772899709302326,5.82685141509434,18.077451219512195,47.0587619047619,1.8368661710037173,1.8368661710037173,11.026143867924528,25.13486559139785,34.20793902439024,89.0492380952381,0.0232063795956558,0.0212500278274173,1.6845105328376704,0.434729772945315,11.852150537634408,0.8644859813084113,0.0,2.39067055393586,0.0108611253340133,0.4680232558139535,0.0,0.0,0.1174288455388551,0.6158536585365854,0.1985062893081761,0.0,0.0,15.914776079367613,0.0177842184150173,0.0124646713529965,-42.37263391059203,-841000000.0,4398000000.0,-17835000000.0,18799000000.0,2408500000.0,1878000000.0,492000000.0,71.56839622641509,179.20654911838793,62.00251889168766,1.2575383094414236,0.502213788741303,1.4515539305301646,0.0426270136307311,1.0169150221506242,2001-10-17,0.68,bmo,2507130434.0,2025-04-25,2001-09-30,0.014705882352941,30.54322033898305,1979288.2033898304
2001-06-30,D,USD,715957,2001-08-03,2001-08-03 00:00:00,2001,Q2,2309000000.0,797000000.0,1512000000.0,0.6548289303,0,0.0,0.0,0.0,994000000.0,994000000.0,1791000000.0,0.0,0.0,0.0,833000000.0,0.3607622347,518000000.0,0.2243395409,-232000000.0,286000000.0,0.1238631442,131000000.0,155000000.0,0.0671286271,0.32,0.31,494800000,500000000,https://www.sec.gov/Archives/edgar/data/715957/000071595701500034/0000715957-01-500034-index.htm,https://www.sec.gov/Archives/edgar/data/715957/000071595701500034/drisecond.htm,4.666531932093776,0.3132578819725141,0.1960388035569927,-0.9761519805982216,0.962004850444624,15.559822150363784,8.156831042845594,15.559822150363784,29.498787388843976,14878636000.0,28998636000.0,23.9978,6.443757470766566,153.388,-30.80462939958592,1.932541369008962,1.932541369008962,12.5589588566479,34.8122881152461,298.95501030927835,-60.03858385093168,0.0104176216153147,-0.0324626531625614,1.8958306273542016,0.4525470498868322,16.95078031212485,0.9082368958475152,0.0,0.6217948717948718,0.0106864634634518,1.0258064516129033,0.0,0.0,0.1135708306204074,5.979381443298969,0.2511909917713296,0.0,0.0,10.472360332827042,0.0102555076252745,0.0054214760405736,-43.98544866612773,-674000000.0,4036000000.0,-17883000000.0,18756000000.0,2618000000.0,1923500000.0,371500000.0,108.90428757037678,245.6085319949812,49.34755332496863,0.8264137437365784,0.3664367816091954,1.8237986270022883,0.0201324847382777,1.1721907841552142,2001-07-20,0.35,bmo,2244861111.0,2025-04-25,2001-06-30,0.0285714285714286,32.705238095238094,2033806.349206349
2001-03-31,D,USD,715957,2001-05-08,2001-05-08 00:00:00,2001,Q1,3198000000.0,1626000000.0,1572000000.0,0.4915572233,0,0.0,0.0,0.0,1076000000.0,1076000000.0,2702000000.0,0.0,0.0,0.0,777000000.0,0.2429643527,496000000.0,0.1550969356,-238000000.0,258000000.0,0.0806754221,96000000.0,162000000.0,0.0506566604,0.33,0.33,492600000,497600000,https://www.sec.gov/Archives/edgar/data/715957/000071595701500012/0000715957-01-500012-index.htm,https://www.sec.gov/Archives/edgar/data/715957/000071595701500012/drifinal10qmarch2001.htm,6.492082825822168,0.3288672350791717,1.8717011774259031,1.0414129110840438,2.3487616727568006,15.186764108810394,7.693869265123832,15.184734064149412,29.21031262687779,15881424000.000002,29388424000.0,24.50837037037037,4.966048780487806,17.224971800433842,30.95794152046784,2.123185026737968,2.123185026737968,9.189626016260162,37.82293951093951,31.87464642082429,57.28737621832359,0.0102005966215623,0.0323018893016142,1.923663101604278,0.471693165054909,17.383526383526384,0.8200557966522009,0.0,5.691358024691358,0.010011696684126,0.9814814814814816,0.0,0.0,0.1209965579413211,0.4436008676789588,0.1278924327704815,0.0,0.0,10.599982731566593,0.0116894441491242,0.006041620049228,-40.36236297198538,-1161000000.0,3790000000.0,-17733000000.0,18009000000.0,2400000000.0,1680000000.0,316500000.0,68.72420262664164,92.5461254612546,16.937269372693727,1.3095823095823096,0.972488038277512,5.313725490196078,0.0216577540106951,0.8302882663418595,2001-04-20,0.58,bmo,3091400000.0,2025-04-25,2001-03-31,0.0344827586206896,31.395806451612906,2140803.2258064514
2000-12-31,D,USD,715957,2001-03-20,2001-03-20 00:00:00,2000,Q4,2781000000.0,1285000000.0,1496000000.0,0.5379359942,0,0.0,0.0,0.0,1452000000.0,1452000000.0,2737000000.0,0.0,0.0,344000000.0,388000000.0,0.1395181589,44000000.0,0.0158216469,90000000.0,134000000.0,0.0481841064,28000000.0,106000000.0,0.0381157857,0.22,0.22,486805405,492600000,https://www.sec.gov/Archives/edgar/data/715957/000091664101000361/0000916641-01-000361-index.htm,https://www.sec.gov/Archives/edgar/data/715957/000091664101000361/0000916641-01-000361-0001.txt,5.712754976498258,0.2177461443756977,0.1129814900062582,-1.0394297080575758,0.7395152073136904,15.410675236853626,8.216835636818782,15.40862102794442,28.089252624465004,16307981067.5,29621981067.5,38.46221949882075,5.864070862099964,296.5087466818182,-32.229211595849804,2.1741075946540462,2.1741075946540462,10.65155737774182,76.34531202963917,538.5814739545455,-58.54146456027668,0.0064998849067372,-0.0310277524793306,1.82295693907479,0.4659261278451683,34.31443298969072,0.7726554267650158,0.0,0.5188679245283019,0.0066225242446002,1.018867924528302,0.0,0.0,0.1193267002862205,10.2,0.2017259978425027,0.0,0.0,8.688571570003722,0.0013741549271291,0.0041012148881838,-40.16800101058862,-1726000000.0,4000000000.0,-15980000000.0,16625000000.0,2080500000.0,1559000000.0,398500000.0,76.31067961165049,118.22568093385212,22.90272373540856,1.1793893129770991,0.7612559241706162,3.929663608562691,0.0141314491401146,1.152411198063834,2001-01-26,0.28,bmo,2582357142.0,2025-04-25,2000-12-31,0.0714285714285712,29.77126984126984,1638190.4761904762
2000-09-30,D,USD,715957,2000-11-14,2000-11-14 00:00:00,2000,Q3,2344000000.0,805000000.0,1539000000.0,0.6565699659,0,0.0,0.0,0.0,879000000.0,879000000.0,1684000000.0,0.0,0.0,324000000.0,957000000.0,0.4082764505,660000000.0,0.2815699659,-247000000.0,413000000.0,0.1761945392,153000000.0,260000000.0,0.1109215017,0.55,0.55,476200000,479000000,https://www.sec.gov/Archives/edgar/data/715957/000071595700500027/0000715957-00-500027-index.htm,https://www.sec.gov/Archives/edgar/data/715957/000071595700500027/0000715957-00-500027-0001.htm,4.9223015539689206,0.5459890802183957,1.1969760604787905,0.2561948761024779,0.9197816043679128,15.11969760604788,14.99790004199916,15.10919781604368,32.062158756824864,13824086000.0,28654086000.0,13.292390384615384,5.897647610921502,24.252782456140352,113.31218032786886,1.921346212647672,1.921346212647672,12.22443941979522,29.9415736677116,50.27032631578948,234.8695573770492,0.0188077533661176,0.0088251765794859,2.122029186935372,0.5119710281000603,15.496342737722047,0.7420509291121817,0.0,2.08029197080292,0.0110676394808307,0.5884615384615385,0.0,0.0,0.0019448729126148,0.7859649122807018,0.1911262798634812,0.0,0.0,13.623978233777324,0.0156773334354126,0.0087353850288939,-43.252309953800925,-1874000000.0,7142000000.0,-17231000000.0,16292000000.0,1688000000.0,1304000000.0,388000000.0,69.2278156996587,159.87577639751552,52.54658385093168,1.3000554631170271,0.5629370629370629,1.7127659574468086,0.0361362056984016,0.9407811843763124,2000-10-18,0.57,bmo,2385857142.0,2025-04-25,2000-09-30,-0.0175438596491226,25.603174603174605,1389034.9206349207
2000-06-30,D,USD,715957,2000-08-14,2000-08-14 00:00:00,2000,Q2,2051000000.0,738000000.0,1313000000.0,0.6401755241,0,0.0,0.0,0.0,1242000000.0,1242000000.0,1980000000.0,0.0,0.0,324000000.0,369000000.0,0.1799122379,71000000.0,0.0346172599,-244000000.0,-173000000.0,-0.084349098,-75000000.0,-98000000.0,-0.04778157,-0.22,-0.22,475600000,475600000,https://www.sec.gov/Archives/edgar/data/715957/000071595700000066/0000715957-00-000066-index.htm,https://www.sec.gov/Archives/edgar/data/715957/000071595700000066/0000715957-00-000066-0001.htm,4.312447434819176,-0.2060555088309504,0.5740117746005047,-0.1619007569386038,1.719932716568545,14.722455845248108,14.541631623212783,14.709840201850296,31.999579478553407,10196864000.0,25109864000.0,-26.012408163265302,4.971654802535348,37.35115018315018,-132.42680519480518,1.4575277301315035,1.4575277301315035,12.242742077035592,68.04841192411924,91.97752380952382,-326.1021298701299,-0.0096107979865182,-0.0075513412751214,2.175385934819897,0.5230256375008592,40.41463414634146,0.5477560414269275,0.0,-2.5754716981132075,0.0150046131830335,-1.5612244897959184,0.0,0.0,0.0029555295896625,1.2820512820512822,0.1706484641638225,0.0,0.0,,0.0015252627395498,-0.0033779125878946,-41.93702691337258,-3930000000.0,6916000000.0,-17336000000.0,14110000000.0,1534000000.0,1063500000.0,278500000.0,69.02486591906387,143.65853658536585,37.31707317073171,1.3038779402415763,0.6264855687606112,2.411764705882353,-0.0140080045740423,0.7359125315391085,2000-07-21,0.27,bmo,1977750000.0,2025-04-25,2000-06-30,0.037037037037037,22.01857142857143,1463123.8095238097
2000-03-31,D,USD,715957,2000-05-15,2000-05-15 00:00:00,2000,Q1,2069000000.0,771000000.0,1298000000.0,0.6273562107,0,0.0,0.0,0.0,880000000.0,880000000.0,1651000000.0,0.0,0.0,276000000.0,669000000.0,0.3233446109,418000000.0,0.2020299662,-194000000.0,224000000.0,0.1082648623,77000000.0,168000000.0,0.0811986467,0.38,0.38,446800000,446800000,https://www.sec.gov/Archives/edgar/data/715957/000091664100000682/0000916641-00-000682-index.html,https://www.sec.gov/Archives/edgar/data/715957/000091664100000682/,4.6307072515666965,0.3760071620411817,0.9959713518352732,0.1477170993733214,0.8728737690241719,16.38316920322292,16.06759176365264,16.208594449418083,34.590420769919426,8587495999.999999,23652496000.0,12.779011904761903,4.150553890768487,19.29774382022472,130.11357575757577,1.1857906655619994,1.1857906655619994,11.431849202513291,35.35500149476831,53.15167640449438,358.3711515151515,0.0195633278897597,0.0076855930995484,2.1340789837061584,0.5323802962452635,22.5186846038864,0.4831800580832526,0.0,3.1560283687943262,0.0234061244395339,1.1964285714285714,0.0,0.0,0.0048570444367895,0.851685393258427,0.1831802803286611,0.0,0.0,11.710137530834052,0.0101978698092865,0.0058153622486067,-44.92670098478066,-4271000000.0,7179000000.0,-17717000000.0,13966000000.0,1214000000.0,830000000.0,252500000.0,65.03141614306429,110.77821011673151,29.29961089494164,1.3839464882943144,0.8124341412012644,3.0717131474103585,0.0231980115990058,0.8482542524619516,2000-04-25,0.49,bmo,1987862745.0,2025-04-25,2000-03-31,0.0408163265306122,19.67238095238095,2376717.4603174604
1999-12-31,D,USD,715957,2000-05-19,2000-05-19 00:00:00,1999,Q4,1249200000.0,413200000.0,836000000.0,0.6692283061,0,0.0,0.0,0.0,620600000.0,620600000.0,1033800000.0,0.0,0.0,0.0,409200000.0,0.3275696446,215400000.0,0.1724303554,-134100000.0,81300000.0,0.0650816523,18300000.0,62800000.0,0.0502721742,0.14,0.14,447619048,447619048,https://www.sec.gov/Archives/edgar/data/715957/000095010900002262/0000950109-00-002262-index.html,https://www.sec.gov/Archives/edgar/data/715957/000095010900002262/,2.7907659550716883,0.140297872221023,0.937851063031616,0.3998936166809416,0.6255319143612494,11.974468074915348,11.679574458145042,11.753297862337618,18.63638296286265,8786761912.24,16848761912.24,34.97914773980892,7.033911232981108,20.93082875712244,49.088055375642455,1.670169532834062,1.670169532834062,13.487641620429075,41.17488248347996,40.13521179666508,94.12716152089384,0.0071471152430475,0.0203715545940367,1.5856301083444213,0.4700512762720459,19.701857282502445,0.7309103034344782,0.0,6.663492063492064,0.0138162387023243,1.93312101910828,0.0,0.0,0.0074378768242519,0.5736064792758456,0.1927633685558757,0.0,0.0,6.091113226453929,0.0103327429213378,0.0035651433437411,-25.200558489191017,-807000000.0,5228000000.0,-10195000000.0,10089000000.0,1014150000.0,762900000.0,252150000.0,67.21902017291066,154.864472410455,55.324298160697,1.3389067524115756,0.5811533052039382,1.626771653543307,0.0119368941265919,0.5379574463506746,2000-01-28,0.19,bmo,1249200000.0,2025-04-25,1999-12-31,0.0,22.549375,1215550.0
1999-09-30,D,USD,715957,1999-11-12,1999-11-12 00:00:00,1999,Q3,1663000000.0,517000000.0,1146000000.0,0.6891160553,0,0.0,0.0,0.0,562000000.0,562000000.0,1079000000.0,0.0,0.0,198000000.0,782000000.0,0.4702345159,584000000.0,0.3511725797,-226000000.0,358000000.0,0.2152736019,123000000.0,235000000.0,0.1413108839,0.62,0.62,382113821,382113821,https://www.sec.gov/Archives/edgar/data/715957/000071595799000061/0000715957-99-000061-index.html,https://www.sec.gov/Archives/edgar/data/715957/000071595799000061/0000715957-99-000061-d1.html,4.352106384552889,0.6150000002224468,1.0648659578319728,0.4189851065345265,2.242787234853774,16.21532553778001,15.82381915465968,14.4307787286239,21.999465965404063,8620487801.76,16669787801.76,9.170731704,5.183696814046903,21.18576505716392,53.84439601349157,1.5633251970838924,1.5633251970838924,10.023925316752855,21.31686419662404,40.96777537911035,104.12109807470333,0.0272606383077325,0.018572034864119,1.5244822458380185,0.4564969481069574,10.293222506393862,0.785833831440526,0.0,1.7531236535975872,0.0143843368091865,0.5276595744680851,0.0,0.0,0.00812390034103,0.6065372327353158,0.1484064942874323,0.0,0.0,14.131026173974773,0.0230684772720702,0.0128659965398681,-27.25647288219915,-716600000.0,6046500000.0,-9589300000.0,10443000000.0,1156900000.0,859700000.0,248450000.0,59.27660853878533,141.8413926499033,43.5725338491296,1.518305487081165,0.6345115365733922,2.065521374350779,0.0426172427550687,0.6458808512974462,1999-10-15,0.63,bmo,1587409090.0,2025-04-25,1999-09-30,0.0476190476190476,22.63875,941425.0
1999-06-30,D,USD,715957,1999-08-12,1999-08-12 00:00:00,1999,Q2,1315000000.0,441000000.0,874000000.0,0.6646387833,0,0.0,0.0,0.0,574000000.0,574000000.0,1015000000.0,0.0,0.0,195000000.0,495000000.0,0.3764258555,300000000.0,0.2281368821,-125000000.0,175000000.0,0.1330798479,55000000.0,120000000.0,0.0912547529,0.32,0.32,384000000,384000000,https://www.sec.gov/Archives/edgar/data/715957/000091664199000676/0000916641-99-000676-index.html,https://www.sec.gov/Archives/edgar/data/715957/000091664199000676/,3.4244791666666665,0.3125,0.5875,0.1674479166666666,0.6221354166666667,16.50390625,16.121875,14.724739583333331,20.451822916666668,8317440000.0,15932040000.0,17.328,6.325049429657795,36.86808510638298,129.35365474339036,1.4709937569637268,1.4709937569637268,12.115619771863118,32.18593939393939,70.62074468085106,247.77667185069984,0.014427516158818,0.0077307440751,1.388942928390782,0.4364874253161039,15.383030303030305,0.823658269441402,0.0,1.9216354344122657,0.0147882040627885,1.025,0.0,0.0,0.0081533972488536,0.7149822695035462,0.1226615969581749,0.0,0.0,10.175132686865194,0.0126887003598656,0.0067242712571025,-27.02845052083333,-531300000.0,6190800000.0,-9173400000.0,10622800000.0,1084450000.0,764900000.0,244200000.0,83.3954372623574,184.6122448979592,50.326530612244895,1.07919573245794,0.4875082909573292,1.7883211678832116,0.0212227861981147,0.4200520833333333,1999-07-19,0.3,bmo,1272580645.0,2025-04-25,1999-06-30,0.0333333333333333,20.725238095238097,1360371.4285714286
1999-03-31,D,USD,715957,1999-05-17,1999-05-17 00:00:00,1999,Q1,1293000000.0,430000000.0,863000000.0,0.6674400619,0,0.0,0.0,0.0,541000000.0,541000000.0,971000000.0,0.0,0.0,201000000.0,523000000.0,0.4044856922,322000000.0,0.249033256,-118000000.0,204000000.0,0.1577726218,66000000.0,-117000000.0,-0.090487239,-0.3,-0.3,386800000,386800000,https://www.sec.gov/Archives/edgar/data/715957/000095010999001873/0000950109-99-001873-index.html,https://www.sec.gov/Archives/edgar/data/715957/,3.342812823164426,-0.3024819027921406,0.5240434332988625,0.1230610134436401,1.2233712512926578,16.395553257497415,16.011892450879007,14.623836608066185,19.668045501551187,7144196000.0,14278596000.0,-15.265376068376067,5.5252869296210365,35.24517020226936,150.0881512605042,1.2630064527534692,1.2630064527534692,11.042997679814386,27.301330783938816,70.4420128268377,299.9705042016807,-0.016376930308183,0.0066627511339274,1.3449306108017325,0.4350083483909334,13.64130019120459,0.9003050732552447,0.0,1.463537906137184,0.0174967204147254,-1.0683760683760684,0.0,0.0,0.0084856247569817,0.7651702022693636,0.119953596287703,0.0,0.0,,0.0136269161585859,-0.0067474048442906,-25.438728024819028,-264700000.0,6193400000.0,-8756200000.0,10566600000.0,992350000.0,662100000.0,239400000.0,66.15313225058004,130.85581395348837,50.60930232558139,1.360479797979798,0.6877799104286628,1.7783291976840363,-0.020684168655529,0.4009824198552223,1999-04-16,0.37,bmo,1328916666.0,2025-04-25,1999-03-31,-0.027027027027027,20.946393442622952,1372665.573770492
1998-12-31,D,USD,715957,1999-05-19,1999-05-19 00:00:00,1998,Q4,-942000000.0,-1666300000.0,724300000.0,-0.768895966,0,0.0,0.0,0.0,570000000.0,570000000.0,-1096300000.0,0.0,0.0,0.0,344400000.0,-0.3656050955,154300000.0,-0.1638004246,-63300000.0,91000000.0,-0.0966029724,36800000.0,54200000.0,-0.057537155,0.14,0.14,387666667,387666667,https://www.sec.gov/Archives/edgar/data/715957/000095013099003143/0000950130-99-003143-index.html,https://www.sec.gov/Archives/edgar/data/715957/,-2.429922611840136,0.1398108339296553,1.0039552871849051,0.5762682712155904,1.097850385986371,17.284952693650084,16.89802234144624,15.489853812992386,18.043852091105887,9063646674.46,15633046674.46,41.80648835083026,-9.621705599214437,23.287889708273383,40.571381711996416,1.50937512272644,1.50937512272644,-16.59559094953291,45.39212158670151,40.16712917384378,69.97782754905998,0.0059799330166661,0.0246479157919414,1.1648820130226982,0.3993263686704344,19.074912891986063,0.6494912749388961,0.0,7.180811808118081,0.0139016893007368,2.3247232472324724,0.0,0.0,0.0085631101215961,0.4260020554984584,-0.1760084925690021,0.0,0.0,6.980480716144529,0.006233839689722,0.0031208614038118,-24.496238156065143,-1233300000.0,6550800000.0,-8530900000.0,9553300000.0,1011250000.0,743950000.0,236600000.0,-98.81847133757962,-37.75430594730841,-12.800816179559504,-0.9107609010925264,-2.3838340486409155,-7.030801687763713,0.0090259621309264,0.4276870159693147,1999-01-22,0.13,bmo,-869538461.0,2025-04-25,1998-12-31,0.0769230769230769,23.465625,1261487.5
1998-09-30,D,USD,715957,1998-11-10,1998-11-10 00:00:00,1998,Q3,1544300000.0,501800000.0,1042500000.0,0.6750631354,0,0.0,0.0,0.0,274600000.0,274600000.0,776400000.0,0.0,0.0,0.0,963100000.0,0.6236482549,767900000.0,0.4972479441,-108500000.0,659400000.0,0.4269895746,234900000.0,424500000.0,0.2748818235,1.09,1.09,391244240,391244240,https://www.sec.gov/Archives/edgar/data/715957/000091664198001180/0000916641-98-001180-index.html,https://www.sec.gov/Archives/edgar/data/715957/,3.9471507618872543,1.084999998977621,0.4784734977823571,0.0196808009237401,2.467001175531683,17.495976426387774,17.040250867335452,15.670007052372195,18.9237290752191,8728658994.4,15167258994.4,5.140553000235571,5.652178329599171,46.62745189316239,1133.5920771948051,1.4237389891041952,1.4237389891041952,9.8214459589458,15.74837399480843,81.02168266239316,1969.7738953766232,0.0486328999989968,0.0008821515429735,1.207640112220265,0.4075949924578576,6.685287093759734,0.885516867633112,0.0,0.4408855393311351,0.0144695766074754,0.2975265017667844,0.0,0.0,0.0098157955583937,0.9588675213675214,0.1162338923784238,0.0,0.0,19.558733261782844,0.0300695080421557,0.0236012965423683,-24.26860009491769,-422500000.0,6666900000.0,-8051400000.0,10705800000.0,1130450000.0,858200000.0,235150000.0,57.59114161756136,141.49262654444,42.36349143084894,1.5627403359643797,0.6360755482317151,2.124470787468247,0.0692405558817772,0.458792696858617,1998-10-16,0.53,bmo,1435928070.0,2025-04-25,1998-09-30,0.0754716981132074,20.72875,1161621.875
1998-06-30,D,USD,715957,1998-08-07,1998-08-07 00:00:00,1998,Q2,1585200000.0,741400000.0,843800000.0,0.5322987636,0,0.0,0.0,0.0,776700000.0,776700000.0,1518100000.0,0.0,0.0,0.0,263300000.0,0.166098915,67100000.0,0.0423290437,-182000000.0,-114900000.0,-0.0724829674,-32200000.0,-82700000.0,-0.0521700732,-0.21,-0.21,393809524,393809524,https://www.sec.gov/Archives/edgar/data/715957/000091664198000875/0000916641-98-000875-index.html,https://www.sec.gov/Archives/edgar/data/715957/,4.025296249564549,-0.209999999898428,0.7264933491044773,0.2836396612896543,0.9425876658076964,16.807363958013365,11.845320429579049,14.964848844031511,24.38920192290728,8025838099.12,17259338099.12,-24.26190477363966,5.062981389805703,28.052562387696607,71.851728729812,1.3618580590025962,1.3618580590025962,10.887798447590209,65.55008772928218,60.326242918979375,154.51511279427035,-0.0103042198183723,0.0139175496216709,1.629766005463832,0.4260896568551339,35.06836308393468,0.8006164331112643,0.0,-3.459492140266022,0.0157366742812626,-1.5272067714631197,0.0,0.0,0.086688995852095,0.6095770709542118,0.1100176633863234,0.0,0.0,,0.0025358302778062,-0.0040170201191019,-36.76860034497287,-1041500000.0,4664800000.0,-11740500000.0,13682500000.0,1194850000.0,790750000.0,229250000.0,72.25775927327783,112.59104397086593,28.417858106285404,1.2455409758780545,0.7993530997304582,3.16702263989748,-0.0140328848013846,0.4428536878148228,1998-07-20,0.25,bmo,1278387096.0,2025-04-25,1998-06-30,0.24,19.9868253968254,1125342.857142857
1998-03-31,D,USD,715957,1998-05-15,1998-05-15 00:00:00,1998,Q1,1773500000.0,768300000.0,1005200000.0,0.5667888356,0,0.0,0.0,0.0,624600000.0,624600000.0,1392900000.0,0.0,0.0,0.0,615400000.0,0.3469974626,380600000.0,0.2146038906,-174600000.0,206000000.0,0.1161544968,66500000.0,139500000.0,0.0786580209,0.36,0.36,387500000,387500000,https://www.sec.gov/Archives/edgar/data/715957/000091664198000611/0000916641-98-000611-index.html,https://www.sec.gov/Archives/edgar/data/715957/,4.576774193548387,0.36,0.8885161290322581,0.4136774193548387,0.7228387096774194,17.67432258064516,12.586580645161291,15.635612903225809,23.661161290322585,8102625000.0,16991225000.0,14.520833333333334,4.568720045108543,23.533618936973568,50.54663131628197,1.33733164983165,1.33733164983165,9.580617423174514,27.610050373740656,49.35005808887598,105.99641297567062,0.0172166427546628,0.0197837120686197,1.5132864593648907,0.4466109744513992,14.443613909652258,0.7318026540533439,0.0,2.468100358422939,0.0155011493188935,0.9003584229390681,0.0,0.0,0.0960325385420979,0.534417659018298,0.1037496475895122,0.0,0.0,11.25381999661133,0.013596345688082,0.0075169738118331,-32.130709677419354,-816500000.0,4877300000.0,-11452800000.0,13837300000.0,1148400000.0,666650000.0,227550000.0,56.68452213137863,76.61069894572434,26.286606794221008,1.5877350044762757,1.174770642201835,3.4237967914438503,0.0230243612596553,0.4748387096774193,1998-04-17,0.41,bmo,2019819444.0,2025-04-25,1998-03-31,-0.1219512195121951,20.342131147540982,1126144.262295082
1997-12-31,D,USD,715957,1998-06-10,1998-06-10 00:00:00,1997,Q4,2128300000.0,1159500000.0,968800000.0,0.4551989851,0,0.0,0.0,0.0,633300000.0,633300000.0,1792800000.0,0.0,0.0,0.0,583400000.0,0.2741154912,335500000.0,0.1576375511,-220300000.0,115200000.0,0.0541277076,15400000.0,99800000.0,0.0468918855,0.26,0.26,375762274,387500000,https://www.sec.gov/Archives/edgar/data/715957/000091664198000700/0000916641-98-000700-index.html,https://www.sec.gov/Archives/edgar/data/715957/,5.663953374946842,0.2655934533757904,0.2304648603441227,-0.2381825057828982,0.8558602665897216,17.34447668368113,12.202928067227951,15.24767225567727,24.44284760742107,7996221190.72,16859321190.72,20.030614205210423,3.7570930746229374,92.33511767575058,-89.34325352759777,1.3956228625045817,1.3956228625045817,7.921496589165062,28.89839079657182,194.68038326466515,-188.3723038069274,0.0124808953654036,-0.011192786925888,1.6030543677458766,0.4548524961991215,15.192149468632156,0.6269134236147502,0.0,0.8677354709418837,0.0150821240587944,1.2084168336673349,0.0,0.0,0.0956781411104012,2.033487297921478,0.0827420946295165,0.0,0.0,9.545566689954557,0.0156636598786955,0.0054652888443487,-32.87583894065959,-1352700000.0,4585400000.0,-11402300000.0,13111900000.0,1524200000.0,623600000.0,232100000.0,49.89052295259128,52.72703751617076,17.90685640362225,1.8039498220037296,1.7069041660532902,5.026007802340702,0.0174186229164848,0.468647366127021,1998-01-23,0.28,bmo,2204310714.0,2025-04-25,1997-12-31,-0.0357142857142857,19.34,810118.75
1997-09-30,D,USD,715957,1997-11-12,1997-11-12 00:00:00,1997,Q3,2094800000.0,1007200000.0,1087600000.0,0.5191903762,0,0.0,0.0,0.0,775900000.0,775900000.0,1783100000.0,0.0,0.0,0.0,538600000.0,0.2571128509,311700000.0,0.1487970212,-163700000.0,148000000.0,0.0706511361,97600000.0,50400000.0,0.0240595761,0.14,0.14,373333333,373333333,https://www.sec.gov/Archives/edgar/data/715957/000091664197001066/0000916641-97-001066-index.html,https://www.sec.gov/Archives/edgar/data/715957/,5.611071433581314,0.1350000001205357,1.8996428588389669,1.3564285726396683,0.6506250005809152,16.775625014978235,11.84758929629249,15.308571442239796,24.36160716460858,7070933327.02,15923033327.02,35.07407404275794,3.375469413318694,9.970295159362662,13.963138481477094,1.2372153777680572,1.2372153777680572,7.601218888208899,29.5637455013368,22.452105650056403,31.44358871844392,0.0071277719176629,0.0716171368869941,1.5913703807390818,0.4609731373542828,16.43538804307464,0.937514987496146,0.0,14.071428571428571,0.016970885518245,2.380952380952381,0.0,0.0,0.0932488596046629,0.2859560067681895,0.0968111514225701,0.0,0.0,6.819075142372391,0.0058424970545181,0.0028171848274474,-31.355357170853,-182400000.0,4423100000.0,-10730400000.0,14128400000.0,1402850000.0,573700000.0,233300000.0,80.28164979950353,50.74563145353455,20.86477362986497,1.1210531949052769,1.7735516816340906,4.313490364025696,0.0088185890257558,0.5432142861992985,1997-10-17,0.53,bmo,1982578571.0,2025-04-25,1997-09-30,0.0566037735849057,18.391875,621493.75
1997-06-30,D,USD,715957,1997-08-13,1997-08-13 00:00:00,1997,Q2,1653000000.0,779000000.0,874000000.0,0.5287356322,0,0.0,0.0,0.0,587600000.0,587600000.0,1366600000.0,0.0,0.0,0.0,512500000.0,0.3100423472,286400000.0,0.1732607381,-168500000.0,117900000.0,0.0713248639,38800000.0,79100000.0,0.0478523896,0.22,0.22,367906977,367906977,https://www.sec.gov/Archives/edgar/data/715957/000071595797000032/0000715957-97-000032-index.html,https://www.sec.gov/Archives/edgar/data/715957/,4.492983561983387,0.2149999998505057,1.0434702900456274,0.528122629215591,0.5865613143835541,15.915707953535222,10.83072692040847,15.548767372248012,25.106618187346857,6736376748.87,15757476748.87,21.2906976892225,4.075243042268602,17.547217371372753,34.669978120792585,1.177585307030854,1.177585307030854,9.532653810568664,30.746296095356097,41.0457847066163,81.09869659737518,0.011742217359394,0.0288433986464003,1.6147015121055852,0.4755503614160093,17.602146341463413,0.7313118279569892,0.0,4.853350189633376,0.0176801275284934,1.5056890012642226,0.0,0.0,0.0963158219897444,0.4938786142224537,0.1147005444646098,0.0,0.0,8.672782835454234,0.0105272688505494,0.0045064035367576,-34.065472479474074,-624700000.0,3984700000.0,-11867800000.0,13530100000.0,955100000.0,560700000.0,229750000.0,51.02177858439201,66.95121951219512,26.93068035943517,1.7639526197844413,1.3442622950819672,3.341913341913342,0.0138274626343851,0.5153476608300364,1997-07-21,0.27,bmo,1937191304.0,2025-04-25,1997-06-30,-0.1481481481481481,17.50546875,732137.5
1997-03-31,D,USD,715957,1997-05-14,1997-05-14 00:00:00,1997,Q1,1897800000.0,960600000.0,937200000.0,0.4938349668,0,0.0,0.0,0.0,551200000.0,551200000.0,1511800000.0,0.0,0.0,0.0,597900000.0,0.3150490041,386000000.0,0.2033934029,-137600000.0,248400000.0,0.1308883971,78500000.0,169900000.0,0.0895247128,0.46,0.46,369347826,369347826,https://www.sec.gov/Archives/edgar/data/715957/000091664197000506/0000916641-97-000506-index.html,https://www.sec.gov/Archives/edgar/data/715957/,5.138246028284461,0.460000000108299,0.2233666863386384,-0.3305826957811849,0.415055915341979,15.837104182657352,10.67855209197847,15.471595059557762,24.785850506129687,6718436954.940001,15719736954.94,9.885869562889935,3.540118534587417,81.43559945381818,-55.02405368501229,1.175702953055439,1.175702953055439,8.283136766224048,26.29158212901823,190.54226612048487,-128.744774405733,0.0252886201268993,-0.0181738700264532,1.602022959540809,0.4715973191701997,15.054858672018732,0.575140712945591,0.0,0.4855797527957622,0.0176082622778822,0.696291936433196,0.0,0.0,0.0981511340981562,2.48,0.1078090420486879,0.0,0.0,12.6542881626792,0.0145626653597764,0.0097049112905989,-34.02260448122957,-1358700000.0,3944100000.0,-11723200000.0,12850800000.0,832800000.0,476250000.0,225950000.0,46.14764464116345,50.77139287945034,21.211742660836972,1.9502620491213647,1.77265178077136,4.242932862190813,0.0297319053618927,0.5539493821198233,1997-04-18,0.42,bmo,1695906382.0,2025-04-25,1997-03-31,0.119047619047619,19.68983606557377,795373.7704918033
1996-12-31,D,USD,715957,1997-06-27,1997-06-27 00:00:00,1996,Q4,1195300000.0,403100000.0,792200000.0,0.6627624864,0,0.0,0.0,0.0,604100000.0,604100000.0,1007200000.0,0.0,0.0,0.0,361400000.0,0.3023508743,188100000.0,0.1573663515,-102700000.0,85400000.0,0.0714464988,19900000.0,65500000.0,0.0547979587,0.18,0.18,359880036,369347826,https://www.sec.gov/Archives/edgar/data/715957/000091664197000637/0000916641-97-000637-index.html,https://www.sec.gov/Archives/edgar/data/715957/,3.321384573830598,0.1820050946088046,0.8977991766122865,0.9739356589371908,0.3078803737810007,15.973100547316829,15.475434708470464,15.597975543161278,16.27347842101472,6927690693.0,12673390693.0,26.44156753053435,5.795775698987701,21.44132062209842,19.765166028530672,1.2341345161577653,1.2341345161577653,10.6026860980507,35.067489465965686,39.22435992881461,36.15803336091298,0.0094548101095482,0.0505940602045294,1.0433070866141732,0.3929060218978102,15.898450470392916,0.6684383700329031,0.0,4.932824427480916,0.0167877010036712,1.7755725190839695,0.0,0.0,0.012015618291112,0.0848034664190653,0.0229231155358487,0.0,0.0,7.992214825996295,0.0105004429165239,0.0044477642345431,-23.380777365488537,-655000000.0,5569300000.0,-7836700000.0,10033500000.0,668950000.0,381150000.0,222500000.0,52.14172174349535,91.6745224510047,50.34730836020838,1.7260649819494585,0.981734047735022,1.7875831485587583,0.0116685074999109,0.0761364823249045,1997-01-24,0.3,bmo,1195300000.0,2025-04-25,1996-12-31,0.0,19.1903125,630025.0
1996-09-30,D,USD,715957,1996-11-13,1996-11-13 00:00:00,1996,Q3,1286700000.0,435500000.0,851200000.0,0.6615372659,0,0.0,0.0,0.0,499500000.0,499500000.0,935000000.0,0.0,0.0,0.0,527900000.0,0.4102743452,351700000.0,0.2733348877,-111300000.0,240400000.0,0.186834538,78200000.0,162200000.0,0.1260589104,0.46,0.46,356483516,356483516,https://www.sec.gov/Archives/edgar/data/715957/000071595796000057/0000715957-96-000057-index.html,https://www.sec.gov/Archives/edgar/data/715957/,3.609423556067035,0.4550000006171393,1.0426849582576492,0.2622842173717788,0.1570900125435252,16.08349262354111,16.08349262354111,15.7047934861594,15.452607912451132,6730408782.08,12183008782.08,10.373626359556102,5.230752142752778,18.107099225396823,71.98298162652407,1.2021807237795838,1.2021807237795838,9.468414379482397,23.07825114999053,32.77645623373689,130.299559166631,0.0240995763038739,0.0138921725302848,0.9839421273555417,0.3800161427181854,10.328850161015344,0.9805340473261452,0.0,2.291615289765722,0.017175776946534,0.7127003699136868,0.0,0.0,0.0,0.7484530535377993,0.2162120152327659,0.0,0.0,12.679819538645962,0.017318154991873,0.011189525169533,-22.756732459965978,-26900000.0,5733500000.0,-7407200000.0,10506000000.0,651250000.0,337300000.0,217450000.0,45.14339006761483,72.68197474167623,45.36165327210103,1.9936473504803225,1.238271253909582,1.9840546697038723,0.0289720460837724,0.7804007408858703,1996-10-18,0.54,bmo,,2025-04-25,1996-09-30,-0.1296296296296297,19.00890625,451350.0
1996-06-30,D,USD,715957,1996-08-12,1996-08-12 00:00:00,1996,Q2,1121000000.0,391500000.0,729500000.0,0.6507582516,0,0.0,0.0,0.0,488300000.0,488300000.0,879800000.0,0.0,0.0,0.0,416700000.0,0.3717216771,241200000.0,0.2151650312,-102700000.0,138500000.0,0.1235504014,44300000.0,94200000.0,0.0840321142,0.27,0.27,355471698,355471698,https://www.sec.gov/Archives/edgar/data/715957/000071595796000054/0000715957-96-000054-index.html,https://www.sec.gov/Archives/edgar/data/715957/,3.1535562642739565,0.2650000000843949,-0.194108280316595,-0.5480042464590247,0.1682271762743823,15.911815291691662,15.911815291691662,15.53203822150702,15.058582807343498,7109433960.0,12402533960.0,18.867924522292995,6.3420463514719,-103.0352747826087,-36.49606755646817,1.2876610084764182,1.2876610084764182,11.063812631578948,29.763700407967363,-179.74686898550723,-63.6680388090349,0.0132500000042197,-0.0274002123229512,0.969517496196479,0.3806587873874643,12.702423806095512,0.8665242557883132,0.0,-0.732484076433121,0.0160772293044831,1.213375796178344,0.0,0.0,0.0,-1.8231884057971013,0.1122212310437109,0.0,0.0,9.623397421141307,0.0122753028834214,0.0066988095746042,-21.789850060018,-193700000.0,5656200000.0,-7148500000.0,10102600000.0,650400000.0,329600000.0,209150000.0,52.75557537912578,74.22988505747126,49.51724137931034,1.7059808248364023,1.2124496748219262,1.817548746518106,0.0170615083677461,0.3538959661424297,1996-07-19,0.27,bmo,,2025-04-25,1996-06-30,0.111111111111111,19.32857142857143,583447.619047619
1996-03-31,D,USD,715957,1996-05-10,1996-05-10 00:00:00,1996,Q1,1239300000.0,457300000.0,782000000.0,0.6310013717,0,0.0,0.0,0.0,458500000.0,458500000.0,915800000.0,0.0,0.0,0.0,492900000.0,0.3977245219,323500000.0,0.2610344549,-103200000.0,220300000.0,0.1777616396,70100000.0,150200000.0,0.1211974502,0.43,0.43,353411765,353411765,https://www.sec.gov/Archives/edgar/data/715957/000071595796000044/0000715957-96-000044-index.html,https://www.sec.gov/Archives/edgar/data/715957/,3.506674431169545,0.4249999996463049,1.1499334211468597,0.846038614475667,0.1649633820198374,15.924766964110546,15.924766964110546,15.542776285333908,14.42255325031412,7068235300.0,12107035300.0,11.764705892143809,5.70340942467522,17.392311269685038,23.63958294314381,1.28677139996359,1.28677139996359,9.769253046074397,24.5628632582674,29.79093331692913,40.491756856187294,0.0212499999823152,0.0423019307237833,0.9279264518478064,0.3675996509422396,10.222763237979306,0.7401381007725439,0.0,2.705725699067909,0.0161143475232071,0.7583222370173103,0.0,0.0,0.0,0.264271653543307,0.0866618252239167,0.0,0.0,12.191300099038408,0.0168777266215592,0.0108323296720732,-21.491573717134177,-380100000.0,5628000000.0,-7155300000.0,9945100000.0,645000000.0,336500000.0,217150000.0,46.74655047204067,66.18631095560902,39.93221080253663,1.9252757495727824,1.359797799583705,2.2538196155741743,0.02734389222647,0.3038948066711927,1996-04-19,0.37,bmo,,2025-04-25,1996-03-31,0.1891891891891892,20.754285714285714,634390.4761904762
1995-12-31,D,USD,715957,1996-03-12,1996-03-12 00:00:00,1995,Q4,1134600000.0,407300000.0,727300000.0,0.6410188613,0,0.0,0.0,0.0,569500000.0,569500000.0,976800000.0,0.0,0.0,0.0,323600000.0,0.2852106469,157800000.0,0.1390798519,-104900000.0,52900000.0,0.046624361,12400000.0,40500000.0,0.0356953993,0.11,0.11,348565913,353411765,https://www.sec.gov/Archives/edgar/data/715957/000091664196000146/0000916641-96-000146-index.html,https://www.sec.gov/Archives/edgar/data/715957/,3.25505150585393,0.1161903631121841,0.5832469338446183,0.5123851568354592,0.1913554869032761,15.968285458825116,15.968285458825116,15.580984248451168,15.117083465358816,7190914785.19,12393514785.19,44.38836287154321,6.337841340728009,35.37095319818003,40.262680768141095,1.324049859176947,1.324049859176947,10.923245888586283,38.29887140046353,60.961705780570576,69.3925799842665,0.0056321067916715,0.0248368956294454,0.9702264776284294,0.378996353383729,16.07725587144623,0.7866159804906039,0.0,5.019753086419753,0.0157698990166803,2.8,0.0,0.0,0.0,0.1214953271028037,0.0217697867089723,0.0,0.0,6.382249203308906,0.0091756324067273,0.0029129774945516,-22.004948602074005,-297500000.0,5566000000.0,-7240600000.0,10024800000.0,620950000.0,330900000.0,248550000.0,51.2665256478054,74.39970537687208,51.1318438497422,1.7555314869255765,1.2096822096822095,1.7601555747623163,0.0074571902043822,0.0708617770091592,1996-01-26,0.26,bmo,,2025-04-25,1995-12-31,0.1538461538461537,19.98873015873016,499377.77777777775
1995-09-30,D,USD,715957,1995-11-07,1995-11-07 00:00:00,1995,Q3,1345000000.0,476800000.0,868200000.0,0.6455018587,0,0.0,0.0,0.0,469500000.0,469500000.0,946300000.0,0.0,0.0,0.0,554600000.0,0.4123420074,398700000.0,0.2964312268,-103600000.0,295100000.0,0.2194052045,97200000.0,197900000.0,0.1471375465,0.57,0.57,347192982,347192982,https://www.sec.gov/Archives/edgar/data/715957/000071595795000014/0000715957-95-000014-index.html,https://www.sec.gov/Archives/edgar/data/715957/,3.873926230455891,0.570000000748863,1.3387367374839392,0.6362455794109341,0.8542799404856634,16.11582114295156,16.11582114295156,15.726988398630708,15.612066720864767,6530699991.419999,11654499991.419998,8.249999989161193,4.855539027078066,14.050559361919104,29.56405609515617,1.1960331834184934,1.1960331834184934,8.665055755702602,21.01424448507032,25.0742254548623,52.75916700507016,0.0303030303428422,0.0338248580229098,0.9926927091918026,0.3831998359856063,9.238730616660655,1.0260424286759326,0.0,2.3486609398686205,0.0342902711323764,1.1315789458817584,0.0,0.0,0.0,0.5247418244406196,0.1813382899628252,1.520573575564673,0.0,14.202064162558534,0.0200841479884443,0.0139907105640822,-22.10197324783483,35600000.0,5595300000.0,-7147200000.0,10407300000.0,434800000.0,326050000.0,270350000.0,39.8542750929368,61.36535234899328,50.15310402684563,2.258226997985225,1.4666256536450324,1.794505080918329,0.0362434298481768,0.702491158073005,1995-10-23,0.59,bmo,,2025-04-25,1995-09-30,0.0677966101694916,18.087142857142855,623755.5555555555
1995-06-30,D,USD,715957,1995-08-11,1995-08-11 00:00:00,1995,Q2,1042800000.0,0.0,0.0,0.0,0,0.0,0.0,0.0,1042800000.0,1042800000.0,1042800000.0,0.0,0.0,0.0,1042800000.0,1.0,1042800000.0,1.0,-1042800000.0,0.0,0.0,0.0,78100000.0,0.0748945148,0.23,0.23,347111111,347111111,https://www.sec.gov/Archives/edgar/data/715957/000071595795000009/0000715957-95-000009-index.html,https://www.sec.gov/Archives/edgar/data/715957/0000715957-95-000009.txt,3.004225353074336,0.225000000072023,0.3820102405192094,-0.1014084536176082,0.4407810500770746,15.71254802039454,15.71254802039454,15.71542894229047,14.0963508367786,6334777775.75,11157777775.75,20.27777777128681,6.074777307009973,47.773588412696746,-179.96527260752083,1.1612791522914756,1.1612791522914756,10.69982525484273,10.69982525484273,84.14613770660738,-316.9823141695368,0.0123287671272341,-0.0055566275954853,0.8969752520623281,0.3607342966676496,4.6250479478327575,0.8472222222222222,0.0,1.6978232906530089,0.0176712328767123,1.43333333287452,0.0,0.0,0.0,1.2654600397093516,0.1609129267357115,1.0756410256410254,0.0,8.919605318948404,,0.0057578885284576,-21.935339315600302,-165000000.0,5454000000.0,-7195000000.0,-165000000.0,365400000.0,310350000.0,272250000.0,23.64787111622555,0.0,0.0,3.805839416058394,0.0,0.0,0.0143171402383134,0.4834186941368176,1995-07-21,0.3,bmo,,2025-04-25,1995-06-30,-0.2333333333333332,18.533650793650796,517047.6190476191
1995-03-31,D,USD,715957,1995-05-05,1995-05-05 00:00:00,1995,Q1,1129300000.0,432700000.0,696600000.0,0.6168422917,0,0.0,0.0,0.0,440100000.0,440100000.0,872800000.0,0.0,0.0,0.0,407800000.0,0.3611086514,256500000.0,0.2271318516,-104600000.0,151900000.0,0.1345081024,43400000.0,108500000.0,0.096077216,0.32,0.32,344444444,344444444,https://www.sec.gov/Archives/edgar/data/715957/000071595795000005/0000715957-95-000005-index.html,https://www.sec.gov/Archives/edgar/data/715957/,3.278612907456275,0.3150000004064516,1.0759354852592715,0.6662903234403746,0.3565161294922789,15.77496776229028,15.77496776229028,15.77496776229028,15.133645180817608,6199999992.0,11289899992.0,14.285714267281106,5.490126620030107,16.729627609282247,27.01525050980392,1.1410482906360424,1.1410482906360424,9.99725492960241,27.68489453653752,30.46384239611441,49.19346401742919,0.0175000000225806,0.0370161290800208,0.9593455535924618,0.3828110656610535,12.48136341343796,1.0412944212825097,0.0,3.415668202764977,0.0179032258295525,1.023041474654378,0.0,0.0,0.0,0.3807339449541284,0.1249446559815815,0.0,0.0,10.573792326289418,0.0142121325623505,0.0079680397153537,-22.01559680260077,41600000.0,5433600000.0,-7134300000.0,10283500000.0,420050000.0,318600000.0,289500000.0,36.40485256353493,61.08851398197365,56.05500346660504,2.472197898423818,1.4732720463057545,1.60556586270872,0.0199683451118963,0.409645161818897,1995-04-21,0.36,bmo,,2025-04-25,1995-03-31,-0.111111111111111,18.5268253968254,558193.6507936508
1994-12-31,D,USD,715957,1995-03-08,1995-03-08 00:00:00,1994,Q4,1004700000.0,405200000.0,599500000.0,0.596695531,0,0.0,0.0,0.0,452300000.0,452300000.0,857500000.0,0.0,0.0,0.0,304100000.0,0.3026774161,147200000.0,0.1465113964,-119000000.0,28200000.0,0.02806808,-11100000.0,39300000.0,0.0391161541,0.11,0.11,343191489,343191489,https://www.sec.gov/Archives/edgar/data/715957/000091664195000051/0000916641-95-000051-index.html,https://www.sec.gov/Archives/edgar/data/715957/,2.927520151876493,0.1145133293209377,0.4443583389680156,-0.3528642285182078,0.4274581529613632,15.741066352609929,15.741066352609929,15.741066352609929,15.314190964683275,6177446802.0,11286446802.0,39.29673538167939,6.148548623469693,40.50784788196721,-51.01112140379851,1.1435057572840694,1.1435057572840694,11.233648653329352,37.1142611048997,74.00948722622951,-93.1993955573906,0.0063618516289409,-0.0196035682510115,0.972881418681278,0.3875256226865847,16.80039460703716,0.878050751575885,0.0,3.880407124681934,0.0179847764879222,2.826972010178117,0.0,0.0,0.0,1.7940983606557377,0.2723200955509107,0.0,0.0,6.368488289204193,0.0159395508536907,0.0028977599504505,-22.06078892591652,-150900000.0,5402200000.0,-7073500000.0,10094500000.0,432550000.0,332250000.0,305100000.0,34.335622573902654,76.29565646594274,68.74383020730504,2.6211844508218105,1.1796215429403203,1.3092084006462037,0.007274813964681,0.7972225674862234,1995-01-27,0.23,bmo,,2025-04-25,1994-12-31,-0.1304347826086956,18.383650793650794,629352.380952381
1994-09-30,D,USD,715957,1994-09-30,1994-09-29 20:00:00,1994,Q3,1209800000.0,431900000.0,777900000.0,0.6429988428,0,0.0,0.0,0.0,450900000.0,450900000.0,882800000.0,0.0,0.0,0.0,472400000.0,0.3904777649,327000000.0,0.2702926103,-92500000.0,234500000.0,0.1938336915,73200000.0,161300000.0,0.1333278228,0.47,0.47,343191489,343191489,,,3.525145694973805,0.4700000004953503,1.0827774344951775,0.8578301310962871,0.1448171111259696,15.950570382588946,15.950570382588946,15.950570382588946,15.107017994843106,6393657440.07,11528557440.07,9.90957445764104,5.284887948479088,17.205751991576964,21.71758641328125,1.1679833105113169,1.1679833105113169,9.529308513861794,24.40422828126588,31.02410505939181,39.159502174150816,0.0252281267039908,0.0460456323723181,0.9471145941798652,0.379635053599672,10.869813717188824,0.942995755003032,0.0,2.3037817730936143,0.0170637856379752,0.6763794172349659,0.0,0.0,0.0,0.2077502691065662,0.0638122003636964,0.0,0.0,12.987581837033916,0.0174560002152499,0.0118109659656727,-22.207135795258605,-75200000.0,5474100000.0,-6938700000.0,10130700000.0,442550000.0,319400000.0,291800000.0,35.842287981484546,66.8904839083121,62.66033804121325,2.5110004151100043,1.3454828660436138,1.436315264383106,0.0294660309457262,0.2249473033988905,1994-10-24,0.54,bmo,,2025-04-25,1994-09-30,-0.1296296296296297,18.3246875,456868.75
1994-06-30,D,USD,715957,1994-06-30,1994-06-29 20:00:00,1994,Q2,1109700000.0,378700000.0,731000000.0,0.6587365955,0,0.0,0.0,0.0,445300000.0,445300000.0,824000000.0,0.0,0.0,0.0,441300000.0,0.3976750473,285700000.0,0.2574569704,-96800000.0,188900000.0,0.1702261873,52700000.0,136200000.0,0.1227358746,0.4,0.4,340500000,340500000,,,3.259030837004405,0.4,0.3662261380323054,-0.1544787077826725,0.2693098384728341,15.813803230543318,15.813803230543318,15.813803230543318,15.36769456681351,6193695000.0,11334695000.0,11.36875,5.581413895647472,49.66876503608661,-117.75085551330798,1.150260929316941,1.150260929316941,10.214197530864196,25.684783593927037,90.89570970328788,-215.4884980988593,0.0219901044529961,-0.008492507299762,0.9717899193997696,0.3883841757589252,11.64967142533424,0.87971260815822,0.0,0.9155653450807636,0.0173725054268897,0.7900146842878121,0.0,0.0,0.0,1.421812349639134,0.1597729115977291,0.0,0.0,11.929971880725027,0.0160948204960917,0.010109107103095,-22.181424375917768,-155700000.0,5384600000.0,-6949700000.0,10017600000.0,346550000.0,284000000.0,276150000.0,32.7088402270884,75.5268022181146,67.2326379720095,2.7515497148524672,1.1916299559471366,1.3386355602686462,0.0252943579838799,0.520704845814978,1994-07-18,0.32,bmo,,2025-04-25,1994-06-30,0.0,19.88758064516129,531403.2258064516
1994-03-31,D,USD,715957,1994-03-31,1994-03-30 19:00:00,1994,Q1,1167000000.0,426500000.0,740500000.0,0.6345329906,0,0.0,0.0,0.0,462200000.0,462200000.0,888700000.0,0.0,0.0,0.0,431100000.0,0.3694087404,278300000.0,0.2384747215,-80800000.0,197500000.0,0.1692373608,56100000.0,141400000.0,0.1211653813,0.42,0.42,336666667,336666667,,,3.46633663023135,0.4199999995841584,1.0188118801793942,0.6243564350253896,0.3077227719725517,15.831089093236546,15.831089093236546,15.831089093236546,15.41168315305774,6733333340.0,11818333340.0,11.904761916548798,5.769780068551842,19.63070944606414,32.03298449096099,1.2633369619873165,1.2633369619873165,10.127106546700942,27.414366365112503,34.455782332361515,56.22423092293055,0.0209999999792079,0.0312178217512694,0.9735074486847536,0.390290502625205,11.795407098121084,0.8344569896840224,0.0,2.4257425742574257,0.0158762376080433,0.756011315417256,0.0,0.0,0.0,0.3871720116618076,0.1137960582690659,0.0,0.0,12.231262885857811,0.0157044555118274,0.0106362172977689,-22.303217799699784,-203800000.0,5329800000.0,-6937100000.0,9997800000.0,,,,22.34961439588689,52.79718640093787,56.84876905041032,4.026915113871636,1.704636290967226,1.583147735708983,0.0265300761754662,0.3944554451540045,1994-04-15,0.38,bmo,,2025-04-25,1994-03-31,0.1052631578947368,21.083650793650797,477742.8571428572
1993-12-31,D,USD,715957,1993-12-31,1993-12-30 19:00:00,1993,Q4,1035700000.0,0.0,0.0,0.0,0,0.0,0.0,0.0,1035700000.0,1035700000.0,1035700000.0,0.0,0.0,0.0,1035700000.0,1.0,1035700000.0,1.0,-1035700000.0,0.0,0.0,0.0,92000000.0,0.0888288114,0.28,0.28,331666667,331666667,,,3.12271356470079,0.277386934394586,,,,,,,,7525516674.23,,20.449773571277177,7.266116321550642,0.0,0.0,0.0,0.0,,,0.0,0.0,0.0122250742351073,,0.0,0.0,,0.0,0.0,0.0,0.0139929484354341,1.1446105083967393,0.0,0.0,0.0,0.0,,0.0,,,0.0,0.0,,,,,,,,,,0.0,0.0,0.0,0.0,0.0,0.0,,1994-01-28,0.28,bmo,,2025-04-25,1993-12-31,0.0,23.1396875,419115.625
1993-09-30,D,USD,715957,1993-09-30,1993-09-29 20:00:00,1993,Q3,1287100000.0,0.0,0.0,0.0,0,0.0,0.0,0.0,1287100000.0,1287100000.0,1287100000.0,0.0,0.0,0.0,1287100000.0,1.0,1287100000.0,1.0,-1287100000.0,0.0,0.0,0.0,199000000.0,0.1546111413,0.6,0.6,331666667,331666667,,,3.880703513687735,0.5999999993969849,,,,,,,,8023016674.73,,10.079166676796484,6.233405854036206,0.0,0.0,0.0,0.0,,,0.0,0.0,0.0248036378419588,,0.0,0.0,,0.0,0.0,0.0,0.0127118644067796,0.5125000005150754,0.0,0.0,0.0,0.0,,0.0,,,0.0,0.0,,,,,,,,,,0.0,0.0,0.0,0.0,0.0,0.0,,1993-10-18,0.53,bmo,,2025-04-25,1993-09-30,0.1320754716981131,23.52875,269381.25
1993-06-30,D,USD,715957,1993-06-30,1993-06-29 20:00:00,1993,Q2,1005300000.0,0.0,0.0,0.0,0,0.0,0.0,0.0,1005300000.0,1005300000.0,1005300000.0,0.0,0.0,0.0,1005300000.0,1.0,1005300000.0,1.0,-1005300000.0,0.0,0.0,0.0,103100000.0,0.1025564508,0.32,0.32,327301587,327301587,,,3.071479149289918,0.3150000002902521,,,,,,,,7282460310.75,,17.65873014245878,7.244066756938228,0.0,0.0,0.0,0.0,,,0.0,0.0,0.0141573033838315,,0.0,0.0,,0.0,0.0,0.0,0.0138202247191011,0.9761904752909796,0.0,0.0,0.0,0.0,,0.0,,,0.0,0.0,,,,,,,,,,0.0,0.0,0.0,0.0,0.0,0.0,,1993-07-19,0.26,bmo,,2025-04-25,1993-06-30,0.2307692307692307,21.79968253968254,310304.7619047619
1993-03-31,D,USD,715957,1993-03-31,1993-03-30 19:00:00,1993,Q1,1105800000.0,0.0,0.0,0.0,0,0.0,0.0,0.0,1105800000.0,1105800000.0,1105800000.0,0.0,0.0,0.0,1105800000.0,1.0,1105800000.0,1.0,-1105800000.0,0.0,0.0,0.0,122400000.0,0.1106890939,0.38,0.38,326400000,326400000,,,3.387867647058824,0.375,,,,,,,,7161216000.0,,14.626666666666669,6.47604991861096,0.0,0.0,0.0,0.0,,,0.0,0.0,0.0170920692798541,,0.0,0.0,,0.0,0.0,0.0,0.0140154968094804,0.82,0.0,0.0,0.0,0.0,,0.0,,,0.0,0.0,,,,,,,,,,0.0,0.0,0.0,0.0,0.0,0.0,,1993-04-20,0.36,bmo,,2025-04-25,1993-03-31,0.0555555555555556,20.80467741935484,478829.0322580645
1992-12-31,D,USD,715957,1992-12-31,1992-12-30 19:00:00,1992,Q4,895000000.0,0.0,0.0,0.0,0,0.0,0.0,0.0,895000000.0,895000000.0,895000000.0,0.0,0.0,0.0,895000000.0,1.0,895000000.0,1.0,-895000000.0,0.0,0.0,0.0,139500000.0,0.1558659218,0.43,0.43,325000000,325000000,,,2.753846153846154,0.4292307692307692,,,,,,,,6418750000.0,,11.503136200716844,7.171787709497207,0.0,0.0,0.0,0.0,,,0.0,0.0,0.0217332035053554,,0.0,0.0,,0.0,0.0,0.0,0.0155696202531645,0.7163978494623656,0.0,0.0,0.0,0.0,,0.0,,,0.0,0.0,,,,,,,,,,0.0,0.0,0.0,0.0,0.0,0.0,,1992-12-30,,bmo,,2025-04-25,1992-12-31,,19.51,359271.875
1992-09-30,D,USD,715957,1992-09-30,1992-09-29 20:00:00,1992,Q3,1077100000.0,0.0,0.0,0.0,0,0.0,0.0,0.0,1077100000.0,1077100000.0,1077100000.0,0.0,0.0,0.0,1077100000.0,1.0,1077100000.0,1.0,-1077100000.0,0.0,0.0,0.0,149500000.0,0.1387986259,0.46,0.46,325000000,325000000,,,3.3141538461538462,0.46,,,,,,,,6337500000.0,,10.597826086956522,5.883854795283632,0.0,0.0,0.0,0.0,,,0.0,0.0,0.0235897435897435,,0.0,0.0,,0.0,0.0,0.0,0.0152564102564102,0.6467391304347826,0.0,0.0,0.0,0.0,,0.0,,,0.0,0.0,,,,,,,,,,0.0,0.0,0.0,0.0,0.0,0.0,,1993-01-22,0.33,bmo,,2025-04-25,1992-09-30,0.3030303030303029,19.7553125,361521.875
1992-06-30,D,USD,715957,1992-06-30,1992-06-29 20:00:00,1992,Q2,874600000.0,0.0,0.0,0.0,0,0.0,0.0,0.0,874600000.0,874600000.0,874600000.0,0.0,0.0,0.0,874600000.0,1.0,874600000.0,1.0,-874600000.0,0.0,0.0,0.0,61200000.0,0.0699748456,0.19,0.19,322105263,322105263,,,2.715261439239508,0.1900000000931372,,,,,,,,6161873681.19,,25.1710526192402,7.045362086885433,0.0,0.0,0.0,0.0,,,0.0,0.0,0.0099320439149575,,0.0,0.0,,0.0,0.0,0.0,0.0155514898065865,1.5657894729166666,0.0,0.0,0.0,0.0,,0.0,,,0.0,0.0,,,,,,,,,,0.0,0.0,0.0,0.0,0.0,0.0,,1992-06-29,,bmo,,2025-04-25,1992-06-30,,18.53,320901.5873015873
1992-03-31,D,USD,715957,1992-03-31,1992-03-30 19:00:00,1992,Q1,944300000.0,0.0,0.0,0.0,0,0.0,0.0,0.0,944300000.0,944300000.0,944300000.0,0.0,0.0,0.0,944300000.0,1.0,944300000.0,1.0,-944300000.0,0.0,0.0,0.0,94400000.0,0.0999682304,0.3,0.3,320000000,320000000,,,2.9509375,0.295,,,,,,,,5660800000.0,,14.991525423728817,5.994705072540506,0.0,0.0,0.0,0.0,,,0.0,0.0,0.0166760881854154,,0.0,0.0,,0.0,0.0,0.0,0.0168174109666478,1.0084745762711864,0.0,0.0,0.0,0.0,,0.0,,,0.0,0.0,,,,,,,,,,0.0,0.0,0.0,0.0,0.0,0.0,,1992-03-30,,bmo,,2025-04-25,1992-03-31,,18.145396825396823,468115.873015873
1991-12-31,D,USD,715957,1991-12-31,1991-12-30 19:00:00,1991,Q4,916500000.0,0.0,0.0,0.0,0,0.0,0.0,0.0,916500000.0,916500000.0,916500000.0,0.0,0.0,0.0,916500000.0,1.0,916500000.0,1.0,-916500000.0,0.0,0.0,0.0,84900000.0,0.0926350245,0.27,0.27,315652174,315652174,,,2.9035123958943494,0.2689669420746647,,,,,,,,5997391306.0,,17.660162856301532,6.543798478996181,0.0,0.0,0.0,0.0,,,0.0,0.0,0.0141561548460349,,0.0,0.0,,0.0,0.0,0.0,0.0156142105263157,1.102998003069258,0.0,0.0,0.0,0.0,,0.0,,,0.0,0.0,,,,,,,,,,0.0,0.0,0.0,0.0,0.0,0.0,,1991-12-30,,bmo,,2025-04-25,1991-12-31,,18.31671875,415696.84375
1991-09-30,D,USD,715957,1991-09-30,1991-09-29 20:00:00,1991,Q3,1063800000.0,0.0,0.0,0.0,0,0.0,0.0,0.0,1063800000.0,1063800000.0,1063800000.0,0.0,0.0,0.0,1063800000.0,1.0,1063800000.0,1.0,-1063800000.0,0.0,0.0,0.0,181500000.0,0.1706147772,0.57,0.57,315652174,315652174,,,3.370165288327778,0.5749999998415978,,,,,,,,5549165218.919999,,7.643478262975206,5.216361363902989,0.0,0.0,0.0,0.0,,,0.0,0.0,0.0327076222890556,,0.0,0.0,,0.0,0.0,0.0,0.016306598407281,0.4985565218764738,0.0,0.0,0.0,0.0,,0.0,,,0.0,0.0,,,,,,,,,,0.0,0.0,0.0,0.0,0.0,0.0,,1991-09-29,,bmo,,2025-04-25,1991-09-30,,16.490312499999998,465567.1875
1991-06-30,D,USD,715957,1991-06-30,1991-06-29 20:00:00,1991,Q2,901200000.0,0.0,0.0,0.0,0,0.0,0.0,0.0,901200000.0,901200000.0,901200000.0,0.0,0.0,0.0,901200000.0,1.0,901200000.0,1.0,-901200000.0,0.0,0.0,0.0,89400000.0,0.0992010652,0.28,0.28,313684211,313684211,,,2.8729530157958765,0.2849999995696308,,,,,,,,5018947376.0,,14.035087740492171,5.569182618730581,0.0,0.0,0.0,0.0,,,0.0,0.0,0.0178124999731019,,0.0,0.0,,0.0,0.0,0.0,0.017916875,1.0058596506417226,0.0,0.0,0.0,0.0,,0.0,,,0.0,0.0,,,,,,,,,,0.0,0.0,0.0,0.0,0.0,0.0,,1991-06-29,,bmo,,2025-04-25,1991-06-30,,15.88140625,402984.375
1991-03-31,D,USD,715957,1991-03-31,1991-03-30 19:00:00,1991,Q1,904200000.0,0.0,0.0,0.0,0,0.0,0.0,0.0,904200000.0,904200000.0,904200000.0,0.0,0.0,0.0,904200000.0,1.0,904200000.0,1.0,-904200000.0,0.0,0.0,0.0,104100000.0,0.1151293962,0.34,0.34,310746269,310746269,,,2.909769449235125,0.3349999996299231,,,,,,,,4934650751.72,,11.85074628174832,5.457477053439505,0.0,0.0,0.0,0.0,,,0.0,0.0,0.0210957178608263,,0.0,0.0,,0.0,0.0,0.0,0.0180522670025188,0.8557313442289145,0.0,0.0,0.0,0.0,,0.0,,,0.0,0.0,,,,,,,,,,0.0,0.0,0.0,0.0,0.0,0.0,,1991-03-30,,bmo,,2025-04-25,1991-03-31,,15.491639344262294,580962.2950819673
1990-12-31,D,USD,715957,1990-12-31,1990-12-30 19:00:00,1990,Q4,816500000.0,0.0,0.0,0.0,0,0.0,0.0,0.0,816500000.0,816500000.0,816500000.0,0.0,0.0,0.0,816500000.0,1.0,816500000.0,1.0,-816500000.0,0.0,0.0,0.0,73100000.0,0.0895284752,0.24,0.24,304761905,304761905,,,2.679140622906921,0.2398593748126098,,,,,,,,4763428575.150001,,16.290795400649795,5.833960287997551,0.0,0.0,0.0,0.0,,,0.0,0.0,0.0153460892394504,,0.0,0.0,,0.0,0.0,0.0,0.0183410108765195,1.1951586225218878,0.0,0.0,0.0,0.0,,0.0,,,0.0,0.0,,,,,,,,,,0.0,0.0,0.0,0.0,0.0,0.0,,1990-12-30,,bmo,,2025-04-25,1990-12-31,,15.5409375,510098.4375
1990-09-30,D,USD,715957,1990-09-30,1990-09-29 20:00:00,1990,Q3,997500000.0,0.0,0.0,0.0,0,0.0,0.0,0.0,997500000.0,997500000.0,997500000.0,0.0,0.0,0.0,997500000.0,1.0,997500000.0,1.0,-997500000.0,0.0,0.0,0.0,160000000.0,0.1604010025,0.53,0.53,304761905,304761905,,,3.273046872442932,0.5249999995898438,,,,,,,,4406857146.3,,6.88571429109375,4.417901901052632,0.0,0.0,0.0,0.0,,,0.0,0.0,0.0363070539135438,,0.0,0.0,,0.0,0.0,0.0,0.0191334716459197,0.5269904766021876,0.0,0.0,0.0,0.0,,0.0,,,0.0,0.0,,,,,,,,,,0.0,0.0,0.0,0.0,0.0,0.0,,1990-09-29,,bmo,,2025-04-25,1990-09-30,,14.539523809523809,526585.7142857143
1990-06-30,D,USD,715957,1990-06-30,1990-06-29 20:00:00,1990,Q2,846300000.0,0.0,0.0,0.0,0,0.0,0.0,0.0,846300000.0,846300000.0,846300000.0,0.0,0.0,0.0,846300000.0,1.0,846300000.0,1.0,-846300000.0,0.0,0.0,0.0,85700000.0,0.1012643271,0.28,0.28,300701754,300701754,,,2.8144165730406745,0.2850000003658109,,,,,,,,4447378941.66,,12.97368419387398,5.255085598085785,0.0,0.0,0.0,0.0,,,0.0,0.0,0.0192697769010014,,0.0,0.0,,0.0,0.0,0.0,0.0187065584854631,0.9707719285785298,0.0,0.0,0.0,0.0,,0.0,,,0.0,0.0,,,,,,,,,,0.0,0.0,0.0,0.0,0.0,0.0,,1990-06-29,,bmo,,2025-04-25,1990-06-30,,14.773333333333332,438466.6666666667
1990-03-31,D,USD,715957,1990-03-31,1990-03-30 19:00:00,1990,Q1,872300000.0,0.0,0.0,0.0,0,0.0,0.0,0.0,872300000.0,872300000.0,872300000.0,0.0,0.0,0.0,872300000.0,1.0,872300000.0,1.0,-872300000.0,0.0,0.0,0.0,127000000.0,0.1455921128,0.42,0.42,302380952,302380952,,,2.884771657177665,0.4200000005291338,,,,,,,,4499428565.76,,8.857142845984253,5.158120561458214,0.0,0.0,0.0,0.0,,,0.0,0.0,0.0282258064871729,,0.0,0.0,,0.0,0.0,0.0,0.0185934139784946,0.658738094408189,0.0,0.0,0.0,0.0,,0.0,,,0.0,0.0,,,,,,,,,,0.0,0.0,0.0,0.0,0.0,0.0,,1990-03-30,,bmo,,2025-04-25,1990-03-31,,15.049206349206347,906504.7301587302
1989-12-31,D,USD,715957,1989-12-31,1989-12-30 19:00:00,1989,Q4,901500000.0,0.0,0.0,0.0,0,0.0,0.0,0.0,901500000.0,901500000.0,901500000.0,0.0,0.0,0.0,901500000.0,1.0,901500000.0,1.0,-901500000.0,0.0,0.0,0.0,120400000.0,0.1335551858,0.4,0.4,300412371,300412371,,,3.0008750871314818,0.4007824298287636,,,,,,,,4869684533.91,,10.111471208284884,5.401757663793677,0.0,0.0,0.0,0.0,,,0.0,0.0,0.0247243941905467,,0.0,0.0,,0.0,0.0,0.0,0.0170678593460826,0.6903246734598838,0.0,0.0,0.0,0.0,,0.0,,,0.0,0.0,,,,,,,,,,0.0,0.0,0.0,0.0,0.0,0.0,,1989-12-30,,bmo,,2025-04-25,1989-12-31,,,
1989-09-30,D,USD,715957,1989-09-30,1989-09-29 20:00:00,1989,Q3,983500000.0,0.0,0.0,0.0,0,0.0,0.0,0.0,983500000.0,983500000.0,983500000.0,0.0,0.0,0.0,983500000.0,1.0,983500000.0,1.0,-983500000.0,0.0,0.0,0.0,145700000.0,0.1481443823,0.49,0.49,300412371,300412371,,,3.273833220403563,0.4850000002163692,,,,,,,,4355979379.5,,7.474226800789293,4.429058850533808,0.0,0.0,0.0,0.0,,,0.0,0.0,0.0334482758769909,,0.0,0.0,,0.0,0.0,0.0,0.0183910344827586,0.5498350513010982,0.0,0.0,0.0,0.0,,0.0,,,0.0,0.0,,,,,,,,,,0.0,0.0,0.0,0.0,0.0,0.0,,1989-09-29,,bmo,,2025-04-25,1989-09-30,,,
1989-06-30,D,USD,715957,1989-06-30,1989-06-29 20:00:00,1989,Q2,850800000.0,0.0,0.0,0.0,0,0.0,0.0,0.0,850800000.0,850800000.0,850800000.0,0.0,0.0,0.0,850800000.0,1.0,850800000.0,1.0,-850800000.0,0.0,0.0,0.0,51500000.0,0.0605312647,0.18,0.18,294285714,294285714,,,2.891067963971911,0.1750000001699029,,,,,,,,4328942852.940001,,21.014285693883497,5.088085158603668,0.0,0.0,0.0,0.0,,,0.0,0.0,0.011896668944249,,0.0,0.0,,0.0,0.0,0.0,0.0181284840244731,1.5238285699491263,0.0,0.0,0.0,0.0,,0.0,,,0.0,0.0,,,,,,,,,,0.0,0.0,0.0,0.0,0.0,0.0,,1989-06-29,,bmo,,2025-04-25,1989-06-30,,,
1989-03-31,D,USD,715957,1989-03-31,1989-03-30 19:00:00,1989,Q1,925800000.0,0.0,0.0,0.0,0,0.0,0.0,0.0,925800000.0,925800000.0,925800000.0,0.0,0.0,0.0,925800000.0,1.0,925800000.0,1.0,-925800000.0,0.0,0.0,0.0,0.0,0.0,0.32,0.32,295610000,295610000,,,3.131829099150908,0.0,,,,,,,,4029164300.0,,0.0,4.352089328148629,0.0,0.0,0.0,0.0,,,0.0,0.0,0.0,,0.0,0.0,,0.0,0.0,0.0,0.019564930300807,0.0,0.0,0.0,0.0,0.0,,0.0,,,0.0,0.0,,,,,,,,,,0.0,0.0,0.0,0.0,0.0,0.0,,1989-03-30,,bmo,,2025-04-25,1989-03-31,,,
1988-12-31,D,USD,715957,1988-12-31,1988-12-30 19:00:00,1988,Q4,848800000.0,0.0,0.0,0.0,0,0.0,0.0,0.0,848800000.0,848800000.0,848800000.0,0.0,0.0,0.0,848800000.0,1.0,848800000.0,1.0,-848800000.0,0.0,0.0,0.0,0.0,0.0,0.31,0.31,293538000,293538000,,,2.891618802335643,0.0,,,,,,,,4121273519.999999,,0.0,4.85541178133836,0.0,0.0,0.0,0.0,,,0.0,0.0,0.0,,0.0,0.0,,0.0,0.0,0.0,0.0189935897435897,0.0,0.0,0.0,0.0,0.0,,0.0,,,0.0,0.0,,,,,,,,,,0.0,0.0,0.0,0.0,0.0,0.0,,1988-12-30,,bmo,,2025-04-25,1988-12-31,,,
1988-09-30,D,USD,715957,1988-09-30,1988-09-29 20:00:00,1988,Q3,923800000.0,0.0,0.0,0.0,0,0.0,0.0,0.0,923800000.0,923800000.0,923800000.0,0.0,0.0,0.0,923800000.0,1.0,923800000.0,1.0,-923800000.0,0.0,0.0,0.0,0.0,0.0,0.51,0.51,293538000,293538000,,,3.147122348724867,0.0,,,,,,,,4206399540.0,,0.0,4.553366031608573,0.0,0.0,0.0,0.0,,,0.0,0.0,0.0,,0.0,0.0,,0.0,0.0,0.0,0.0179113747383112,0.0,0.0,0.0,0.0,0.0,,0.0,,,0.0,0.0,,,,,,,,,,0.0,0.0,0.0,0.0,0.0,0.0,,1988-09-29,,bmo,,2025-04-25,1988-09-30,,,
1988-06-30,D,USD,715957,1988-06-30,1988-06-29 20:00:00,1988,Q2,766800000.0,0.0,0.0,0.0,0,0.0,0.0,0.0,766800000.0,766800000.0,766800000.0,0.0,0.0,0.0,766800000.0,1.0,766800000.0,1.0,-766800000.0,0.0,0.0,0.0,0.0,0.0,0.25,0.25,290638000,290638000,,,2.638333597120817,0.0,,,,,,,,4190999960.0,,0.0,5.465571152842984,0.0,0.0,0.0,0.0,,,0.0,0.0,0.0,,0.0,0.0,,0.0,0.0,0.0,0.0177995839112343,0.0,0.0,0.0,0.0,0.0,,0.0,,,0.0,0.0,,,,,,,,,,0.0,0.0,0.0,0.0,0.0,0.0,,1988-06-29,,bmo,,2025-04-25,1988-06-30,,,
1988-03-31,D,USD,715957,1988-03-31,1988-03-30 19:00:00,1988,Q1,804700000.0,0.0,0.0,0.0,0,0.0,0.0,0.0,804700000.0,804700000.0,804700000.0,0.0,0.0,0.0,804700000.0,1.0,804700000.0,1.0,-804700000.0,0.0,0.0,0.0,0.0,0.0,0.45,0.45,287842000,287842000,,,2.795630936416506,0.0,,,,,,,,4029788000.0,,0.0,5.007814092208276,0.0,0.0,0.0,0.0,,,0.0,0.0,0.0,,0.0,0.0,,0.0,0.0,0.0,0.0183335714285714,0.0,0.0,0.0,0.0,0.0,,0.0,,,0.0,0.0,,,,,,,,,,0.0,0.0,0.0,0.0,0.0,0.0,,1988-03-30,,bmo,,2025-04-25,1988-03-31,,,
1987-12-31,D,USD,715957,1987-12-31,1987-12-30 19:00:00,1987,Q4,760500000.0,0.0,0.0,0.0,0,0.0,0.0,0.0,760500000.0,760500000.0,760500000.0,0.0,0.0,0.0,760500000.0,1.0,760500000.0,1.0,-760500000.0,0.0,0.0,0.0,0.0,0.0,0.3,0.3,284234000,284234000,,,2.6756123475727747,0.0,,,,,,,,3919586859.999999,,0.0,5.153960368178829,0.0,0.0,0.0,0.0,,,0.0,0.0,0.0,,0.0,0.0,,0.0,0.0,0.0,0.0186127628716461,0.0,0.0,0.0,0.0,0.0,,0.0,,,0.0,0.0,,,,,,,,,,0.0,0.0,0.0,0.0,0.0,0.0,,1987-12-30,,bmo,,2025-04-25,1987-12-31,,,
1987-09-30,D,USD,715957,1987-09-30,1987-09-29 20:00:00,1987,Q3,911800000.0,0.0,0.0,0.0,0,0.0,0.0,0.0,911800000.0,911800000.0,911800000.0,0.0,0.0,0.0,911800000.0,1.0,911800000.0,1.0,-911800000.0,0.0,0.0,0.0,0.0,0.0,0.51,0.51,284234000,284234000,,,3.207920234736168,0.0,,,,,,,,3956537280.0,,0.0,4.339260013160781,0.0,0.0,0.0,0.0,,,0.0,0.0,0.0,,0.0,0.0,,0.0,0.0,0.0,0.0177205459770114,0.0,0.0,0.0,0.0,0.0,,0.0,,,0.0,0.0,,,,,,,,,,0.0,0.0,0.0,0.0,0.0,0.0,,1987-09-29,,bmo,,2025-04-25,1987-09-30,,,
1987-06-30,D,USD,715957,1987-06-30,1987-06-29 20:00:00,1987,Q2,746400000.0,0.0,0.0,0.0,0,0.0,0.0,0.0,746400000.0,746400000.0,746400000.0,0.0,0.0,0.0,746400000.0,1.0,746400000.0,1.0,-746400000.0,0.0,0.0,0.0,0.0,0.0,0.28,0.28,283076000,283076000,,,2.6367477285252017,0.0,,,,,,,,4081955920.0,,0.0,5.468858413719185,0.0,0.0,0.0,0.0,,,0.0,0.0,0.0,,0.0,0.0,,0.0,0.0,0.0,0.0171061026352288,0.0,0.0,0.0,0.0,0.0,,0.0,,,0.0,0.0,,,,,,,,,,0.0,0.0,0.0,0.0,0.0,0.0,,1987-06-29,,bmo,,2025-04-25,1987-06-30,,,
1987-03-31,D,USD,715957,1987-03-31,1987-03-30 19:00:00,1987,Q1,832500000.0,0.0,0.0,0.0,0,0.0,0.0,0.0,832500000.0,832500000.0,832500000.0,0.0,0.0,0.0,832500000.0,1.0,832500000.0,1.0,-832500000.0,0.0,0.0,0.0,0.0,0.0,0.44,0.44,281788000,281788000,,,2.954348659275768,0.0,,,,,,,,4249363040.0,,0.0,5.104339987987988,0.0,0.0,0.0,0.0,,,0.0,0.0,0.0,,0.0,0.0,,0.0,0.0,0.0,0.0163574270557029,0.0,0.0,0.0,0.0,0.0,,0.0,,,0.0,0.0,,,,,,,,,,0.0,0.0,0.0,0.0,0.0,0.0,,1987-03-30,,bmo,,2025-04-25,1987-03-31,,,
1986-12-31,D,USD,715957,1986-12-31,1986-12-30 19:00:00,1986,Q4,797700000.0,0.0,0.0,0.0,0,0.0,0.0,0.0,797700000.0,797700000.0,797700000.0,0.0,0.0,0.0,797700000.0,1.0,797700000.0,1.0,-797700000.0,0.0,0.0,0.0,0.0,0.0,0.33,0.33,277758000,277758000,,,2.871924481023049,0.0,,,,,,,,4096930500.0,,0.0,5.13592892064686,0.0,0.0,0.0,0.0,,,0.0,0.0,0.0,,0.0,0.0,,0.0,0.0,0.0,0.0167233898305084,0.0,0.0,0.0,0.0,0.0,,0.0,,,0.0,0.0,,,,,,,,,,0.0,0.0,0.0,0.0,0.0,0.0,,1986-12-30,,bmo,,2025-04-25,1986-12-31,,,
1986-09-30,D,USD,715957,1986-09-30,1986-09-29 20:00:00,1986,Q3,824700000.0,0.0,0.0,0.0,0,0.0,0.0,0.0,824700000.0,824700000.0,824700000.0,0.0,0.0,0.0,824700000.0,1.0,824700000.0,1.0,-824700000.0,0.0,0.0,0.0,0.0,0.0,0.46,0.46,277758000,277758000,,,2.969131402155833,0.0,,,,,,,,4108040820.0,,0.0,4.981254783557658,0.0,0.0,0.0,0.0,,,0.0,0.0,0.0,,0.0,0.0,,0.0,0.0,0.0,0.0160020283975659,0.0,0.0,0.0,0.0,0.0,,0.0,,,0.0,0.0,,,,,,,,,,0.0,0.0,0.0,0.0,0.0,0.0,,1986-09-29,,bmo,,2025-04-25,1986-09-30,,,
1986-06-30,D,USD,715957,1986-06-30,1986-06-29 20:00:00,1986,Q2,685000000.0,0.0,0.0,0.0,0,0.0,0.0,0.0,685000000.0,685000000.0,685000000.0,0.0,0.0,0.0,685000000.0,1.0,685000000.0,1.0,-685000000.0,0.0,0.0,0.0,0.0,0.0,0.24,0.24,275428000,275428000,,,2.4870383548513586,0.0,,,,,,,,3855992000.0,,0.0,5.629185401459854,0.0,0.0,0.0,0.0,,,0.0,0.0,0.0,,0.0,0.0,,0.0,0.0,0.0,0.016905,0.0,0.0,0.0,0.0,0.0,,0.0,,,0.0,0.0,,,,,,,,,,0.0,0.0,0.0,0.0,0.0,0.0,,1986-06-29,,bmo,,2025-04-25,1986-06-30,,,
1986-03-31,D,USD,715957,1986-03-31,1986-03-30 19:00:00,1986,Q1,764200000.0,0.0,0.0,0.0,0,0.0,0.0,0.0,764200000.0,764200000.0,764200000.0,0.0,0.0,0.0,764200000.0,1.0,764200000.0,1.0,-764200000.0,0.0,0.0,0.0,0.0,0.0,0.35,0.35,272428000,272428000,,,2.805144845610583,0.0,,,,,,,,3645086640.0,,0.0,4.76980717089767,0.0,0.0,0.0,0.0,,,0.0,0.0,0.0,,0.0,0.0,,0.0,0.0,0.0,0.0176883408071748,0.0,0.0,0.0,0.0,0.0,,0.0,,,0.0,0.0,,,,,,,,,,0.0,0.0,0.0,0.0,0.0,0.0,,1986-03-30,,bmo,,2025-04-25,1986-03-31,,,
1985-12-31,D,USD,715957,1985-12-31,1985-12-30 19:00:00,1985,Q4,656600000.0,0.0,0.0,0.0,0,0.0,0.0,0.0,656600000.0,656600000.0,656600000.0,0.0,0.0,0.0,656600000.0,1.0,656600000.0,1.0,-656600000.0,0.0,0.0,0.0,0.0,0.0,0.3,0.3,266020000,266020000,,,2.4682354710172167,0.0,,,,,,,,3147016600.0,,0.0,4.7928976545842215,0.0,0.0,0.0,0.0,,,0.0,0.0,0.0,,0.0,0.0,,0.0,0.0,0.0,0.0200059171597633,0.0,0.0,0.0,0.0,0.0,,0.0,,,0.0,0.0,,,,,,,,,,0.0,0.0,0.0,0.0,0.0,0.0,,1985-12-30,,bmo,,2025-04-25,1985-12-31,,,
1985-09-30,D,USD,715957,1985-09-30,1985-09-29 20:00:00,1985,Q3,720100000.0,0.0,0.0,0.0,0,0.0,0.0,0.0,720100000.0,720100000.0,720100000.0,0.0,0.0,0.0,720100000.0,1.0,720100000.0,1.0,-720100000.0,0.0,0.0,0.0,0.0,0.0,0.39,0.39,266020000,266020000,,,2.706939327870085,0.0,,,,,,,,2572413400.0,,0.0,3.5723002360783225,0.0,0.0,0.0,0.0,,,0.0,0.0,0.0,,0.0,0.0,,0.0,0.0,0.0,0.0234405377456049,0.0,0.0,0.0,0.0,0.0,,0.0,,,0.0,0.0,,,,,,,,,,0.0,0.0,0.0,0.0,0.0,0.0,,1985-09-29,,bmo,,2025-04-25,1985-09-30,,,
