date,symbol,reportedCurrency,cik,fillingDate,acceptedDate,calendarYear,period,revenue,costOfRevenue,grossProfit,grossProfitRatio,researchAndDevelopmentExpenses,generalAndAdministrativeExpenses,sellingAndMarketingExpenses,sellingGeneralAndAdministrativeExpenses,otherExpenses,operatingExpenses,costAndExpenses,interestIncome,interestExpense,depreciationAndAmortization,ebitda,ebitdaratio,operatingIncome,operatingIncomeRatio,totalOtherIncomeExpensesNet,incomeBeforeTax,incomeBeforeTaxRatio,incomeTaxExpense,netIncome,netIncomeRatio,eps,epsdiluted,weightedAverageShsOut,weightedAverageShsOutDil,link,finalLink,revenuePerShare,netIncomePerShare,operatingCashFlowPerShare,freeCashFlowPerShare,cashPerShare,bookValuePerShare,tangibleBookValuePerShare,shareholdersEquityPerShare,interestDebtPerShare,marketCap,enterpriseValue,peRatio,priceToSalesRatio,pocfratio,pfcfRatio,pbRatio,ptbRatio,evToSales,enterpriseValueOverEBITDA,evToOperatingCashFlow,evToFreeCashFlow,earningsYield,freeCashFlowYield,debtToEquity,debtToAssets,netDebtToEBITDA,currentRatio,interestCoverage,incomeQuality,dividendYield,payoutRatio,salesGeneralAndAdministrativeToRevenue,researchAndDdevelopementToRevenue,intangiblesToTotalAssets,capexToOperatingCashFlow,capexToRevenue,capexToDepreciation,stockBasedCompensationToRevenue,grahamNumber,roic,returnOnTangibleAssets,grahamNetNet,workingCapital,tangibleAssetValue,netCurrentAssetValue,investedCapital,averageReceivables,averagePayables,averageInventory,daysSalesOutstanding,daysPayablesOutstanding,daysOfInventoryOnHand,receivablesTurnover,payablesTurnover,inventoryTurnover,roe,capexPerShare,report_date,epsEstimated,time,revenueEstimated,updatedFromDate,fiscalDateEnding,surprise(%),QuarterAvgPrice,QuarterAvgVolume
2025-03-31,DD,USD,1666700,2025-05-02,2025-05-02 09:50:16,2025,Q1,3066000000.0,1920000000.0,1146000000.0,0.373776908,137000000,0.0,0.0,369000000.0,0.0,652000000.0,2572000000.0,0.0,83000000.0,-202000000.0,-548000000.0,-0.1787345075,-548000000.0,-0.1787345075,119000000.0,-429000000.0,-0.1399217221,119000000.0,-589000000.0,-0.1921069798,-1.41,-1.41,418500000,418500000,https://www.sec.gov/Archives/edgar/data/1666700/000166670025000020/0001666700-25-000020-index.htm,https://www.sec.gov/Archives/edgar/data/1666700/000166670025000020/dd-20250331.htm,7.326164874551972,-1.4074074074074074,0.9127837514934288,0.3178016726403823,4.222222222222222,55.598566308243726,4.946236559139785,54.56152927120669,17.340501792114697,31253580000.000004,36660580000.0,-13.265526315789474,10.193600782778866,81.81565445026179,234.9893233082707,1.36872996408864,1.36872996408864,11.957136333985648,-66.89886861313869,95.97010471204187,275.6434586466165,-0.0188458410204526,0.0042555124884893,0.3141806078654637,0.1993830076985075,-9.866788321167885,1.395509499136442,-6.602409638554217,-0.6970802919708029,0.0003519596794991,-0.0186757215619694,0.0,0.0446836268754076,0.5891442705872544,0.6518324607329843,0.0812133072407045,0.8498293515358362,0.0039138943248532,,-0.0210858884272945,-0.0398430629777447,-19.370967741935484,1832000000.0,2070000000.0,-6249000000.0,28810000000.0,2245000000.0,1688500000.0,2186000000.0,67.25048923679061,77.671875,105.09375,1.33828022697512,1.1587205793602895,0.856378233719893,-0.0257948673031444,0.5949820788530465,2025-05-02,0.955,bmo,3043991080.0,2025-05-11,2025-03-31,0.0785340314136126,77.74116666666667,2513670.8666666667
2024-12-31,DD,USD,1666700,2025-02-14,2025-02-14 10:55:59,2024,Q4,3092000000.0,1967000000.0,1125000000.0,0.3638421734,128000000,0.0,0.0,350000000.0,169000000.0,647000000.0,2614000000.0,18000000.0,84000000.0,299000000.0,323000000.0,0.1044631307,478000000.0,0.1545924968,-435000000.0,43000000.0,0.0139068564,104000000.0,-43000000.0,-0.0139068564,-0.05,-0.1,419200000,420600000,https://www.sec.gov/Archives/edgar/data/1666700/000166670025000005/0001666700-25-000005-index.htm,https://www.sec.gov/Archives/edgar/data/1666700/000166670025000005/dd-20241231.htm,7.375954198473282,-0.1025763358778625,1.3334923664122138,0.9756679389312976,4.427480916030534,56.7581106870229,4.427480916030534,55.7013358778626,17.306774809160306,31964000000.0,37279000000.0,-185.8372093023256,10.33764553686934,57.18067978533095,78.15158924205379,1.3689079229122054,1.3689079229122054,12.05659767141009,115.41486068111456,66.68872987477639,91.14669926650367,-0.001345263421349,0.0127956451007383,0.3071092077087794,0.1957364341085271,16.455108359133128,1.325557175588419,5.690476190476191,-5.273584905660377,0.0049743461394068,-3.697674418604651,0.0,0.0413971539456662,0.5987826181897588,0.2772808586762075,0.0501293661060802,0.5183946488294314,0.0,,-0.0201316101076452,-0.002925369072726,-19.73461354961832,1563000000.0,1856000000.0,-6479000000.0,29268000000.0,2281000000.0,1711000000.0,2183500000.0,64.00711513583441,78.69852567361464,97.4580579562786,1.406093678944975,1.1436046511627906,0.923474178403756,-0.0018415417558886,0.3697519083969465,2025-02-11,0.98,bmo,3067616835.0,2025-05-11,2024-12-31,0.1530612244897958,82.87734375,1868131.59375
2024-09-30,DD,USD,1666700,2024-11-05,2024-11-05 10:01:12,2024,Q3,3192000000.0,2147000000.0,1045000000.0,0.3273809524,134000000,0.0,0.0,387000000.0,0.0,521000000.0,2668000000.0,14000000.0,87000000.0,306000000.0,979000000.0,0.3067042607,524000000.0,0.164160401,62000000.0,586000000.0,0.1835839599,106000000.0,454000000.0,0.1422305764,1.09,1.08,417900000,419500000,https://www.sec.gov/Archives/edgar/data/1666700/000166670024000036/0001666700-24-000036-index.htm,https://www.sec.gov/Archives/edgar/data/1666700/000166670024000036/dd-20240930.htm,7.63819095477387,1.0863843024647044,2.814070351758794,2.553242402488633,3.9507059105049054,59.0021536252692,5.288346494376645,57.93730557549653,17.365398420674804,37239069000.0,42758069000.0,20.50609526431718,11.666375,31.665875,34.90072071227741,1.5380418387576409,1.5380418387576409,13.395385025062655,43.67524923391216,36.35890221088435,40.073166822867854,0.0121914970538065,0.0286527034282194,0.296134148356187,0.1913990550172179,5.637385086823289,2.27929203539823,6.022988505747127,2.352,0.0042697093206062,0.3502202643171806,0.0,0.0419799498746867,0.5992098449053682,0.0986394557823129,0.0363408521303258,0.3790849673202614,0.0,37.63241999057734,0.0123921647148875,0.0302384441188224,-19.770878200526443,3614000000.0,2210000000.0,-6365000000.0,31845000000.0,2338000000.0,1678500000.0,2200500000.0,66.62593984962406,71.34606427573358,93.77270610153704,1.350825222175201,1.2614571092831963,0.959767545820295,0.018751032545845,0.2775783680306293,2024-11-05,1.03,bmo,3203297288.0,2025-04-25,2024-09-30,0.1456310679611649,81.13640625,1986554.484375
2024-06-30,DD,USD,1666700,2024-07-31,2024-07-31 11:58:17,2024,Q2,3171000000.0,2147000000.0,1024000000.0,0.3229265216,134000000,415000000.0,3000000.0,418000000.0,0.0,552000000.0,2699000000.0,21000000.0,99000000.0,298000000.0,693000000.0,0.2185430464,472000000.0,0.1488489436,-176000000.0,296000000.0,0.0933459477,120000000.0,178000000.0,0.0561337118,0.43,0.42,417800000,419300000,https://www.sec.gov/Archives/edgar/data/1666700/000166670024000031/0001666700-24-000031-index.htm,https://www.sec.gov/Archives/edgar/data/1666700/000166670024000031/dd-20240630.htm,7.589755864049785,0.4260411680229775,0.2848252752513164,0.0406893250359023,3.611775969363331,56.87888942077549,4.138343705122068,55.85208233604595,18.46816658688368,33119006000.0,39227006000.0,46.51545786516854,10.444341217281616,278.310974789916,1948.176823529412,1.4192845939575744,1.4192845939575744,12.370547461368654,56.60462626262626,329.6387058823529,2307.4709411764707,0.0053745574368989,0.0005133004293667,0.3264195414613242,0.2083823489180094,8.813852813852813,2.212132089016511,4.767676767676767,0.7041420118343196,0.0047706745788203,0.8876404494382022,0.1308735414695679,0.0422579627877641,0.6028232976773452,0.9243697478991596,0.0346893724377168,0.3691275167785235,0.0063071586250394,23.138581285089668,0.0083113290682811,0.0122606419617027,-20.256701771182385,3377000000.0,1729000000.0,-6626000000.0,31560000000.0,2339000000.0,1639500000.0,2169500000.0,65.6480605487228,69.37587331159757,90.71262226362366,1.37094682230869,1.2972809667673717,0.9921441774491682,0.0076280265695307,0.2632838678793681,2024-07-31,0.853,bmo,3050062298.0,2025-04-25,2024-06-30,0.1371629542790152,78.00190476190475,2538725.8095238097
2024-03-31,DD,USD,1666700,2024-05-01,2024-05-01 11:41:46,2024,Q1,2931000000.0,2067000000.0,864000000.0,0.2947799386,125000000,384000000.0,0.0,384000000.0,0.0,509000000.0,2576000000.0,20000000.0,96000000.0,291000000.0,654000000.0,0.2231320368,355000000.0,0.121119072,-88000000.0,267000000.0,0.0910951894,84000000.0,189000000.0,0.0644831116,0.45,0.45,422800000,424300000,https://www.sec.gov/Archives/edgar/data/1666700/000166670024000013/0001666700-24-000013-index.htm,https://www.sec.gov/Archives/edgar/data/1666700/000166670024000013/dd-20240331.htm,6.932355723746452,0.4470198675496689,1.0927152317880795,0.6031220435193945,5.55108798486282,56.792809839167454,4.160359508041627,55.78051087984863,19.70908230842005,32640160000.0,38530160000.0,43.174814814814816,11.136185602183556,70.64969696969698,128.0006274509804,1.3839959294436908,1.3839959294436908,13.145738655748891,58.914617737003056,83.39861471861472,151.09866666666667,0.0057904127920941,0.0078124617036191,0.349262211668928,0.2183895855980062,9.00611620795107,2.3308047493403694,3.6979166666666665,2.64,0.0048712996504919,0.8412698412698413,0.1310133060388945,0.0426475605595359,0.5899992046026991,0.448051948051948,0.0706243602865916,0.711340206185567,0.0,23.686228555231477,0.0070149807335036,0.0122219348163476,-20.096381267738884,4035000000.0,1759000000.0,-6638000000.0,32520000000.0,2367500000.0,1649500000.0,2161000000.0,72.62026612077788,70.71117561683599,94.70246734397678,1.239323467230444,1.2727832512315271,0.9503448275862068,0.0080139077340569,0.489593188268685,2024-05-01,0.647,bmo,2813089548.0,2025-04-25,2024-03-31,0.2210200927357032,70.87688524590163,3340765.8032786883
2023-12-31,DD,USD,1666700,2024-02-15,2024-02-15 10:52:57,2023,Q4,2898000000.0,2020000000.0,878000000.0,0.3029675638,128000000,0.0,0.0,350000000.0,0.0,478000000.0,2498000000.0,23000000.0,101000000.0,294000000.0,-221000000.0,-0.0762594893,400000000.0,0.138026225,-1016000000.0,-616000000.0,-0.2125603865,-316000000.0,-22000000.0,-0.0075914424,-0.0511,-0.0511,430300000,430300000,https://www.sec.gov/Archives/edgar/data/1666700/000166670024000008/0001666700-24-000008-index.htm,https://www.sec.gov/Archives/edgar/data/1666700/000166670024000008/dd-20231231.htm,6.734836160818034,-0.0511271206135254,1.9102951429235413,1.5733209388798512,6.514059958168719,57.45991168951894,5.091796421101557,56.42342551708111,19.49337671392052,33102979000.000004,38586979000.0,-376.1702159090909,11.422698067632853,40.27126399026764,48.89657163958642,1.3634407924543843,1.3634407924543843,13.315037612146307,-174.6017149321267,46.94279683698297,56.99701477104875,-0.0006645927546279,0.0204513315855953,0.3413237777503192,0.2149564224942934,-24.81447963800905,2.425435765009684,3.96039603960396,-2.668831168831169,0.0047125668055433,-7.090909090909091,0.0,0.0441683919944789,0.5845092342809711,0.1763990267639902,0.0500345065562456,0.4931972789115646,0.0,,0.0054945900266597,-0.0013734548632788,-18.993725307924706,4416000000.0,2191000000.0,-6313000000.0,33318000000.0,2384500000.0,1680000000.0,2213000000.0,73.6024844720497,74.62871287128714,95.65841584158416,1.2227848101265824,1.2059701492537314,0.9408476944573824,-0.0009061328720293,0.3369742040436904,2024-02-06,0.85,bmo,2929210000.0,2025-04-25,2023-12-31,0.0235294117647059,72.44190476190477,2930087.476190476
2023-09-30,DD,USD,1666700,2023-11-02,2023-11-02 13:49:15,2023,Q3,3058000000.0,1954000000.0,1104000000.0,0.3610202747,128000000,0.0,0.0,360000000.0,0.0,485000000.0,3058000000.0,34000000.0,102000000.0,294000000.0,804000000.0,0.2629169392,461000000.0,0.1507521256,-53000000.0,408000000.0,0.1334205363,117000000.0,319000000.0,0.1043165468,0.71,0.7,451700000,453400000,https://www.sec.gov/Archives/edgar/data/1666700/000166670023000087/0001666700-23-000087-index.htm,https://www.sec.gov/Archives/edgar/data/1666700/000166670023000087/dd-20230930.htm,6.769980075271198,0.70622094310383,1.6382554793004207,-2.523798981624972,2.9621430152756254,54.520699579366834,2.9621430152756254,53.55767102058888,18.41266327208324,33692303000.0,40569303000.0,26.40462617554859,11.017757684761282,45.53013918918919,-29.554651754385965,1.3927043237433865,1.3927043237433865,13.26661314584696,50.45933208955224,54.82338243243243,-35.58710789473684,0.0094680378482883,-0.033835621150623,0.3395750661375661,0.2099251271305547,8.553482587064677,2.1515726681127982,4.519607843137255,2.542955326460481,0.0048972609560112,0.5172413793103449,0.0,0.0418574231523871,0.5951243196279355,2.5405405405405403,0.6147809025506867,6.394557823129252,0.0071942446043165,29.172415928726423,0.0091537157736145,0.0201338045947992,-22.646114677883556,4247000000.0,1338000000.0,-6571000000.0,33292000000.0,2357000000.0,1726500000.0,2310000000.0,70.60497056899935,77.6100307062436,104.96929375639714,1.2746977907461443,1.1596439169139463,0.8573935936814392,0.0131861772486772,4.162054460925393,2023-11-01,0.84,bmo,4199080000.0,2025-04-25,2023-09-30,0.0952380952380953,74.8515873015873,2432437.634920635
2023-06-30,DD,USD,1666700,2023-08-03,2023-08-03 13:14:14,2023,Q2,3094000000.0,2030000000.0,1064000000.0,0.3438914027,125000000,0.0,0.0,358000000.0,0.0,629000000.0,2515000000.0,52000000.0,98000000.0,282000000.0,736000000.0,0.2378797673,433000000.0,0.139948287,-77000000.0,356000000.0,0.1150614092,87000000.0,-131000000.0,-0.0423400129,-0.29,-0.29,459200000,460300000,https://www.sec.gov/Archives/edgar/data/1666700/000166670023000082/0001666700-23-000082-index.htm,https://www.sec.gov/Archives/edgar/data/1666700/000166670023000082/dd-20230630.htm,6.737804878048781,-0.2852787456445993,0.8710801393728222,0.6032229965156795,10.638066202090592,57.82447735191638,10.278745644599304,56.88806620209059,17.798344947735192,32805248000.0,35995248000.0,-62.60543511450381,10.602859728506788,82.01312,118.43049819494586,1.2557994104811852,1.2557994104811852,11.633887524240466,48.90658695652174,89.98812,129.94674368231048,-0.0039932635168616,0.0084437709478678,0.309114573364468,0.1979312204328749,4.334239130434782,2.9759293928857984,4.418367346938775,-3.053435114503817,0.0050296830555891,-1.2595419847328244,0.0,0.0404007756948933,0.5351618991592519,0.3075,0.039754363283775,0.4361702127659574,0.0,,0.0087365176039963,-0.0069078253533009,-14.051067073170731,7388000000.0,4720000000.0,-3117000000.0,34922000000.0,2376500000.0,1844500000.0,2392000000.0,67.34001292824823,78.38423645320196,103.78817733990148,1.336501079913607,1.1481900452488687,0.8671507902605724,-0.0050147379703709,0.2678571428571428,2023-08-02,0.83,bmo,4199080000.0,2025-04-25,2023-06-30,0.0240963855421686,68.52112903225807,3481840.435483871
2023-03-31,DD,USD,1666700,2023-05-03,2023-05-03 11:54:31,2023,Q1,3018000000.0,1983000000.0,1035000000.0,0.3429423459,127000000,342000000.0,-2000000.0,340000000.0,0.0,614000000.0,2597000000.0,46000000.0,95000000.0,277000000.0,728000000.0,0.2412193506,566000000.0,0.1875414182,-210000000.0,356000000.0,0.1179589132,83000000.0,257000000.0,0.0851557323,0.56,0.56,458800000,460200000,https://www.sec.gov/Archives/edgar/data/1666700/000166670023000060/0001666700-23-000060-index.htm,https://www.sec.gov/Archives/edgar/data/1666700/000166670023000060/dd-20230331.htm,6.578029642545771,0.560156931124673,0.7476024411508283,0.2223190932868352,10.55797733217088,59.20008718395815,11.09851787271142,58.27593722755013,17.8770706190061,32928076000.0,37510076000.0,32.03120233463035,10.91056196156395,96.000221574344,322.8242745098039,1.2315546246774132,1.2315546246774132,12.4287859509609,51.52482967032967,109.3588221574344,367.7458431372549,0.0078048896631555,0.0030976604888788,0.3032127763025021,0.1967336439526305,6.293956043956044,3.288314738696418,5.957894736842105,1.2943396226415094,0.0050109213790687,0.642023346303502,0.1133200795228628,0.0420808482438701,0.5355513492525723,0.7026239067055393,0.0798542080848244,0.8700361010830325,0.0,27.101339053734367,0.0113649636260557,0.0134280787919954,-13.411072362685266,7794000000.0,5092000000.0,-2847000000.0,35601000000.0,2478000000.0,2012000000.0,2386000000.0,72.7037773359841,87.18608169440243,110.87745839636916,1.2378999179655454,1.032274856845393,0.8117069177241097,0.0096121479597561,0.525283347863993,2023-05-02,0.81,bmo,4199080000.0,2025-04-25,2023-03-31,0.0370370370370369,72.65629032258065,3156425.35483871
2022-12-31,DD,USD,1666700,2023-02-15,2023-02-15 15:09:10,2022,Q4,3104000000.0,2048000000.0,1056000000.0,0.3402061856,123000000,0.0,0.0,337000000.0,143000000.0,603000000.0,2651000000.0,42000000.0,122000000.0,274000000.0,589000000.0,0.1897551546,453000000.0,0.1459407216,-260000000.0,193000000.0,0.0621778351,88000000.0,4226000000.0,1.3614690722,8.71,8.69,477300000,478400000,https://www.sec.gov/Archives/edgar/data/1666700/000166670023000008/0001666700-23-000008-index.htm,https://www.sec.gov/Archives/edgar/data/1666700/000166670023000008/dd-20221231.htm,6.503247433479992,8.853970249319087,-0.2639849151477058,-0.6515818143725121,10.400167609469936,56.60381311544102,10.18018018018018,55.665200083804734,17.171590194846008,32757099000.0,37169099000.0,1.937831223379081,10.55318911082474,-259.9769761904762,-105.3282926045016,1.232906733411118,1.232906733411118,11.974580863402062,63.10543123938879,-294.9928492063492,-119.51478778135048,0.1290102032539572,-0.0094941252276338,0.3038879897625052,0.195236368032886,7.490662139219015,3.0190195553174397,3.7131147540983607,-0.0302303262955854,0.0046402155453387,0.0359678182678655,0.0,0.0396262886597938,0.5357997823721437,-1.468253968253968,0.0596005154639175,0.6751824817518248,0.0054768041237113,105.30577179314072,0.0064834993476289,0.2201385633171849,-13.243243243243244,7537000000.0,4859000000.0,-3068000000.0,35426000000.0,2387500000.0,2082000000.0,2344000000.0,73.0090206185567,92.4169921875,102.3486328125,1.232724384432089,0.973846885401807,0.8793473593817089,0.1590575482705408,0.3875968992248062,2023-02-07,0.79,bmo,3102993648.0,2025-04-25,2022-12-31,0.1265822784810126,63.65269841269841,3064562.9206349207
2022-09-30,DD,USD,1666700,2022-11-08,2022-11-08 11:31:07,2022,Q3,3317000000.0,2095000000.0,1222000000.0,0.3684051854,129000000,0.0,0.0,356000000.0,0.0,631000000.0,2726000000.0,5000000.0,128000000.0,283000000.0,909000000.0,0.2740428098,744000000.0,0.2242990654,-246000000.0,498000000.0,0.1501356648,139000000.0,367000000.0,0.1106421465,0.73,0.73,499400000,500400000,https://www.sec.gov/Archives/edgar/data/1666700/000166670022000077/0001666700-22-000077-index.htm,https://www.sec.gov/Archives/edgar/data/1666700/000166670022000077/dd-20220930.htm,6.6419703644373245,0.7348818582298758,0.8390068081698038,0.4945935122146576,3.574289146976372,51.06728073688426,7.310772927513016,49.87785342410893,23.986784140969164,25169760000.0,35235760000.0,17.145613079019075,7.588109737714802,60.071026252983295,101.90186234817814,1.0104685053595086,1.0104685053595086,10.62277962013868,38.763212321232125,84.09489260143198,142.6548987854251,0.0145809892505927,0.0098133633375924,0.4757718093861656,0.2687362525227329,11.073707370737074,2.3860991020951112,5.8125,1.1143617021276595,0.0065554856303754,0.4495912806539509,0.0,0.0388905637624359,0.4955214403954738,0.3699284009546539,0.0467289719626168,0.5477031802120141,0.0060295447693699,28.717980712414256,0.0136223039062681,0.0164966062839933,-27.9109931918302,8336000000.0,3651000000.0,-4246000000.0,35665000000.0,2262000000.0,2098000000.0,2357500000.0,61.23907145010552,88.53937947494035,101.34128878281624,1.4696499778466992,1.0164968461911694,0.8880881729546418,0.0147336304147095,0.3103724469363236,2022-11-08,0.81,bmo,3215349541.0,2025-04-25,2022-09-30,0.0123456790123455,56.8475,2834441.40625
2022-06-30,DD,USD,1666700,2022-08-04,2022-08-04 09:47:47,2022,Q2,3322000000.0,2149000000.0,1173000000.0,0.3531005418,141000000,0.0,0.0,385000000.0,0.0,674000000.0,2669000000.0,2000000.0,122000000.0,281000000.0,881000000.0,0.2652016857,653000000.0,0.1965683323,-175000000.0,478000000.0,0.1438892234,113000000.0,787000000.0,0.2369054786,1.56,1.55,505400000,506300000,https://www.sec.gov/Archives/edgar/data/1666700/000166670022000048/0001666700-22-000048-index.htm,https://www.sec.gov/Archives/edgar/data/1666700/000166670022000048/dd-20220630.htm,6.573011476058568,1.557182429758607,0.1701622477245745,-0.0969529085872576,2.847249703205382,51.71547289275821,7.364463791056589,50.51048674317372,22.57222002374357,28090132000.0,37937132000.0,8.923167725540026,8.455789283564117,326.62944186046514,-573.268,1.1003655593857724,1.1003655593857724,11.419967489464176,43.0614438138479,441.12944186046514,-774.2271836734694,0.0280169562748939,-0.0017443848252475,0.4421027890943278,0.2539603960396039,11.177071509648128,2.5493265380415,5.352459016393443,0.1081761006289308,0.0059095485916548,0.2109275730622617,0.0,0.0424443106562311,0.5043879387938794,1.569767441860465,0.0406381697772426,0.4804270462633452,0.0057194461167971,42.06799205676528,0.0125894338655533,0.0357321225879682,-27.672635536208944,8512000000.0,3722000000.0,-4297000000.0,36491000000.0,2297000000.0,2155500000.0,2297000000.0,61.417820590006016,89.41368078175897,98.66914844113542,1.4653727393030436,1.0065573770491802,0.9121392190152802,0.0308288937637104,0.2671151563118322,2022-08-02,0.74,bmo,3258409309.0,2025-04-25,2022-06-30,0.1891891891891892,65.19983870967742,3034316.3225806453
2022-03-31,DD,USD,1666700,2022-05-06,2022-05-06 09:53:31,2022,Q1,3274000000.0,2110000000.0,1164000000.0,0.3555284056,143000000,0.0,0.0,389000000.0,0.0,685000000.0,2795000000.0,1000000.0,120000000.0,297000000.0,696000000.0,0.2125839951,479000000.0,0.146304215,-200000000.0,279000000.0,0.0852168601,47000000.0,488000000.0,0.149053146,0.95,0.95,512000000,513800000,https://www.sec.gov/Archives/edgar/data/1666700/000166670022000017/0001666700-22-000017-index.htm,https://www.sec.gov/Archives/edgar/data/1666700/000166670022000017/dd-20220331.htm,6.39453125,0.953125,0.408203125,-0.08203125,3.265625,52.326171875,7.564453125,51.125,21.794921875,37672960000.0,47039960000.0,19.299672131147545,11.506707391569943,180.2533971291866,-896.9752380952381,1.4392176039119804,1.4392176039119804,14.36773365913256,67.58614942528736,225.0715789473684,-1119.9990476190476,0.0129535879315031,-0.0011148579777113,0.4217221882640586,0.2431872755711233,13.458333333333334,2.8197969543147208,3.991666666666666,0.4114173228346456,0.0044859761484098,0.3463114754098361,0.0,0.0436774587660354,0.5048796069878616,1.200956937799043,0.0766646304215027,0.7339181286549707,0.0,33.11180456517736,0.009769880147357,0.0217130144605116,-27.47216796875,9321000000.0,3873000000.0,-4159000000.0,37907000000.0,2519000000.0,2139000000.0,2550000000.0,63.967623701893714,92.81516587677726,95.45971563981044,1.4069617533304684,0.9696691176470588,0.9428060768543344,0.018643031784841,0.490234375,2022-05-03,0.67,bmo,3207994548.0,2025-04-25,2022-03-31,0.2238805970149252,77.73677419354838,3076444.596774193
2021-12-31,DD,USD,1666700,2022-02-11,2022-02-11 11:32:25,2021,Q4,3246000000.0,2119000000.0,1127000000.0,0.3471965496,159000000,0.0,0.0,465000000.0,0.0,705000000.0,2824000000.0,0.0,135000000.0,364000000.0,849000000.0,0.2615526802,591000000.0,0.1820702403,-241000000.0,350000000.0,0.1078250154,84000000.0,204000000.0,0.0628465804,0.29,0.29,516100000,517799999,https://www.sec.gov/Archives/edgar/data/1666700/000166670022000009/0001666700-22-000009-index.htm,https://www.sec.gov/Archives/edgar/data/1666700/000166670022000009/dd-20211231.htm,6.289478783181554,0.395272234063166,1.2032551831040497,0.8021701220693664,3.896531679906994,52.41232319317962,-1.8794807207905444,51.21681844603759,21.15675256733191,41690558000.0,50463558000.0,51.09137009803922,12.843671595810228,67.13455394524959,100.7018309178744,1.577216282676957,1.577216282676957,15.546382624768947,59.43881978798586,81.26176811594203,121.89265217391304,0.0048931942815445,0.0099303060419579,0.4079748798849922,0.2359376025554072,10.333333333333334,1.8923040825903328,4.377777777777778,2.747787610619469,0.0036938819576365,0.7549019607843137,0.0,0.0489833641404805,0.6130352024853961,0.3333333333333333,0.0637707948243992,0.5686813186813187,0.0,21.342520717979617,0.0107984132708258,0.011533894951094,-25.54107731059872,3803000000.0,-970000000.0,-10592000000.0,38789000000.0,2809500000.0,2320000000.0,2853000000.0,75.16635859519408,89.27796130250118,121.55733836715432,1.1973441534489118,1.0080875356803043,0.7403913347309574,0.0077176256951537,0.4010850610346832,2022-02-08,1.01,bmo,4026187548.0,2025-04-25,2021-12-31,0.0693069306930693,75.81796875,2881684.140625
2021-09-30,DD,USD,1666700,2021-11-03,2021-11-03 12:01:16,2021,Q3,4271000000.0,2974000000.0,1297000000.0,0.3036759541,152000000,0.0,0.0,475000000.0,0.0,1167000000.0,3601000000.0,1000000.0,115000000.0,370000000.0,1043000000.0,0.2442051042,670000000.0,0.1568719269,-112000000.0,558000000.0,0.1306485601,125000000.0,391000000.0,0.0915476469,0.75,0.75,521500000,523100000,https://www.sec.gov/Archives/edgar/data/1666700/000166670021000068/0001666700-21-000068-index.htm,https://www.sec.gov/Archives/edgar/data/1666700/000166670021000068/dd-20210930.htm,8.189837008628954,0.7497603068072867,1.6145733461169702,-3.217641418983701,3.202301054650048,52.2320230105465,-2.095877277085331,51.06999041227229,20.60210930009588,35456785000.0,44415785000.0,22.67057864450128,8.301752516974947,42.110195961995245,-21.13038438617402,1.331310216648519,1.331310216648519,10.399387731210489,42.58464525407479,52.750338479809976,-26.469478545887963,0.0110275085572479,-0.0473252157520767,0.3990913528329516,0.2309898945995871,8.589645254074783,2.0130300876569533,5.826086956521739,2.153452685421995,0.0044279254309154,0.40153452685422,0.0,0.0355888550690704,0.6157122677387808,2.992874109263658,0.5900257550924842,6.8108108108108105,0.0,29.351842579357527,0.0124104359741539,0.0221116326415201,-25.892617449664428,4276000000.0,-1093000000.0,-10279000000.0,39529000000.0,2867000000.0,2443500000.0,2743000000.0,61.27838913603372,76.80564895763281,86.0659045057162,1.468707015130674,1.1717888100866825,1.0457102672292546,0.0146810348064431,4.832214765100671,2021-11-02,1.12,bmo,4204990000.0,2025-04-25,2021-09-30,0.0267857142857141,73.819375,2621519.546875
2021-06-30,DD,USD,1666700,2021-08-04,2021-08-04 10:07:26,2021,Q2,4135000000.0,2655000000.0,1480000000.0,0.3579201935,148000000,0.0,0.0,459000000.0,0.0,1145000000.0,3429000000.0,5000000.0,129000000.0,333000000.0,950000000.0,0.2297460701,579000000.0,0.1400241838,136000000.0,715000000.0,0.1729141475,151000000.0,478000000.0,0.115598549,0.9,0.9,529600000,531200000,https://www.sec.gov/Archives/edgar/data/1666700/000166670021000057/0001666700-21-000057-index.htm,https://www.sec.gov/Archives/edgar/data/1666700/000166670021000057/dd-20210630.htm,7.807779456193353,0.9025679758308156,0.8308157099697885,0.4229607250755287,7.481117824773414,51.85800604229608,2.2507552870090635,50.74962235649547,20.309667673716017,40996336000.0,47661336000.0,21.44159832635983,9.91447061668682,93.17349090909092,183.01935714285716,1.5253315474197269,1.5253315474197269,11.526320677146312,50.16982736842105,108.32121818181818,212.77382142857144,0.0116595785535565,0.0054639029204951,0.3953938311567511,0.2318331551735422,7.015789473684211,2.662944162436548,4.488372093023256,0.9205020920502092,0.0038540029528492,0.3305439330543933,0.0,0.0357920193470374,0.5731364122253976,0.4909090909090909,0.0522370012091898,0.6486486486486487,0.0,32.1031484172629,0.0108758793713787,0.024428885368222,-20.7184667673716,6552000000.0,1192000000.0,-7883000000.0,39680000000.0,2717500000.0,2284000000.0,2570500000.0,61.50906892382103,79.62711864406779,89.55932203389831,1.4631988676574663,1.1302681992337165,1.0049205147615443,0.0177847229973583,0.4078549848942598,2021-08-03,0.94,bmo,4135000000.0,2025-04-25,2021-06-30,0.1276595744680852,80.00920634920635,2844765.936507937
2021-03-31,DD,USD,1666700,2021-05-04,2021-05-04 12:50:06,2021,Q1,3976000000.0,2512000000.0,1464000000.0,0.3682092555,156000000,0.0,0.0,456000000.0,0.0,1156000000.0,3291000000.0,4000000.0,146000000.0,328000000.0,922000000.0,0.2318913481,628000000.0,0.1579476861,-55000000.0,573000000.0,0.1441146881,32000000.0,5394000000.0,1.356639839,8.92,8.9,604800000,606300000,https://www.sec.gov/Archives/edgar/data/1666700/000166670021000039/0001666700-21-000039-index.htm,https://www.sec.gov/Archives/edgar/data/1666700/000166670021000039/dd-20210331.htm,6.574074074074074,8.918650793650794,0.625,0.1388888888888889,10.557208994708995,45.80853174603175,2.2106481481481484,44.9537037037037,21.11111111111111,46738944000.0,54976944000.0,2.166246941045606,11.755267605633804,123.648,556.416,1.7191019567456232,1.7191019567456232,13.827199195171026,59.62792190889371,145.44165079365078,654.4874285714286,0.1154069719675309,0.0017972164711295,0.4642489333529498,0.2640364823027362,8.934924078091106,2.212811011116993,4.301369863013699,0.0700259355316784,0.0034446649029982,0.0298479792361883,0.0,0.039235412474849,0.5515856413689231,0.7777777777777778,0.0739436619718309,0.7519181585677749,0.0,94.97812204570084,0.0134049657888266,0.2516327673073334,-17.373925264550266,6873000000.0,1337000000.0,-7559000000.0,39985000000.0,3080000000.0,2220500000.0,3112500000.0,59.05684104627767,79.50238853503184,89.5342356687898,1.523955538520506,1.13204146011717,1.005202080832333,0.1983963513314697,0.4861111111111111,2021-05-04,0.77,bmo,3815840000.0,2025-04-25,2021-03-31,0.1818181818181818,76.36016393442624,12628568.032786883
2020-12-31,DD,USD,1666700,2021-02-12,2021-02-12 09:43:55,2020,Q4,5252000000.0,4024000000.0,1228000000.0,0.2338156893,216000000,0.0,0.0,537000000.0,978000000.0,1281000000.0,4777000000.0,3000000.0,194000000.0,768000000.0,1118000000.0,0.2128712871,450000000.0,0.0856816451,-294000000.0,156000000.0,0.0297029703,-123000000.0,222000000.0,0.0422696116,0.3,0.3,734600000,735400000,https://www.sec.gov/Archives/edgar/data/1666700/000166670021000005/0001666700-21-000005-index.htm,https://www.sec.gov/Archives/edgar/data/1666700/000166670021000005/dd-20201231.htm,7.149469098829295,0.302205281786006,1.7710318540702423,1.4048461747890009,3.512115436972502,53.18540702423088,-3.1554587530628915,52.41491968418187,29.955077593248028,52237406000.0,71504406000.0,58.82590765765766,9.946193069306933,40.151734050730205,50.617641472868215,1.3566747870351132,1.3566747870351132,13.614700304645847,63.95742933810376,54.96111145272867,69.28721511627907,0.004249828178681,0.0197559580198143,0.5664606274672761,0.3076131106848697,17.23345259391771,2.3147478186848267,2.31958762886598,5.86036036036036,0.0042115414383325,0.990990990990991,0.0,0.0411271896420411,0.5837188310955659,0.2067640276710222,0.0512185833968012,0.3502604166666667,0.0,18.878598342868404,0.0121551961503027,0.0075213443556037,-33.66151647154914,6178000000.0,-2318000000.0,-20957000000.0,57551000000.0,3587000000.0,2453500000.0,3814000000.0,60.85110434120335,49.69681908548708,83.33499005964215,1.4790199943677838,1.810981098109811,1.0799785292538917,0.0057656347392478,0.3661856792812415,2021-02-09,0.92,bmo,5042880000.0,2025-04-25,2020-12-31,0.0326086956521738,62.5625,4675869.890625
2020-09-30,DD,USD,1666700,2020-10-30,2020-10-30 09:09:55,2020,Q3,5096000000.0,3862000000.0,1234000000.0,0.2421507064,199000000,0.0,0.0,524000000.0,0.0,723000000.0,4585000000.0,4000000.0,197000000.0,780000000.0,997000000.0,0.1956436421,451000000.0,0.0885007849,-431000000.0,20000000.0,0.0039246468,92000000.0,-79000000.0,-0.0155023548,-0.11,-0.11,734400000,734400000,https://www.sec.gov/Archives/edgar/data/1666700/000166670020000053/0001666700-20-000053-index.htm,https://www.sec.gov/Archives/edgar/data/1666700/000166670020000053/dd-20200930.htm,6.938997821350762,-0.1075708061002178,1.7347494553376903,1.4583333333333333,5.457516339869281,51.90359477124183,-4.221132897603486,51.14242919389978,33.21486928104575,40744512000.0,60932512000.0,-128.93832911392403,7.995390894819466,31.981563579277864,38.04342857142857,1.0848135466865465,1.0848135466865465,11.956929356357929,61.115859578736206,47.82771742543172,56.89310177404296,-0.0019389114293478,0.0262857486181206,0.6442131047152481,0.335398733036692,20.248746238716148,1.804982817869416,2.2893401015228427,-16.126582278481013,0.0053995001829939,-2.7848101265822787,0.0,0.0390502354788069,0.5713533219667041,0.1593406593406593,0.0398351648351648,0.2602564102564103,0.0,,-0.0239787328311918,-0.0025547327232157,-34.51354847494554,5622000000.0,-3100000000.0,-21417000000.0,56526000000.0,3634500000.0,2658500000.0,4104500000.0,63.98547880690737,62.571206628689794,90.93215950284826,1.406569141595363,1.4383612662942271,0.9897488467452588,-0.0021033573843819,0.2764161220043573,2020-10-29,0.77,bmo,4343181818.0,2025-04-25,2020-09-30,0.1428571428571428,55.826875,4077160.984375
2020-06-30,DD,USD,1666700,2020-07-31,2020-07-31 10:36:11,2020,Q2,4828000000.0,3291000000.0,1537000000.0,0.3183512842,209000000,0.0,0.0,541000000.0,0.0,991000000.0,4409000000.0,2000000.0,193000000.0,774000000.0,-1540000000.0,-0.3189726595,-2471000000.0,-0.5118061309,-36000000.0,-2507000000.0,-0.5192626346,-36000000.0,-2478000000.0,-0.5132560066,-3.37,-3.37,734300000,734300000,https://www.sec.gov/Archives/edgar/data/1666700/000166670020000042/0001666700-20-000042-index.htm,https://www.sec.gov/Archives/edgar/data/1666700/000166670020000042/dupont2q2063020.htm,6.57496935857279,-3.3746425166825547,1.092196649870625,0.7680784420536565,5.131417676698897,51.173907122429526,-6.52321939261882,50.39493395070135,26.36524581233828,39013359000.0,54443359000.0,-3.935972457627119,8.080646023198012,48.64508603491272,69.17262234042553,1.0542726388325905,1.0542726388325905,11.276586371168186,-35.35283051948052,67.88448753117207,96.53077836879432,-0.0635167046241775,0.0144565865246312,0.5179570328334009,0.2871331625544919,-10.01948051948052,1.4963795255930088,-12.803108808290157,-0.3245649534601376,0.0056390940344306,-0.0887812752219531,0.0,0.0432891466445733,0.6346830854044013,0.2967581047381546,0.0492957746478873,0.3074935400516795,0.0045567522783761,,-0.0390921150610399,-0.1016156811285163,-27.944981615143675,3976000000.0,-4790000000.0,-17190000000.0,56252000000.0,3757500000.0,2739000000.0,4358500000.0,67.96603148301574,71.9781221513218,117.7848678213309,1.324190894130554,1.2503799392097263,0.7641049454376596,-0.0669639237940818,0.3241182078169685,2020-07-30,0.59,bmo,8469871428.0,2025-04-25,2020-06-30,0.1864406779661016,46.52079365079365,6186505.571428572
2020-03-31,DD,USD,1666700,2020-05-05,2020-05-05 12:30:26,2020,Q1,5221000000.0,3851000000.0,1370000000.0,0.2624018387,236000000,0.0,0.0,633000000.0,0.0,869000000.0,4720000000.0,2000000.0,183000000.0,772000000.0,389000000.0,0.0745067995,518000000.0,0.0992147098,-1084000000.0,-566000000.0,-0.1084083509,44000000.0,-616000000.0,-0.1179850603,-0.83,-0.83,738600000,738600000,https://www.sec.gov/Archives/edgar/data/1666700/000166670020000017/0001666700-20-000017-index.htm,https://www.sec.gov/Archives/edgar/data/1666700/000166670020000017/dupont1q2033120.htm,7.06877877064717,-0.8340102897373409,0.9721093961548876,0.2220417005144868,2.4086108854589763,54.314920119144325,-6.815597075548335,53.54860546980775,24.794205253181698,25186260000.0,41568260000.0,-10.221696428571429,4.824029879333461,35.078356545961,153.57475609756096,0.6368046319941342,0.6368046319941342,7.96174296111856,106.85928020565552,57.89451253481894,253.465,-0.0244577797576932,0.0065114868186066,0.4583954893681575,0.2666686278259079,42.11311053984576,1.2161497952018725,2.830601092896175,-1.1770491803278689,0.0088143297178699,-0.3603896103896103,0.0,0.0452020685692396,0.6641122567549679,0.7715877437325905,0.1061099406244014,0.7176165803108808,0.0,,0.0087902464373602,-0.0269749518304431,-28.4108448415922,1847000000.0,-5034000000.0,-17478000000.0,57499000000.0,3851500000.0,2890000000.0,4364500000.0,66.69411990040221,66.51259413139445,103.06413918462736,1.3494443008529335,1.353127196064652,0.8732426303854876,-0.0155748274379914,0.7500676956404008,2020-05-05,0.83,bmo,,2025-04-25,2020-03-31,0.0120481927710843,48.74483870967742,8271451.919354838
2019-12-31,DD,USD,1666700,2020-02-14,2020-02-14 13:42:20,2019,Q4,5204000000.0,3408000000.0,1796000000.0,0.3451191391,231000000,0.0,0.0,650000000.0,295000000.0,1176000000.0,4584000000.0,5000000.0,175000000.0,533000000.0,1420000000.0,0.2728670254,620000000.0,0.1191391238,-431000000.0,189000000.0,0.0363182168,-2000000.0,176000000.0,0.0338201384,0.24,0.24,740700000,742000000,https://www.sec.gov/Archives/edgar/data/1666700/000166670020000006/0001666700-20-000006-index.htm,https://www.sec.gov/Archives/edgar/data/1666700/000166670020000006/dupont201910-k.htm,7.025786418253004,0.2376130687187795,0.7803429188605373,0.0351019306061833,2.079114351289321,56.10368570271365,-7.004185230187661,55.335493452139865,23.7910085054678,47552940000.0,63459940000.0,67.54678977272727,9.137767102229054,82.27152249134949,1828.9592307692308,1.1601956717983752,1.1601956717983752,12.19445426594927,44.690098591549294,109.79228373702422,2440.766923076923,0.003701138142037,0.00054675904371,0.4256715543952961,0.2514121851403539,11.202112676056338,1.198058950395399,3.5428571428571427,3.2290502793296088,0.004668481065524,1.2613636363636365,0.0,0.0443889315910837,0.6735834918439103,0.9550173010380624,0.1060722521137586,1.0356472795497185,0.0,17.199994743754864,0.0096572263649945,0.0077697333568779,-28.70932901309572,1653000000.0,-5188000000.0,-17841000000.0,58540000000.0,3898000000.0,2939000000.0,4312500000.0,66.30668716372021,77.48239436619718,114.05809859154932,1.3573291601460615,1.1615541922290389,0.7890715443389673,0.0042940444531192,0.745240988254354,2020-01-30,0.96,bmo,,2025-04-25,2019-12-31,-0.0104166666666666,66.1396875,4403931.78125
2019-09-30,DD,USD,1666700,2019-10-31,2019-10-31 10:14:54,2019,Q3,5426000000.0,3531000000.0,1895000000.0,0.3492443789,225000000,0.0,0.0,645000000.0,0.0,1117000000.0,4648000000.0,1000000.0,177000000.0,499000000.0,1126000000.0,0.2075193513,778000000.0,0.1433837081,-328000000.0,450000000.0,0.0829340214,78000000.0,372000000.0,0.068558791,0.5,0.5,745500000,747700000,https://www.sec.gov/Archives/edgar/data/1666700/000166670019000073/0001666700-19-000073-index.htm,https://www.sec.gov/Archives/edgar/data/1666700/000166670019000073/dupont3q1993019.htm,7.278336686787391,0.4989939637826961,1.1830985915492958,0.7806841046277666,2.834339369550637,56.21998658618377,-6.4279007377598925,55.458081824279006,24.627766599597585,53161605000.0,69237605000.0,35.72688508064516,9.797568190195356,60.27392857142858,91.34296391752578,1.285836034249226,1.285836034249226,12.760340029487653,61.48988010657194,78.50068594104309,118.96495704467354,0.0069975313950735,0.0109477507310021,0.4397977941176471,0.2593163051384076,14.27708703374778,1.615477629987908,4.395480225988701,2.370967741935484,0.0042135672916572,0.6021505376344086,0.0,0.0414670106892738,0.6660676849356094,0.3401360544217687,0.0552893475856984,0.6012024048096193,0.0,24.95291729735917,0.0097982398675584,0.0158872517616912,-28.128101945003355,4072000000.0,-4792000000.0,-17519000000.0,61079000000.0,4088000000.0,2982000000.0,4348000000.0,65.71691854036122,75.03823279524214,109.7536108751062,1.3695103483089348,1.1993885869565215,0.8200185787273572,0.0089976780185758,0.4024144869215292,2019-10-31,0.95,bmo,,2025-04-25,2019-09-30,0.0105263157894736,70.141875,3558744.46875
2019-06-30,DD,USD,1666700,2019-08-06,2019-08-06 17:32:57,2019,Q2,5468000000.0,3496000000.0,1972000000.0,0.3606437454,232000000,0.0,0.0,642000000.0,0.0,1126000000.0,4622000000.0,9000000.0,165000000.0,507000000.0,-276000000.0,-0.0504754938,846000000.0,0.1547183614,-1794000000.0,-948000000.0,-0.1733723482,155000000.0,-571000000.0,-0.1044257498,-0.76,-0.76,749000000,749000000,https://www.sec.gov/Archives/edgar/data/1666700/000166670019000065/0001666700-19-000065-index.htm,https://www.sec.gov/Archives/edgar/data/1666700/000166670019000065/dupont2q1963019.htm,7.3004005340453935,-0.7623497997329773,-0.102803738317757,-0.985313751668892,2.2283044058744994,56.8437917222964,-6.54739652870494,56.082777036048064,23.94125500667557,56789179999.99999,72895180000.0,-24.863914185639224,10.38573152889539,-737.5218181818182,-76.950108401084,1.351930200447555,1.351930200447555,13.331232626188736,-264.1129710144928,-946.6906493506492,-98.7739566395664,-0.0100547322570954,-0.0129954332850025,0.4229633861829262,0.2507940092881442,-58.35507246376812,1.64519126529348,5.127272727272727,0.1348511383537653,0.0055292222919929,-0.5499124343257443,0.0,0.0424286759326993,0.6702144177971007,-8.584415584415584,0.1208851499634235,1.0263975155279503,0.0,,0.0148799380933036,-0.0244403544065402,-28.36114819759679,4166000000.0,-4904000000.0,-17644000000.0,61991000000.0,11480000000.0,5676500000.0,10497000000.0,69.35991221653256,77.74599542334096,113.01487414187642,1.2975794969150451,1.1576158940397352,0.7963553530751708,-0.0135932961957815,0.8825100133511349,2019-08-06,,bmo,,2025-04-25,2019-06-30,,74.05301587301588,6692010.492063492
2019-03-31,DD,USD,1666700,2019-05-03,2019-05-03 12:04:27,2019,Q1,19649000000.0,14726000000.0,4923000000.0,0.2505471016,717000000,0.0,0.0,1672000000.0,0.0,2389000000.0,17384000000.0,343000000.0,454000000.0,1520000000.0,1506000000.0,0.0766451219,821000000.0,0.0417832969,-41000000.0,780000000.0,0.0396966767,209000000.0,521000000.0,0.0265153443,0.69,0.69,750033332,753066665,https://www.sec.gov/Archives/edgar/data/1666700/000166670019000019/0001666700-19-000019-index.htm,https://www.sec.gov/Archives/edgar/data/1666700/000166670019000019/dowdupont1q19033119.htm,26.197502379800905,0.6946357951995659,0.0346651260560244,-1.5172659019906063,15.548642310206022,125.45842429306862,6.243722512321626,123.25318896627384,60.97595673254692,58082581230.08,91819581230.08,27.870720359923222,2.956006984074508,2233.945431926154,-51.03917507036907,0.6283001734031414,0.6283001734031414,4.672990036647158,60.96917744361222,3531.522355003077,-80.685045017645,0.0089699870247877,-0.0195927931558704,0.4898100471636883,0.2385857681060147,22.40172642762284,1.7231630510846745,1.8083700440528632,0.0500963391136801,0.0146515527026763,1.6333973128598849,0.0,0.03649040663647,0.4711383934452143,44.76923076923077,0.0592396559621354,0.7662936142198815,0.0,43.89033755726396,0.003558423096431,0.0051907940619707,-82.21434617521771,20668000000.0,4683000000.0,-46439000000.0,148945000000.0,15799500000.0,5476000000.0,16612500000.0,85.86391164944781,50.92829009914438,101.47765856308573,1.0481702763256162,1.7671906876275052,0.8868947241628523,0.005635844403098,1.551931028046631,2019-08-01,0.86,bmo,,2025-04-25,2019-03-31,0.127906976744186,77.98065573770491,8452010.524590164
2018-12-31,DD,USD,1666700,2019-02-11,2019-02-11 10:52:47,2018,Q4,20099000000.0,15567000000.0,4532000000.0,0.2254838549,749000000,0.0,0.0,1566000000.0,479000000.0,2794000000.0,18227000000.0,210000000.0,432000000.0,479000000.0,2628000000.0,0.1307527738,1738000000.0,0.0864719638,-1010000000.0,728000000.0,0.0362207075,215000000.0,482000000.0,0.0239812926,0.62,0.62,760699239,764299235,https://www.sec.gov/Archives/edgar/data/1666700/000166670019000006/0001666700-19-000006-index.htm,https://www.sec.gov/Archives/edgar/data/1666700/000166670019000006/a2018dwdp10-k.htm,26.42174327191617,0.6336275564487583,6.705672542417253,4.982258172076336,17.899321179681106,126.43498911137992,8.126733514452747,124.32114448322724,53.76106337868967,57889212087.9,84871212087.9,30.025524941856844,2.88020359659187,11.348600683767888,15.274198440079154,0.6121243519461568,0.6121243519461568,4.222658445091795,32.2949817686073,16.638151752185845,22.39345965379947,0.0083262490991952,0.0654698839957468,0.4278690084698269,0.2151997021751848,10.267123287671232,2.0069997976937084,4.023148148148148,10.784355179704017,0.0149596093773922,1.7966804979253113,0.0,0.037265535598786,0.4786310695101845,0.2570084297196628,0.0652271257276481,0.8930517711171662,0.0,42.09987312761117,0.0073726170889615,0.004916711719523,-79.24912621083877,24888000000.0,6182000000.0,-42248000000.0,150733000000.0,16200500000.0,5625000000.0,16531000000.0,57.55360963232002,15.141645789169395,96.09365966467529,1.5637594335952696,5.943871706758305,0.9365862463149028,0.0050966998339871,1.7234143703409173,2019-02-11,,bmo,,2025-04-25,2018-12-31,,80.69634920634921,8950616.206349207
2018-09-30,DD,USD,1666700,2018-11-02,2018-11-02 10:10:28,2018,Q3,20123000000.0,15477000000.0,4646000000.0,0.2308800875,740000000,0.0,0.0,1496000000.0,0.0,2236000000.0,18066000000.0,370000000.0,362000000.0,1470000000.0,1638000000.0,0.0813993937,662000000.0,0.0328976793,193000000.0,855000000.0,0.0424886945,320000000.0,501000000.0,0.0248968842,0.65,0.63,765399234,770400000,https://www.sec.gov/Archives/edgar/data/1666700/000166670018000060/0001666700-18-000060-index.htm,https://www.sec.gov/Archives/edgar/data/1666700/000166670018000060/dowdupont3q18093018.htm,26.29085463652293,0.6545603624160408,-0.4220019901404814,-1.7650919154173077,9.54926484810148,130.31630496771572,11.593949413333226,128.1553412163462,46.42021891545295,70600425344.16,98829425344.16,35.229753165748505,3.5084443345505143,-218.57716824817336,-52.257901809148784,0.719751507229687,0.719751507229687,4.911266975309845,60.33542450803419,-305.9734530778948,-73.15279448124353,0.0070962745274939,-0.0191358620491902,0.3585278825568355,0.1906610356025654,17.233821733821735,1.6403540462427746,1.828729281767956,-0.6447105788423154,0.0123228719339715,1.7365269461077844,0.0,0.0367738408785966,0.4926458230551956,-3.1826625386996903,0.0510858221935099,0.6993197278911565,0.0011429707300104,43.44446625662198,0.0025158757964181,0.0053535364328991,-71.22884055564654,17725000000.0,8874000000.0,-39304000000.0,143823000000.0,19925500000.0,8307000000.0,16035500000.0,87.42831585747652,50.18995929443691,95.60573754603604,1.029414773889912,1.7931873479318734,0.94136609695274,0.0051075542868793,1.3430899252768262,2018-11-02,,bmo,,2025-04-25,2018-09-30,,96.66920634920636,5267157.571428572
2018-06-30,DD,USD,1666700,2018-08-03,2018-08-03 09:19:25,2018,Q2,5857000000.0,17974000000.0,-12117000000.0,-2.0688065563,803000000,0.0,0.0,1933000000.0,0.0,1772000000.0,5857000000.0,0.0,0.0,1496000000.0,1626000000.0,0.2776165272,468000000.0,0.0799043879,1900000000.0,2368000000.0,0.404302544,565000000.0,1769000000.0,0.3020317569,2.28,2.28,769633332,774500000,https://www.sec.gov/Archives/edgar/data/1666700/000166670018000041/0001666700-18-000041-index.htm,https://www.sec.gov/Archives/edgar/data/1666700/000166670018000041/dowdupont2q18063018.htm,7.610117385092671,2.298497123822594,2.7155788517745747,1.639741871262925,12.66966956155688,129.77868271432922,10.88310452749466,127.67378427419771,44.50171084845894,72199302874.92,97205302874.92,10.203406285319389,12.32701090574014,34.54512099278469,57.2102241481141,0.7347632133980583,0.7347632133980583,16.596432111135393,59.78185908666666,46.509714294220096,77.02480417980982,0.0245016216162732,0.0174793931485228,0.3485579369440882,0.1827963301968863,15.378843788437884,1.7039131981501243,0.0,1.186825667234526,0.012119230590299,0.4946297343131713,0.0,0.1371009049001195,0.4883784230947819,0.3961722488038277,0.1413693016902851,0.553475935828877,0.0,81.25762169600014,0.0021381409040643,0.0184538029021186,-71.06208596485267,19787000000.0,8376000000.0,-39588000000.0,146517000000.0,20045500000.0,8368500000.0,16543500000.0,311.9805361106369,39.97273839991098,78.26304662289975,0.2884795350440821,2.251534510835526,1.1499680102367242,0.0180028902322362,1.0758369805116497,2018-08-03,,bmo,,2025-04-25,2018-06-30,,94.07109375,6118628.0625
2018-03-31,DD,USD,1666700,2018-05-04,2018-05-04 09:50:40,2018,Q1,21510000000.0,16315000000.0,5195000000.0,0.2415155742,768000000,0.0,0.0,1714000000.0,0.0,2956000000.0,18584000000.0,0.0,350000000.0,1484000000.0,3376000000.0,0.1569502557,2239000000.0,0.1040911204,-697000000.0,1542000000.0,0.0716875872,389000000.0,1104000000.0,0.0513249651,1.41,1.41,772333332,778099221,https://www.sec.gov/Archives/edgar/data/1666700/000166670018000025/0001666700-18-000025-index.htm,https://www.sec.gov/Archives/edgar/data/1666700/000166670018000025/dowdupont1q18033118.htm,27.85066901657431,1.4294346161923774,-2.7669400134086146,-3.807941309983498,13.644367740430502,133.2637032943698,12.25507123393193,131.10919314822476,45.072507630681926,70019739879.12,94199739879.12,15.85591935668478,3.255218032502092,-32.76543747268133,-23.80814004730364,0.6914846916760814,0.6914846916760814,4.379346344914923,27.90276655187204,-44.08036494109499,-32.02983334890173,0.0157669823096445,-0.0420024410984281,0.3403219435117519,0.1790730665502673,7.162322274881516,1.8684675207574104,6.397142857142857,-1.8614982578397208,0.0125678844497166,0.7971014492753623,0.0,0.0357043235704323,0.4856501473178792,-0.3762283575105288,0.0373779637377963,0.5417789757412399,0.0,64.93666477199389,0.0097937777941262,0.0111535430684366,-71.7429867444851,23116000000.0,9465000000.0,-39784000000.0,152651000000.0,18340500000.0,8944000000.0,17224500000.0,82.7949790794979,48.29053018694453,96.29972418020226,1.0870224378411155,1.863719442540553,0.9345821160565962,0.0109026269010468,1.0410012965748836,2018-05-04,,bmo,,2025-04-25,2018-03-31,,101.63508196721313,6399100.032786885
2017-12-31,DD,USD,1666700,2018-02-15,2018-02-15 16:04:46,2017,Q4,20066000000.0,17284000000.0,2782000000.0,0.1386424798,767000000,0.0,0.0,1553000000.0,729000000.0,2951000000.0,18283000000.0,61000000.0,354000000.0,1451000000.0,-1008000000.0,-0.0502342271,5000000.0,0.0002491777,-2879000000.0,-2874000000.0,-0.1432273497,-1715000000.0,-1263000000.0,-0.0629422904,-1.62,-1.62,775633332,775633332,https://www.sec.gov/Archives/edgar/data/1666700/000166670018000009/0001666700-18-000009-index.htm,https://www.sec.gov/Archives/edgar/data/1666700/000166670018000009/a2017dwdp10-k.htm,25.87047148716399,-1.6283467302047303,5.448450737803001,3.818814738611569,18.557737794589777,131.41132000758316,11.765868772643206,129.35235743581995,44.3830848672192,78610438198.2,99243438198.2,-15.5602609260095,3.9175938502043257,18.601618125461428,26.53964827758271,0.783518770040865,0.783518770040865,4.945850602920363,-98.45579186329364,23.48401282494084,33.50554969554355,-0.0160665686256016,0.0376794744806272,0.3395893551280773,0.1773016798151578,-20.46924603174603,1.9095606246172687,0.0141242937853107,-3.346001583531274,0.0184072247040741,-1.1456848772763262,0.0,0.0382238612578491,0.4829260423388355,0.2991008045433033,0.0629921259842519,0.8711233631977946,0.0,,1.1857345821346725e-05,-0.0127109688717128,-70.49368270315644,23765000000.0,9126000000.0,-40344000000.0,152813000000.0,17574500000.0,8391000000.0,17123500000.0,75.7684640685737,47.5619069659801,88.47951862994677,1.187829278399337,1.892270637179768,1.0171845574387948,-0.0125884580883085,1.6296359991914324,2018-02-15,,bmo,,2025-04-25,2017-12-31,,101.21015873015872,5026939.015873016
2017-09-30,DD,USD,1666700,2017-11-06,2017-11-06 15:19:09,2017,Q3,15354000000.0,12058000000.0,3296000000.0,0.2146671877,528000000,0.0,0.0,1001000000.0,361000000.0,3168000000.0,13926000000.0,0.0,283000000.0,1001000000.0,2409000000.0,0.1568972255,1395000000.0,0.090855803,-270000000.0,1125000000.0,0.0732708089,571000000.0,514000000.0,0.0334766185,0.98,0.96,525933332,531766134,https://www.sec.gov/Archives/edgar/data/1666700/000166670017000026/0001666700-17-000026-index.htm,https://www.sec.gov/Archives/edgar/data/1666700/000166670017000026/dowdupont3q17093017.htm,29.19381424564283,0.97731018120753,5.046266966779736,-6.090125506629803,28.47128920895244,198.7590320668248,19.80479153201874,195.73963796612912,70.70097622183033,51814951868.64,75567951868.64,25.201824838832685,3.374687499585776,19.5233428291786,-16.177006515341866,0.5033216625088882,0.5033216625088882,4.9217110765038425,31.36901281388128,28.473229792253203,-23.59286664646893,0.0099199165774211,-0.0618161338472371,0.3584500611971324,0.1858739617281276,9.86010792860108,2.008981596891268,4.929328621908128,4.9700374531835205,0.0170607125572768,1.7198443579766538,0.0,0.0343884329816334,0.4740816110654974,0.2840994724943481,0.0491077243714992,0.7532467532467533,0.0,65.60649871490563,0.0038521625516595,0.0049229472555047,-107.8073903100707,27523000000.0,10416000000.0,-39192000000.0,157860000000.0,14560000000.0,6135500000.0,12709000000.0,107.010550996483,57.08409354785205,128.79001492784874,0.8410385626643295,1.576621338912134,0.6988119385685309,0.004992908903697,1.4336417833277777,2017-11-02,1.35,bmo,,2025-04-25,2017-09-30,0.222222222222222,93.76365079365078,4541475.793650794
2017-06-30,DD,USD,1666700,2017-06-30,2017-06-30 00:00:00,2017,Q2,13834000000.0,10764000000.0,3070000000.0,0.221917016,408000000,0.0,0.0,720000000.0,299000000.0,1417000000.0,12181000000.0,22000000.0,226000000.0,739000000.0,2779000000.0,0.2008818852,1788000000.0,0.1292467833,26000000.0,1814000000.0,0.1311262108,455000000.0,1321000000.0,0.095489374,3.24,3.21,403933332,409666257,,,34.24822589288076,3.27034165132973,3.314903460356176,-2.10430764847106,15.39362936258006,73.25218707130611,20.642020203472587,70.36062079670117,53.80343308731947,36253016547.0,51542016547.0,6.8609039642316425,2.6205736986410293,27.07469495668409,-42.65060770235294,1.2755714628971535,1.2755714628971535,3.72574935282637,18.54696529219144,38.492917510828974,-60.63766652588235,0.0364383470900248,-0.0234463247740508,0.7567291791281094,0.2614928204068233,5.501619287513494,1.9312681510164569,7.911504424778761,1.018250950570342,0.015364238704878,0.4216502649507948,0.0,0.0294925545756831,0.2583802448721534,0.5937266616878267,0.0574671100187942,1.0757780784844384,0.0,71.95362081305946,0.019067107446639,0.0216571578464161,-84.69343153884611,12506000000.0,8338000000.0,-26723000000.0,57873000000.0,10287000000.0,4716500000.0,8186500000.0,70.6780396125488,38.65384615384615,68.25250836120401,1.273379970544919,2.328358208955224,1.318632855567806,0.0464797157031772,1.9681465653346977,2017-07-27,3.03,bmo,,2025-04-25,2017-06-30,0.0693069306930694,89.27698412698412,3953976.8412698414
2017-03-31,DD,USD,1666700,2017-03-31,2017-03-31 00:00:00,2017,Q1,13230000000.0,10197000000.0,3033000000.0,0.2292517007,419000000,0.0,0.0,867000000.0,0.0,3036000000.0,11508000000.0,25000000.0,219000000.0,778000000.0,2125000000.0,0.1606198035,1703000000.0,0.1287226002,-575000000.0,1128000000.0,0.085260771,213000000.0,888000000.0,0.0671201814,2.22,2.16,400832932,407366666,,,33.006270053679124,2.215386833534925,-0.1896051794466828,-2.165490733680535,14.589619597423695,70.6878046637146,17.643260908512378,67.50942310298996,54.10982548709346,36243313711.44,51865313711.44,10.20363561695946,2.7394794944399097,-476.8857067294737,-41.75496971364056,1.3393685776585365,1.3393685776585365,3.9202807038125473,24.407206452442352,-682.4383383084211,-59.75266556617512,0.0245010709304902,-0.0239492450086323,0.7934220251293422,0.2656257732468946,7.351529411764706,1.867657090881528,7.776255707762557,-0.0830601092896174,0.0139611958230045,0.5698198198198198,0.0,0.0316704459561602,0.2630524075815311,-10.763157894736842,0.0618291761148904,1.051413881748072,0.0,58.00938251130419,0.020127383983746,0.0149078333277373,-87.96308183580085,11447000000.0,7072000000.0,-27854000000.0,56477000000.0,9367000000.0,4664500000.0,7786500000.0,66.05442176870748,42.45366284201235,72.46248896734333,1.3625128733264675,2.11995841995842,1.2420219244823385,0.0328159645232815,2.04075048404456,2017-04-27,2.97,bmo,,2025-04-25,2017-03-31,0.0505050505050504,87.24145161290323,4390724.5
2016-12-31,DD,USD,1666700,2016-12-31,2016-12-31 00:00:00,2016,Q4,13020000000.0,10574000000.0,2446000000.0,0.1878648233,425000000,0.0,0.0,911000000.0,157000000.0,1493000000.0,12067000000.0,43000000.0,229000000.0,747000000.0,778000000.0,0.0597542243,953000000.0,0.0731950845,-1151000000.0,-198000000.0,-0.0152073733,-282000000.0,52000000.0,0.0039938556,-0.09,-0.09,368733332,368733332,,,35.31007063934214,0.141023323597987,5.052431766597113,2.45163624101116,17.918098057921164,73.84469381249211,16.084794851147333,70.47640596809404,58.55722313707186,30022267891.44,44778267891.44,144.33782640115388,2.305857748958525,16.11501228740741,33.210473331238944,1.155280251334898,1.155280251334898,3.4391910822918588,57.55561425634962,24.03557052680623,49.53348218079646,0.0017320476983294,0.0301109830632665,0.8220648785931427,0.2686798053099571,18.966580976863757,1.8771025071405905,4.1615720524017465,22.178571428571427,0.0226498545166164,13.076923076923077,0.0,0.032642089093702,0.2678623083598496,0.5147611379495437,0.0736559139784946,1.2062893081761006,0.0,14.954042350126828,-0.0059619404592419,0.0008932712624327,-95.53109779617104,11055000000.0,5931000000.0,-28623000000.0,55839000000.0,9066000000.0,4596500000.0,7688000000.0,62.3778801843318,38.46321165121997,62.66975600529601,1.44281914893617,2.339898207568046,1.4360994159989136,0.0020010005002501,2.6007955255859536,2017-01-26,2.64,bmo,,2025-04-25,2016-12-31,0.125,78.24428571428572,4852978.380952381
2016-09-30,DD,USD,1666700,2016-09-30,2016-09-30 00:00:00,2016,Q3,12483000000.0,9840000000.0,2643000000.0,0.21172795,399000000,0.0,0.0,864000000.0,1506000000.0,2643000000.0,11266000000.0,26000000.0,220000000.0,780000000.0,2089000000.0,0.1673475927,1344000000.0,0.1076664263,-255000000.0,1089000000.0,0.0872386446,271000000.0,804000000.0,0.0644075943,1.92,1.89,370799629,375799999,,,33.66508222692963,2.1682869591004903,3.6272959701370144,0.6499467128646992,18.964420269147578,81.84743895738903,23.00973176000669,78.30374609139643,58.01516052757432,27346472638.75,41606472638.75,8.503256417521767,2.190697159236562,20.331949917286245,113.4708408246888,0.9418451055192012,0.9418451055192012,3.3330507601337818,19.916932809358546,30.934180400557626,172.6409653060166,0.0294005011403456,0.008812836784606,0.7333218529361116,0.2640900972415161,6.826232647199617,1.9579612801264323,6.109090909090909,1.6442542787286063,0.0218309691303312,0.7425373134328358,0.0,0.0319634703196347,0.2706018059138718,0.820817843866171,0.0884402787791396,1.4153846153846157,0.0,61.80746159421648,0.0146654856289334,0.0136718417875423,-87.3935610113569,12123000000.0,8532000000.0,-25497000000.0,57251000000.0,9190500000.0,4557500000.0,8112500000.0,65.66690699351118,42.75,73.28963414634147,1.3705533596837944,2.1052631578947367,1.2280044926993636,0.0276907180988462,2.9773492572723157,2016-10-27,2.4,bmo,,2025-04-25,2016-09-30,0.1375,74.92515625,3978730.828125
2016-06-30,DD,USD,1666700,2016-06-30,2016-06-30 00:00:00,2016,Q2,11952000000.0,9275000000.0,2677000000.0,0.2239792503,399000000,0.0,0.0,787000000.0,1491000000.0,2677000000.0,11952000000.0,18000000.0,208000000.0,680000000.0,4245000000.0,0.3551706827,1369000000.0,0.1145414993,1988000000.0,3357000000.0,0.280873494,130000000.0,3208000000.0,0.2684069612,8.37,7.83,370366296,407599592,,,32.270755004121646,8.661695285577498,6.015666177140481,2.691929613379291,19.734517095475663,81.63269802498444,22.48854739201215,78.12805947115663,58.19644020739944,26199711779.04,40236711779.03999,2.041748112456359,2.1920776254216867,11.759296130628366,26.27854742130391,0.9054365419906,0.9054365419906,3.3665254165863447,9.47861290436749,18.05956543044883,40.357785134443326,0.1224440950746041,0.038053853737338,0.7376969864528615,0.2618370050537265,3.306713780918728,2.04254328080118,6.581730769230769,0.6904245429191199,0.0226720051353849,0.1851620947630922,0.0,0.0333835341365461,0.2686938815563515,0.553411131059246,0.1031626506024096,1.813235294117647,0.0,123.39462102877218,0.0190344591699697,0.0538083496871802,-88.88565281328947,13429000000.0,8329000000.0,-24980000000.0,58117000000.0,9017000000.0,4085000000.0,7755000000.0,69.82680722891567,43.09326145552561,79.68517520215633,1.2889032675509544,2.088493582526458,1.1294447150511446,0.1108653580315178,3.329136623166164,2016-07-28,2.55,bmo,,2025-04-25,2016-06-30,0.1176470588235295,73.9209375,4843164.171875
2016-03-31,DD,USD,1666700,2016-03-31,2016-03-31 00:00:00,2016,Q1,10703000000.0,7951000000.0,2752000000.0,0.2571241708,361000000,0.0,0.0,742000000.0,1649000000.0,2752000000.0,8989000000.0,20000000.0,201000000.0,607000000.0,973000000.0,0.0909090909,1546000000.0,0.1444454826,-1381000000.0,165000000.0,0.0154162384,-110000000.0,254000000.0,0.023731664,0.45,0.45,367632965,372432960,,,29.11327606326054,0.6909064860383236,0.1414454223385544,-2.089040083769419,17.43042819895109,71.903236424949,28.91198834685568,69.6319493547049,46.72323114441057,26605597677.050003,36971597677.05,26.18661188686024,2.4858075004251146,511.64610917403854,-34.64270530865886,1.0393217577659284,1.0393217577659284,3.4543210013127164,37.99753101443988,710.9922630201924,-48.14010114199219,0.0095468631482426,-0.0288661058970487,0.6631509043322005,0.2480420806545879,10.653648509763618,1.997431946584489,7.691542288557214,0.1890909090909091,0.0222133705535883,2.326771653543307,0.0,0.0337288610669905,0.2309322033898305,18.98076923076923,0.092217135382603,1.6260296540362438,0.0,32.900702462178494,0.0448076978813436,0.0048256863303885,-69.03148633583498,11652000000.0,10629000000.0,-18672000000.0,45877000000.0,8303500000.0,3653000000.0,7084500000.0,73.66999906568252,42.209784932712864,82.60847692114199,1.221664193585207,2.132207026012336,1.0894765689229926,0.0099222625883823,2.684742920156793,2016-04-28,2.49,bmo,,2025-04-25,2016-03-31,0.0722891566265059,67.34295081967213,5949027.655737705
2015-12-31,DD,USD,1666700,2015-12-31,2015-12-31 00:00:00,2015,Q4,11462000000.0,8806000000.0,2656000000.0,0.2317222125,404000000,0.0,0.0,757000000.0,0.0,2656000000.0,9888000000.0,25000000.0,240000000.0,600000000.0,4988000000.0,0.435177107,1392000000.0,0.121444774,2756000000.0,4148000000.0,0.3618914675,517000000.0,3612000000.0,0.3151282499,9.51,8.82,368466298,406299593,,,31.107322602405283,9.802796129810494,6.353362607941961,3.783249669146132,22.8487653978058,71.05941613145852,28.257672564669672,68.86382862619365,47.358469674748925,26993840991.480003,35626840991.48,1.8683444761544847,2.3550724996928984,11.530901747748826,19.364304871936877,1.063838613993852,1.063838613993852,3.108256935218985,7.142510222830794,15.218642029679623,25.55727474281205,0.1338083009802142,0.0516414096252543,0.6782533301804997,0.2533192028025552,1.7307538091419403,2.153936122357175,5.8,0.6481173864894795,0.0208936549703324,0.1561461794019933,0.0,0.0352469028092828,0.2321381259383555,0.4045279794959419,0.0826208340603734,1.5783333333333334,0.0,123.2428766163288,0.0210748101823055,0.0692391741905802,-65.1782812440556,12826000000.0,10412000000.0,-17814000000.0,46451000000.0,8006500000.0,3735000000.0,7346500000.0,61.60704938056186,36.55802861685215,70.22371110606404,1.460871781799643,2.461839530332681,1.2816183961577643,0.1423504374556632,2.57011293879583,2016-02-02,2.1,bmo,,2025-04-25,2015-12-31,0.3285714285714285,72.13125,9386775.3125
2015-09-30,DD,USD,1666700,2015-09-30,2015-09-30 00:00:00,2015,Q3,12036000000.0,9349000000.0,2687000000.0,0.2232469259,382000000,0.0,0.0,689000000.0,1616000000.0,2687000000.0,10384000000.0,18000000.0,233000000.0,645000000.0,2401000000.0,0.1994848787,1511000000.0,0.1255400465,552000000.0,2063000000.0,0.1714024593,627000000.0,1375000000.0,0.1142406115,3.36,3.3,380432952,416866249,,,31.637637950983805,3.614303105899197,6.600374617391188,4.171562930226927,19.35689314315759,66.15094688222486,24.08308731363523,63.9613363460692,52.49545260211844,22955324323.68,35070324323.68,4.173695331578182,1.907222027557328,9.14190534594982,14.464602598412098,0.9433824158007644,0.9433824158007644,2.9137856699634432,14.60654907275302,13.966676353516528,22.098503039495903,0.0598989576715146,0.0691342878725046,0.8111617967369416,0.2824394711235762,5.045814244064973,1.8820143884892089,6.484978540772532,1.748607242339833,0.0245694633648976,0.4101818181818182,0.0,0.0317381189764041,0.2290080705168565,0.3679808841099163,0.0767696909272183,1.4325581395348836,0.0,72.12109451328283,0.0178401718112514,0.0255196733481811,-71.80700266994748,11647000000.0,9162000000.0,-19866000000.0,46509000000.0,8598000000.0,4192500000.0,7941500000.0,61.06929212362912,37.47673547973045,75.30003208899348,1.4737357658871066,2.401489853583355,1.195218614165175,0.0565076233921012,2.42881168716426,2015-10-22,2.04,bmo,,2025-04-25,2015-09-30,0.2058823529411764,65.11640625,8569121.921875
2015-06-30,DD,USD,1666700,2015-06-30,2015-06-30 00:00:00,2015,Q2,12910000000.0,10146000000.0,2764000000.0,0.2140975988,429000000,0.0,0.0,773000000.0,1562000000.0,2764000000.0,11309000000.0,11000000.0,232000000.0,642000000.0,2388000000.0,0.1849728892,1453000000.0,0.1125484121,61000000.0,1514000000.0,0.1172734314,317000000.0,1220000000.0,0.0945003873,2.97,2.91,379366287,416466250,,,34.03043560378363,3.215889344431916,3.7061806707141582,0.9331351048597526,15.847480933380885,64.45222160713506,21.409387914324608,62.24063868912,52.66677795225383,27625453019.34,41149453019.34,5.660953487569672,2.1398491881750576,19.6482596154623,78.03800287949151,1.1699751405785193,1.1699751405785193,3.1874092191587917,17.23176424595477,29.267036286870557,116.24139271,0.0441621717169996,0.0128142694982113,0.836354396069795,0.2848241843828424,5.663316582914573,1.9399921660791224,6.262931034482759,1.1746031746031746,0.0203435577909457,0.460655737704918,0.0,0.0332300542215336,0.2355121585369371,0.748221906116643,0.0814872192099148,1.6386292834890963,0.0,67.10870026976384,0.0196425026813552,0.0230166965380624,-73.9885197020683,11999000000.0,8122000000.0,-20119000000.0,46908000000.0,8884000000.0,4454500000.0,8074000000.0,62.94422927962819,39.84624482554702,71.5050266114725,1.4298371912725665,2.258682101513802,1.2586527726088574,0.0516686430628494,2.773045565854406,2015-07-23,2.43,bmo,,2025-04-25,2015-06-30,0.1234567901234567,72.80174603174603,5283553.031746032
2015-03-31,DD,USD,1666700,2015-03-31,2015-03-31 00:00:00,2015,Q1,12370000000.0,9535000000.0,2835000000.0,0.2291835085,383000000,0.0,0.0,752000000.0,1700000000.0,2835000000.0,10646000000.0,17000000.0,241000000.0,634000000.0,3080000000.0,0.2489894907,1598000000.0,0.1291835085,607000000.0,2205000000.0,0.1782538399,686000000.0,1478000000.0,0.1194826192,3.66,3.54,378566288,415566251,,,32.67591540005274,3.904203958066123,3.323063991371572,0.9377485826207536,15.965499812281225,61.32083266748781,19.58177533230323,58.74004290630337,52.91015242223576,25848506144.64,39349506144.64,4.3722101056562925,2.08961246116734,20.547302181748808,72.8126933651831,1.162409774009084,1.162409774009084,3.181043342331447,12.775813683324674,31.27941664915739,110.84367928067606,0.0571793198310797,0.0137338691069237,0.8899132077168683,0.2919205180781543,4.383441558441558,1.969322677000081,6.630705394190872,0.8281764318630678,0.0217807557949241,0.3809201623815967,0.0,0.0309620048504446,0.2330909144551476,0.7178060413354531,0.0729991915925626,1.4242902208201893,0.0,71.83310469598734,0.0192039014103071,0.0284296376086789,-73.78694533941173,12007000000.0,7413000000.0,-20181000000.0,45874000000.0,9055500000.0,4449000000.0,8094000000.0,63.58205335489086,41.691662296801255,76.3324593602517,1.4154937635885112,2.15870500339597,1.1790528007913936,0.0664658002428385,2.3853154087508184,2015-04-23,2.34,bmo,,2025-04-25,2015-03-31,0.076923076923077,66.68245901639344,6219080.1147540985
2014-12-31,DD,USD,1666700,2014-12-31,2014-12-31 00:00:00,2014,Q4,14384000000.0,11611000000.0,2773000000.0,0.1927836485,428000000,0.0,0.0,823000000.0,1522000000.0,2773000000.0,12817000000.0,19000000.0,262000000.0,692000000.0,2072000000.0,0.1440489433,1416000000.0,0.0984427141,-298000000.0,1118000000.0,0.0777252503,279000000.0,819000000.0,0.0569382647,1.92,1.89,382299617,386966279,,,37.62493960332689,2.142298771908003,7.211621140598736,4.318602286227245,14.29245481038502,61.088211867081206,18.18992144059616,58.652949160553305,52.14758036234182,24811245143.300003,38831245143.3,7.57364015363248,1.724919712409622,8.999363490496918,15.028010383585707,1.106508725117067,1.106508725117067,2.699613816970245,18.74094842823359,14.08460106757345,23.519833521078137,0.0330092260694607,0.066542408108278,0.8774026669045177,0.2864297465313669,6.7664092664092665,2.0922108168722504,5.404580152671755,3.3663003663003663,0.0206761086369149,0.6263736263736264,0.0,0.0297552836484983,0.2387642494212878,0.4011606819006166,0.0768909899888765,1.5982658959537572,0.0,53.17116861135654,0.0183127384442249,0.0156635492569854,-75.30611781910312,12662000000.0,6954000000.0,-21078000000.0,47113000000.0,9584000000.0,4663500000.0,8560000000.0,58.64015572858733,34.73344242528637,62.793041081732845,1.534784464361929,2.5911626869002453,1.4332798419948154,0.03652499665522,2.8930188543714914,2015-01-29,2.04,bmo,,2025-04-25,2014-12-31,0.2499999999999999,68.47609375,8476113.9375
2014-09-30,DD,USD,1666700,2014-09-30,2014-09-30 00:00:00,2014,Q3,14405000000.0,11776000000.0,2629000000.0,0.1825060743,409000000,0.0,0.0,753000000.0,1467000000.0,2629000000.0,12906000000.0,10000000.0,233000000.0,706000000.0,1683000000.0,0.1168344325,1359000000.0,0.0943422423,-17000000.0,1342000000.0,0.0931620965,378000000.0,937000000.0,0.0650468587,2.16,2.13,389066277,394699605,,,37.02454016594196,2.408330033702716,4.562204706320512,2.171866465825821,14.236648939892572,68.65411262564912,25.823363765860385,66.13526157652569,51.44367729408735,29032125589.74,43046125589.740005,7.746031373996798,2.0154200339979176,16.35612709281127,34.35754507661539,1.1282937153526873,1.1282937153526873,2.988276680995488,25.577020552430188,24.251338360416906,50.94216046123078,0.032274591714054,0.0291056883653956,0.7688002798181183,0.2843344400845155,8.326797385620916,2.1287333498800365,5.832618025751073,1.8412863070539416,0.0178767482386276,0.5538954108858057,0.0,0.0283929191253037,0.2395182039009386,0.523943661971831,0.0645609163484901,1.3172804532577904,0.0,59.86400902616254,0.0167541082334963,0.0177096524220832,-65.45542881887961,13643000000.0,10047000000.0,-17132000000.0,48001000000.0,10077500000.0,4864500000.0,8972500000.0,61.20374869836862,37.03634510869565,68.92917798913044,1.4704981625153124,2.4300453982666115,1.3056879920168534,0.0364152189965411,2.3903382404946907,2014-10-22,2.04,bmo,,2025-04-25,2014-09-30,0.0588235294117647,74.93718750000001,4838751.15625
2014-06-30,DD,USD,1666700,2014-06-30,2014-06-30 00:00:00,2014,Q2,14917000000.0,12344000000.0,2573000000.0,0.1724877656,419000000,0.0,0.0,751000000.0,1403000000.0,2573000000.0,13485000000.0,9000000.0,242000000.0,677000000.0,1664000000.0,0.1115505799,1295000000.0,0.0868137025,19000000.0,1314000000.0,0.088087417,344000000.0,967000000.0,0.064825367,2.22,2.19,392966273,398399601,,,37.96000070469152,2.460770978175015,3.5499229726516504,1.3512610024932088,9.298507915461744,70.57857609067636,27.47564038402858,68.07963389774166,45.991224290131385,28776920171.79,42764920171.79,7.439741512872287,1.9291358967480057,20.62861661060215,54.19382329903955,1.0756520828239824,1.0756520828239824,2.86685795882483,25.7000722186238,30.655856753971328,80.53657282822975,0.0336033180141337,0.0184522873479886,0.6665046910626845,0.2593373669207051,8.40625,2.0441956393635827,5.351239669421488,1.4426059979317476,0.0181395367149718,0.5398138572905895,0.0,0.0280887577931219,0.2463494095060794,0.6193548387096774,0.0579204933967956,1.276218611521418,0.0,61.39534765971856,0.0165760529340016,0.0186614689876104,-63.961596012083206,12404000000.0,10797000000.0,-16738000000.0,47243000000.0,10405000000.0,4927000000.0,9014000000.0,62.49983240597975,35.60191186001296,65.07939079714842,1.4400038613765809,2.52795412656154,1.3829262827694375,0.0361454790116996,2.1986619701584416,2014-07-23,2.16,bmo,,2025-04-25,2014-06-30,0.0277777777777778,71.60682539682539,5509949.698412699
2014-03-31,DD,USD,1666700,2014-03-31,2014-03-31 00:00:00,2014,Q1,14461000000.0,11733000000.0,2728000000.0,0.1886453219,391000000,0.0,0.0,779000000.0,1558000000.0,2728000000.0,12878000000.0,13000000.0,246000000.0,672000000.0,1851000000.0,0.1279994468,1444000000.0,0.0998547818,47000000.0,1491000000.0,0.1031049028,425000000.0,1049000000.0,0.072539935,2.4,2.37,396866269,402566264,,,36.437966966650926,2.6432077552048145,1.448850771442105,-0.2444148257911029,10.585429723179624,69.85476510728606,26.96626253212767,67.38037996371014,45.5039931851704,27439333838.66,40867333838.66,6.539402726086749,1.897471394693313,47.72058058897392,-282.8797302954639,1.0261147241561648,1.0261147241561648,2.826037883871102,22.07851639041599,71.07362406723479,-421.3127199861856,0.0382297910790398,-0.0035350712437243,0.6661306607830672,0.2572905984140511,7.254457050243112,2.049893669229511,5.869918699186992,0.5393996247654784,0.0169829195832531,0.444232602478551,0.0,0.0270382407855611,0.2458509670243958,1.1686956521739131,0.0464698153654657,1.0,0.0,63.30290447164592,0.0178356203607288,0.0200911667815827,-62.79130262894678,12836000000.0,10702000000.0,-16448000000.0,47430000000.0,10049000000.0,4780500000.0,8702500000.0,65.04321969435031,38.13091281002301,69.8184607517259,1.3836953401588366,2.36028968014484,1.2890573500329598,0.0392281515276167,1.693265597233208,2014-04-23,2.1,bmo,,2025-04-25,2014-03-31,0.1285714285714286,66.21803278688525,7211622.0
2013-12-31,DD,USD,1666700,2013-12-31,2013-12-31 00:00:00,2013,Q4,14386000000.0,12068000000.0,2318000000.0,0.1611288753,477000000,0.0,0.0,838000000.0,1003000000.0,2318000000.0,13500000000.0,12000000.0,262000000.0,689000000.0,1743000000.0,0.1211594606,1259000000.0,0.0875156402,127000000.0,1386000000.0,0.0963436675,358000000.0,1048000000.0,0.0728486028,2.4,2.62,396699603,400366663,,,36.26421577235609,2.641797450954344,5.628944377844512,3.4005579783753905,14.973546620867175,70.39079391264225,27.25487980889157,67.8044540417652,45.9340010985592,25063480917.54,37083480917.54,5.978883806665076,1.7422133266745448,11.224129385373937,18.579303867709417,0.9317971937519518,0.9317971937519518,2.577747874151258,21.27566317701664,16.607022354473802,27.48960779654559,0.0418138248014299,0.0538233298255047,0.6677076362554837,0.2584135480065035,6.896156052782559,2.0864589424442403,4.805343511450381,2.172178988326848,0.0185528898212451,0.4437022900763359,0.0,0.0331572362018629,0.2462122847153278,0.3958799820868786,0.061448630613096,1.2830188679245282,0.0,63.48485458473493,0.0159162050759119,0.0200041993548263,-61.13000823950913,13006000000.0,10812000000.0,-16600000000.0,47572000000.0,7271500000.0,4727000000.0,8597500000.0,60.35242596969275,34.23102419622141,61.92161087172688,1.491240800248782,2.629193899782135,1.4534505600385403,0.0389620046100081,2.2283863994691218,2014-01-29,1.29,bmo,,2025-04-25,2013-12-31,0.5116279069767441,57.59453125,5593665.03125
2013-09-30,DD,USD,1666700,2013-09-30,2013-09-30 00:00:00,2013,Q3,13734000000.0,11716000000.0,2018000000.0,0.1469346148,418000000,0.0,0.0,698000000.0,902000000.0,2018000000.0,12799000000.0,11000000.0,264000000.0,665000000.0,1294000000.0,0.0942187272,788000000.0,0.0573758555,128000000.0,916000000.0,0.0666957915,231000000.0,679000000.0,0.0494393476,1.5,1.47,395799604,398066268,,,34.699377819488674,1.7155146016770648,3.5421965707676657,2.112179980857181,13.31987184100366,63.20875449890546,19.87874651840228,60.64937851731656,47.70848633794995,21626490362.56,34973490362.56,7.962625317584684,1.5746680036813747,15.425456749329529,25.869007610717706,0.9009160742578628,0.9009160742578628,2.5464897599068004,27.0274268644204,24.945428218659057,41.83431861550239,0.0313966801185407,0.0386562954036819,0.7756300770672776,0.2652052531122696,10.3145285935085,2.0852997581922788,2.984848484848485,2.0648011782032403,0.0215014083286029,0.6848306332842415,0.0,0.0304354157565166,0.2442811155741674,0.4037089871611983,0.0412115916703072,0.8511278195488722,0.0,48.38398624188231,0.0099297240876658,0.0127977985524728,-80.3386352049003,13016000000.0,7868000000.0,-20179000000.0,47526000000.0,7687000000.0,4838000000.0,8864000000.0,32.083879423328966,37.36428815295323,68.30658927961761,2.805147058823529,2.408717105263158,1.3175888439046337,0.0282857737971256,1.4300165899104842,2013-10-24,1.62,bmo,,2025-04-25,2013-09-30,-0.0740740740740741,52.33078125,5140672.625
2013-06-30,DD,USD,1666700,2013-06-30,2013-06-30 00:00:00,2013,Q2,14577000000.0,12103000000.0,2474000000.0,0.169719421,417000000,0.0,0.0,716000000.0,1341000000.0,2474000000.0,13122000000.0,10000000.0,279000000.0,659000000.0,4176000000.0,0.2864786993,1226000000.0,0.0841050971,2012000000.0,3238000000.0,0.2221307539,795000000.0,2425000000.0,0.1663579612,5.88,5.61,395366271,429399570,,,36.86960944627469,6.133553056679435,9.46211215877846,8.182286242621844,12.350573020934302,61.20906555531643,17.768334112648674,58.70758762828304,48.32228088571571,18285690033.75,32228690033.75,1.8851226838917523,1.2544206650030871,4.8879150050120295,5.652454415378671,0.7878027673839989,0.7878027673839989,2.2109274908245866,7.717598188158525,8.614993326316492,9.962500783230292,0.1326173633876634,0.1769142971377696,0.8110809529964241,0.2683983918337088,3.3388409961685825,2.008007611194799,4.39426523297491,1.5313139582480555,0.0253750336543817,0.191340206185567,0.0,0.0286067091994237,0.2448604259929856,0.1352579524191392,0.0347122178774782,0.7678300455235205,0.0,90.01076229998252,0.0157097506344496,0.0457832235165291,-72.79958385726839,12714000000.0,7025000000.0,-20615000000.0,47091000000.0,10441500000.0,4875000000.0,9085500000.0,64.69232352335872,35.782863752788565,65.70602330000825,1.3912006108035884,2.5151704073150456,1.36973743775464,0.1044763258799707,1.279825916156616,2013-07-25,1.89,bmo,,2025-04-25,2013-06-30,0.0158730158730158,47.37546875,5177019.75
2013-03-31,DD,USD,1666700,2013-03-31,2013-03-31 00:00:00,2013,Q1,14383000000.0,11707000000.0,2676000000.0,0.1860529792,435000000,0.0,0.0,772000000.0,1469000000.0,2676000000.0,12831000000.0,8000000.0,296000000.0,668000000.0,1675000000.0,0.1164569283,1354000000.0,0.094138914,-90000000.0,1264000000.0,0.0878815268,604000000.0,635000000.0,0.044149343,1.38,1.38,393699606,395866270,,,36.53292962655391,1.6129048399403274,1.1353834070131124,0.2565407698172804,8.925586783543796,55.87000765248416,11.998996006107255,53.3350800457748,51.77043535065158,17574750411.84,34146750411.84,6.919193075527559,1.221911312788709,39.317115015302015,174.007429820198,0.8369725884293743,0.8369725884293743,2.374104874632552,20.3861196488597,76.39094051865771,338.0866377409901,0.036131380823036,0.0057468810442939,0.9565672921230594,0.2898245411520259,9.893731343283582,1.9491961414791,4.574324324324325,0.6772727272727272,0.004836484047178,0.1338582677165354,0.0,0.0302440381005353,0.2492208241948516,0.7740492170022372,0.0240561774316901,0.5179640718562875,0.0,43.99487693754565,0.0121482837755567,0.0122040282902829,-79.56002374053683,11808000000.0,4724000000.0,-23060000000.0,46348000000.0,10042000000.0,4974000000.0,8905500000.0,65.10811374539387,37.96190313487657,71.76475612881183,1.382316194137434,2.370797893884164,1.2540974825923945,0.0302409753309839,0.878842637195832,2013-04-25,1.8,bmo,,2025-04-25,2013-03-31,0.1499999999999998,46.78033333333334,5511103.383333334
2012-12-31,DD,USD,1666700,2012-12-31,2012-12-31 00:00:00,2012,Q4,13917000000.0,11939000000.0,1978000000.0,0.1421283323,463000000,0.0,0.0,741000000.0,117000000.0,1321000000.0,13917000000.0,15000000.0,310000000.0,680000000.0,140000000.0,0.0100596393,657000000.0,0.0472084501,-1507000000.0,-850000000.0,-0.0610763814,-99000000.0,-714000000.0,-0.0513041604,-1.83,-1.83,391866274,391866663,,,35.51466641398183,-1.8220501415235344,3.957982870452383,1.3831248973469965,11.019065141594709,55.80219950237412,11.271702346091669,53.27582745740451,54.34762165830071,18029767266.74,34698767266.74,-6.312943720847339,1.2955211084817129,11.624608166821403,33.265253259667894,0.8636186840417684,0.8636186840417684,2.493264875098081,247.84833761957145,22.37186799918761,64.01986580579336,-0.0396011767338303,0.0300613974646163,1.0052689562676629,0.301515695711515,119.06428571428572,2.0607326198555644,2.119354838709677,-2.0652463382157125,0.0465341558538986,-1.1750700280112043,0.0,0.0332686642236114,0.2507003807197758,0.6505480335267569,0.0725012574549112,1.4838235294117648,0.0,,0.0098086992823489,-0.0136899626114466,-81.46337696823585,12191000000.0,4417000000.0,-24054000000.0,47161000000.0,9822500000.0,5987500000.0,8553000000.0,62.5932312998491,37.76698215930983,63.89479855934333,1.4378551503254469,2.3830339321357283,1.4085653610193487,-0.034200316137376,2.5748579731053867,2013-01-31,1.02,bmo,,2025-04-25,2012-12-31,-0.0294117647058823,42.56112903225807,5649025.129032258
2012-09-30,DD,USD,1666700,2012-09-30,2012-09-30 00:00:00,2012,Q3,13637000000.0,11368000000.0,2269000000.0,0.1663855687,434000000,0.0,0.0,739000000.0,117000000.0,1290000000.0,12658000000.0,10000000.0,318000000.0,665000000.0,1281000000.0,0.0939356163,979000000.0,0.0717899831,-154000000.0,825000000.0,0.0604971768,234000000.0,582000000.0,0.0426780084,1.26,1.26,390899609,393166273,,,34.886195038378766,1.48887332348291,2.821696350174656,1.23049496322213,6.771559600101826,64.23132543987784,18.741384824460138,60.96194381202361,53.005936877260986,16308331687.48,32825331687.48,7.00529711661512,1.1958885156178043,14.785432173599274,33.9050554833264,0.684361380087285,0.684361380087285,2.4070786600777296,25.624771028477756,29.760046860815955,68.24393282220375,0.035687280045132,0.029494126635238,0.8561477129668486,0.2941125591050628,12.89383294301327,1.833919499804611,3.0786163522012577,1.895189003436426,0.0282064412727847,0.7903780068728522,0.0,0.0318251814915303,0.2563429823549764,0.5639165911151405,0.0456112048104421,0.9569230769230768,0.0,45.19074869385531,0.0119355332800081,0.011282130810685,-76.29452502215217,10670000000.0,7326000000.0,-20795000000.0,46009000000.0,9926500000.0,6906500000.0,8505000000.0,65.77253061523795,55.14162561576355,68.32336382828994,1.368352398153723,1.6321608040201006,1.3172653534183083,0.024422996223248,1.5912013869525257,2012-09-30,,bmo,,2025-04-25,2012-09-30,,42.80063492063492,6706901.015873016
2012-06-30,DD,USD,1666700,2012-06-30,2012-06-30 00:00:00,2012,Q2,14513000000.0,12200000000.0,2313000000.0,0.159374354,406000000,0.0,0.0,674000000.0,122000000.0,1202000000.0,13402000000.0,10000000.0,312000000.0,674000000.0,1391000000.0,0.0958451044,1111000000.0,0.0765520568,-127000000.0,984000000.0,0.0678012816,244000000.0,734000000.0,0.0505753462,1.65,1.65,389899610,392199607,,,37.22240194084832,1.882535866091274,3.7753307832239176,2.2852036194650207,10.592470200213844,62.505833232303054,16.86844467477154,59.299879781875134,61.918502560184656,17479199516.3,37181199516.3,5.953405829802452,1.2043822446289534,11.874456193138586,19.61750787463524,0.7559880418796765,0.7559880418796765,2.561923759133191,26.72983430359454,25.258967062703807,41.72974132020202,0.0419927697098209,0.050974874402521,1.030664763634791,0.3461549635396996,14.16391085549964,1.8368833636867528,3.560897435897436,1.9891891891891893,0.0215684934340633,0.5136239782016349,0.0,0.0279749190381037,0.2584759303913309,0.3947010869565217,0.0400330737959071,0.0,0.0,50.11754570254131,0.0142660951760629,0.0143786240401191,-73.70038149050725,10569000000.0,6577000000.0,-21273000000.0,45716000000.0,10196500000.0,7080500000.0,8631000000.0,61.31261627506374,50.51803278688525,61.81967213114754,1.4678871245069285,1.7815420560747663,1.4558472553699284,0.0317460317460317,1.4901271637588969,2012-10-23,1.11,bmo,,2025-04-25,2012-06-30,0.135135135135135,46.15952380952381,7703302.428571428
2012-03-31,DD,USD,1666700,2012-03-31,2012-03-31 00:00:00,2012,Q1,14719000000.0,12285000000.0,2434000000.0,0.1653644949,405000000,0.0,0.0,707000000.0,122000000.0,1234000000.0,13519000000.0,6000000.0,329000000.0,679000000.0,1714000000.0,0.1164481283,1200000000.0,0.0815272777,-494000000.0,706000000.0,0.047965215,186000000.0,497000000.0,0.0337658808,1.05,1.05,386966279,389566277,,,38.03690605299487,1.2843496370907297,-0.1317944295606181,-1.1706446390384315,9.328978249290811,62.53258051976152,16.13060449641918,59.50389284436849,62.17596029859749,19073567891.91,39196567891.91,9.594350046232394,1.295846721374414,-373.99152729235294,-42.10500638390729,0.8283491658086511,0.8283491658086511,2.6629912284740813,22.868476016283548,-768.5601547433334,-86.52663993799118,0.0260570021726664,-0.0237501448374605,1.0306175627551464,0.3409724417368315,11.740373395565928,1.7757890828072782,3.64741641337386,-0.098076923076923,0.01960828734925,0.7525150905432596,0.0,0.0275154562130579,0.2579959194229719,-7.882352941176471,0.0273116380188871,0.0,0.0,41.46728314651663,0.0151122096094472,0.0096239494984702,-76.15521454777718,10446000000.0,6242000000.0,-21489000000.0,45681000000.0,10066000000.0,6045500000.0,8229500000.0,64.23941843875264,53.57509157509158,65.06959706959707,1.4010089472682277,1.679885136059073,1.3831344291826164,0.0215842960132024,1.0388502094778134,2012-03-31,,bmo,,2025-04-25,2012-03-31,,47.78048387096774,5453193.596774193
2011-12-31,DD,USD,1666700,2011-12-31,2011-12-31 00:00:00,2011,Q4,14097000000.0,12433000000.0,1664000000.0,0.1180392991,433000000,0.0,0.0,702000000.0,123000000.0,1258000000.0,13691000000.0,14000000.0,331000000.0,741000000.0,802000000.0,0.0568915372,406000000.0,0.028800454,-52000000.0,354000000.0,0.0251117259,271000000.0,65000000.0,0.0046109101,-0.06,-0.06,384766281,386432946,,,36.63782585979773,0.1689337221314359,5.252539268117416,2.1857424663467326,14.154046934273849,60.53285111020422,13.77459580456324,57.90788096631576,56.99823784714648,15748483881.33,31904483881.33,60.57109185126922,1.1171514422451585,7.7924215147600195,18.725902355921523,0.7068122562420897,0.7068122562420897,2.2632108875172023,39.781151971733166,15.7864838601336,37.93636608957194,0.0041273814349239,0.0534019659503233,0.969435842197388,0.3120305096498324,20.144638403990022,1.7179111045914626,1.2265861027190332,24.349397590361445,0.023684819618871,5.7384615384615385,0.0,0.0307157551252039,0.2598954119958396,0.5838693715982187,0.0837057529970915,0.0,0.0,14.836049411101216,0.001616713491771,0.0012687135244861,-76.61534145711693,9788000000.0,5300000000.0,-22511000000.0,45078000000.0,9871000000.0,5733500000.0,7996500000.0,61.455628857203656,34.58698624628006,54.84838735622939,1.464471223768959,2.6021347844286318,1.6408868945492938,0.0029172837843902,3.0667968017706837,2011-12-31,,bmo,,2025-04-25,2011-12-31,,38.26666666666667,7393472.80952381
2011-09-30,DD,USD,1666700,2011-09-30,2011-09-30 00:00:00,2011,Q3,15109000000.0,12928000000.0,2181000000.0,0.144351049,402000000,0.0,0.0,691000000.0,125000000.0,1218000000.0,14146000000.0,9000000.0,305000000.0,714000000.0,2108000000.0,0.1395194917,963000000.0,0.0637368456,126000000.0,1089000000.0,0.0720762459,186000000.0,900000000.0,0.0595671454,2.1,2.07,384099615,386966279,,,39.336149816239725,2.3431421559743035,3.2231222101068755,1.4501446454196525,5.74330177342146,65.45437438149996,18.055212057424217,62.87952150121265,51.8303044901516,12275823695.4,29672823695.4,3.4099510265000004,0.8124841945462968,9.91585112714055,22.03918078168761,0.5082735879181848,0.5082735879181848,1.9639171153219936,14.0762920756167,23.968355165912765,53.27257395942549,0.0733148359190958,0.0453737373410404,0.8116512090096059,0.2927962241041956,8.252846299810246,1.688057732598743,3.157377049180328,1.370985603543743,0.0303849264420252,0.4144444444444444,0.0,0.0266066582831424,0.2719302176218428,0.5500807754442649,0.0450724733602488,0.0,0.0,57.57649082292303,0.0141019101308083,0.0184634321468868,-72.40048912832157,8867000000.0,6935000000.0,-20056000000.0,44866000000.0,10433500000.0,6943500000.0,8577500000.0,60.25812429677675,46.56636757425743,58.589108910891085,1.493574535389482,1.932725370010465,1.5361216730038023,0.0372639947002318,1.7729775646872232,2011-09-30,,bmo,,2025-04-25,2011-09-30,,42.60234375,8535332.484375
2011-06-30,DD,USD,1666700,2011-06-30,2011-06-30 00:00:00,2011,Q2,16046000000.0,13551000000.0,2495000000.0,0.1554904649,411000000,0.0,0.0,695000000.0,125000000.0,1231000000.0,14782000000.0,10000000.0,328000000.0,697000000.0,2342000000.0,0.1459553783,1264000000.0,0.0787735261,53000000.0,1317000000.0,0.08207653,240000000.0,1067000000.0,0.0664963231,2.52,2.52,383199616,386966279,,,41.87373715948609,2.78444955435446,2.0746367345002765,0.7646145449164542,4.911278407961661,65.341923515915,17.147720732580275,63.1133200300493,53.27771518434925,19631316327.68,37496316327.68,4.599652372933458,1.223439880822635,24.69347965745912,67.00107961665529,0.8117145473508373,0.8117145473508373,2.3368014662644896,16.010382718906918,47.165177770666666,127.97377586238908,0.0543519335224372,0.0149251326354958,0.8305974777754807,0.2934825485412071,7.628095644748079,1.8262933462064528,3.8536585365853657,0.7381615598885793,0.0130403889238462,0.239925023430178,0.0,0.0256138601520628,0.2698146010782065,0.6314465408805031,0.0312850554655365,0.0,0.0,62.881290987135245,0.0179470147469536,0.0213489665659577,-75.92191846037758,10270000000.0,6571000000.0,-20709000000.0,46787000000.0,10552000000.0,7148500000.0,8435500000.0,60.30100959740745,47.80606597299093,58.04073500110693,1.4925123244349363,1.8826062795220897,1.550635084105733,0.0441182551168079,1.3100221895838224,2011-06-30,,bmo,,2025-04-25,2011-06-30,,52.88761904761905,6148863.777777778
2011-03-31,DD,USD,1666700,2011-03-31,2011-03-31 00:00:00,2011,Q1,14733000000.0,12117000000.0,2616000000.0,0.1775605783,400000000,0.0,0.0,700000000.0,123000000.0,1223000000.0,13340000000.0,7000000.0,377000000.0,731000000.0,1949000000.0,0.1322880608,1393000000.0,0.0945496504,-552000000.0,841000000.0,0.0570827394,120000000.0,710000000.0,0.0481911355,1.65,1.62,379832953,387066279,,,38.78810377992664,1.8692427668328184,-0.4607288509799201,-1.6902166990234784,9.37780666965986,62.75653497604775,14.048280850450592,60.60822216233567,57.31730179819338,20404626235.16,38236626235.16,7.1847275475915495,1.3849607164297837,-116.59786420091427,-31.78290690834891,0.8863483877833283,0.8863483877833283,2.595304841862486,19.61858708833248,-218.49500705805715,-59.55860784292835,0.0347960306558603,-0.0314634530719188,0.9293253985491507,0.3125858391046433,9.149307337095946,1.770101663585952,3.694960212201591,-0.2427184466019417,0.0125461744336623,0.3605633802816901,0.0,0.0271499355189031,0.2703164723415446,-2.6685714285714286,0.0316975497183194,0.6388508891928865,0.0,50.48819980916041,0.0206708315690064,0.0142167757954386,-76.9081507259324,9999000000.0,5336000000.0,-21622000000.0,46285000000.0,9698500000.0,5727500000.0,7609500000.0,63.24373854612095,52.72839811834612,60.40108937855904,1.4230657780353522,1.706860121143823,1.4900393507132317,0.0308414056730811,1.2294878480435585,2011-03-31,,bmo,,2025-04-25,2011-03-31,,51.94887096774193,5454480.435483871
2010-12-31,DD,USD,1666700,2010-12-31,2010-12-31 00:00:00,2010,Q4,13771000000.0,11818000000.0,1953000000.0,0.1418197662,443000000,0.0,0.0,659000000.0,132000000.0,1234000000.0,13052000000.0,13000000.0,368000000.0,755000000.0,1769000000.0,0.1284583545,719000000.0,0.0522111684,-73000000.0,646000000.0,0.0469101736,133000000.0,511000000.0,0.0371069639,1.36,1.34,375299624,381266285,,,36.693348778841305,1.3615787688612233,4.889426694442944,2.3794321733719617,18.75568092762065,60.33046278778046,11.044508800253954,58.1908390081414,64.468489848527,18232055733.92,35020055733.92,8.919792433424657,1.3239456636351752,9.93572519559673,20.41663576026875,0.8348393119611704,0.8348393119611704,2.543029245074432,19.79652670091577,19.084499037558583,39.21618783193729,0.0280275580251384,0.0489796659813083,1.0910298090571913,0.3424009886762085,9.490107405313736,1.7113557858376511,1.953804347826087,3.576998050682261,0.0135475671863193,0.4833659491193737,0.0,0.0321690509040737,0.2658073231016842,0.5133514986376022,0.0684046184009875,1.247682119205298,0.0,42.222112051073466,0.0096915943279236,0.0100017615627018,-78.81835767573271,9885000000.0,4145000000.0,-23165000000.0,46050000000.0,9309000000.0,5179500000.0,7185000000.0,59.10681867692978,33.17312574039601,53.97106109324759,1.5226669615214508,2.7130394857667586,1.6675603217158177,0.0233985072576583,2.509994521070983,2010-12-31,,bmo,,2025-04-25,2010-12-31,,45.21625,5288381.578125
2010-09-30,DD,USD,1666700,2010-09-30,2010-09-30 00:00:00,2010,Q3,12868000000.0,10841000000.0,2027000000.0,0.1575225365,403000000,0.0,0.0,640000000.0,124000000.0,1167000000.0,12008000000.0,7000000.0,362000000.0,716000000.0,1789000000.0,0.1390270438,860000000.0,0.0668324526,-149000000.0,711000000.0,0.0552533416,114000000.0,597000000.0,0.046394156,1.35,1.35,375999624,381832951,,,34.22343847875763,1.5877675452143538,2.6170238936196384,1.295214061171508,8.582455390966029,60.11708139367714,10.58245739096803,58.2606965585689,57.1622912048444,14694065305.92,32602065305.92,6.153293679195979,1.1419074685980728,14.93299319707317,30.17261869798768,0.6707781112900575,0.6707781112900575,2.5335767256698785,18.223625101129123,33.13218018894309,66.94469261995893,0.0406286475233969,0.0331426320668246,0.9646215648680728,0.3201618157300647,10.01006148686417,1.5707120601869442,2.3756906077348066,1.6482412060301508,0.0172858902360851,0.4254606365159128,0.0,0.0313179981349083,0.2821926940500902,0.5050813008130082,0.0386229406279142,0.6941340782122905,0.0,45.621814639914746,0.0129079546081073,0.0126013171225937,-78.05326954263124,7510000000.0,3979000000.0,-22728000000.0,43551000000.0,9377000000.0,6185500000.0,7108000000.0,66.96145477152626,49.83580850475049,60.46213448943825,1.3440568205556715,1.805930368149259,1.4885349443910476,0.0272528074500136,1.3218098324481302,2010-09-30,,bmo,,2025-04-25,2010-09-30,,36.7409375,7390215.203125
2010-06-30,DD,USD,1666700,2010-06-30,2010-06-30 00:00:00,2010,Q2,13618000000.0,11580000000.0,2038000000.0,0.1496548686,407000000,0.0,0.0,648000000.0,125000000.0,1180000000.0,12760000000.0,10000000.0,367000000.0,734000000.0,1891000000.0,0.1388603319,858000000.0,0.0630048465,-68000000.0,790000000.0,0.0580114554,131000000.0,651000000.0,0.0478043766,1.5,1.5,375132958,380532952,,,36.301795695594414,1.7353847112521636,3.457440814891023,2.2791919018749613,8.194427960659217,56.42532747016059,7.186785225093446,54.62063399931925,58.13938640923147,12660737332.5,31035737332.5,4.862034305875576,0.9297060752313115,9.761555383577488,14.807879921052631,0.6178983568814055,0.6178983568814055,2.279023155566162,16.412341265203597,23.92886455859676,36.29910799122807,0.0514188062593233,0.0675316119074062,1.0465104929233773,0.3319658172585689,9.717080909571656,1.5044579306211134,2.337874659400545,1.968133535660091,0.0203779600843401,0.3963133640552995,0.0,0.029886914378029,0.2859553518902684,0.3407864302235929,0.0324570421500954,0.6021798365122616,0.0,46.18144428371283,0.0131128220041939,0.0141144331461526,-79.9756442621072,6733000000.0,2696000000.0,-23347000000.0,42177000000.0,9817500000.0,6551000000.0,6976500000.0,60.669701865178446,49.49222797927461,53.88341968911917,1.4834422657952069,1.818467336683417,1.6702726092600606,0.0317715959004392,1.1782489130160618,2010-06-30,,bmo,,2025-04-25,2010-06-30,,39.84396825396826,9029626.634920634
2010-03-31,DD,USD,1666700,2010-03-31,2010-03-31 00:00:00,2010,Q1,13417000000.0,11541000000.0,1876000000.0,0.1398226131,407000000,0.0,0.0,662000000.0,128000000.0,1197000000.0,12738000000.0,7000000.0,376000000.0,757000000.0,1118000000.0,0.0833271223,679000000.0,0.0506074383,-24000000.0,655000000.0,0.0488186629,103000000.0,551000000.0,0.0410673027,1.26,1.23,372499627,379299620,,,36.01882801348416,1.4791961120540935,-0.0375839302518281,-0.8268464655402192,7.846987723292405,56.622875490825656,5.849670287052395,54.81079313939823,63.296707676971714,15674784304.16,35953784304.16,7.1119710998911065,1.1682778791205188,-1119.6274502971428,-50.89215683168831,0.7677320029465642,0.7677320029465642,2.679718588668108,32.15901995005367,-2568.1274502971432,-116.73306592259742,0.035151998860601,-0.0196493931924957,1.1364059362296126,0.3434992449589909,18.138640429338103,1.429788661522979,1.805851063829787,-0.0253623188405797,0.01614057297955,0.4591651542649728,0.0,0.0303346500708056,0.2800017765670802,-21.0,0.0219124990683461,0.3883751651254953,0.0,42.71074832502913,0.0100376430360383,0.011329755515802,-86.38867710866191,6406000000.0,2179000000.0,-25143000000.0,42651000000.0,9825000000.0,6450500000.0,6933500000.0,70.13117686517104,52.51364699766051,54.743956329607485,1.283309421329507,1.7138402138402138,1.644017094017094,0.0269873144928246,0.7892625352883911,2010-03-31,,bmo,,2025-04-25,2010-03-31,,41.49262295081967,7748930.786885246
2009-12-31,DD,USD,1666700,2009-12-31,2009-12-31 00:00:00,2009,Q4,12466000000.0,10860000000.0,1606000000.0,0.1288304187,419000000,0.0,0.0,698000000.0,157000000.0,1274000000.0,12134000000.0,12000000.0,404000000.0,804000000.0,1358000000.0,0.1089363068,332000000.0,0.0266324402,-182000000.0,150000000.0,0.012032729,-28000000.0,172000000.0,0.0137975293,0.49,0.49,347732985,351299648,,,35.84934572715326,0.4946323973263566,4.03758073166398,2.3552554268039887,8.184440713900063,60.747760239081146,5.8780733728783305,59.11144725025151,65.50140763896758,13672860970.2,33199860970.2,19.873344433430237,1.0968122068185464,9.738504964529916,16.69457993919414,0.6651841873120895,0.6651841873120895,2.6632328710251887,24.447614852871872,23.64662462264957,40.53707078168498,0.0125796642249836,0.059899680234079,1.0884456336657748,0.3393087340946661,14.379234167893962,1.4924462078437355,0.8217821782178217,7.887640449438202,0.0183575332585517,1.4593023255813953,0.0,0.0336114230707524,0.2893671231630192,0.4166666666666667,0.0469276431894753,0.7276119402985075,0.0,25.64887579239105,0.0070287114346202,0.0036707428986063,-91.01020428073568,6454000000.0,2044000000.0,-25253000000.0,43675000000.0,8991000000.0,5936000000.0,6908500000.0,66.38456601957324,51.10773480662984,56.74309392265193,1.35573681348559,1.760985892654451,1.586096100481963,0.0083677937241547,1.682325304859992,2009-12-31,,bmo,,2025-04-25,2009-12-31,,37.9253125,7508117.421875
2009-09-30,DD,USD,1666700,2009-09-30,2009-09-30 00:00:00,2009,Q3,12046000000.0,10386000000.0,1660000000.0,0.1378050805,400000000,0.0,0.0,683000000.0,108000000.0,1191000000.0,11577000000.0,6000000.0,488000000.0,752000000.0,2243000000.0,0.1862028889,469000000.0,0.038934086,534000000.0,1003000000.0,0.0832641541,204000000.0,796000000.0,0.0660800266,1.92,1.89,369466297,373566293,,,32.603785779139685,2.154459030399733,1.6456169478430125,-1.004151131002891,6.985752207866473,57.50186193573158,7.210400574101621,56.10525281552271,65.4268067108703,13707199618.7,34811199618.7,4.305025005873116,1.1379046670014945,22.544736214967102,-36.9466297,0.6612571575425732,0.6612571575425732,2.8898555220571143,15.519928496968344,57.255262530756575,-93.83072673504044,0.0580716719784294,-0.0270660682211021,1.142602151575088,0.3533492466059973,9.408827463218904,1.542646343440895,0.9610655737704918,0.7647798742138365,0.0183844991690505,0.3165829145728643,0.0,0.0332060434999169,0.2772042369088467,1.6101973684210529,0.0812717914660468,1.3018617021276595,0.0,52.150940001867816,0.0064694401643554,0.0164296476707465,-89.66650075798388,6693000000.0,2664000000.0,-26758000000.0,43211000000.0,8695000000.0,5568500000.0,6827000000.0,65.65083845259836,49.436741767764296,60.39861351819757,1.370888813019233,1.8205083260297985,1.4901004304160688,0.0384003087462009,2.6497680788459035,2009-09-30,,bmo,,2025-04-25,2009-09-30,,30.2971875,10166288.875
2009-06-30,DD,USD,1666700,2009-06-30,2009-06-30 00:00:00,2009,Q2,11322000000.0,9764000000.0,1558000000.0,0.1376081964,381000000,0.0,0.0,663000000.0,112000000.0,1156000000.0,10920000000.0,9000000.0,525000000.0,763000000.0,605000000.0,0.0534357887,402000000.0,0.0355060943,-1085000000.0,-683000000.0,-0.0603250309,-248000000.0,-344000000.0,-0.0303833245,-1.41,-1.41,342032991,345166321,,,33.10206996961881,-1.005750933540794,0.4093172403945092,-0.5408834962356014,7.741943232604717,59.125875374986855,4.908883190159864,57.65233330956662,71.02531229217009,7856497803.27,28976497803.27,-5.709664101213663,0.6939143087148913,56.11784145192857,-42.46755569335135,0.3984227295131599,0.3984227295131599,2.5593091152861684,47.89503769135537,206.97498430907143,-156.62971785551352,-0.0437854128663819,-0.023547387733374,1.205334956133678,0.3592068673679119,34.90909090909091,1.6521074862945988,0.7657142857142857,-0.4216867469879518,0.0207471578407565,-0.4738372093023256,0.0,0.0336512983571807,0.2802563172530528,2.321428571428572,0.0287051757639992,0.4259501965923984,0.0,,0.0045055469474281,-0.0072232487821266,-97.95180839733672,7256000000.0,1679000000.0,-27562000000.0,43177000000.0,7568000000.0,4158500000.0,6300000000.0,68.38632750397456,50.069643588693154,61.60999590331831,1.3160525398116936,1.7974963181148749,1.4608019150209457,-0.0174451037070845,0.9502007366301106,2009-06-30,,bmo,,2025-04-25,2009-06-30,,21.449523809523807,16011456.365079366
2009-03-31,DD,USD,1666700,2009-03-31,2009-03-31 00:00:00,2009,Q1,9087000000.0,8138000000.0,949000000.0,0.104434907,292000000,0.0,0.0,443000000.0,22000000.0,758000000.0,8923000000.0,12000000.0,154000000.0,508000000.0,661000000.0,0.0727412787,146000000.0,0.0160669088,-147000000.0,-1000000.0,-0.0001100473,-25000000.0,24000000.0,0.0026411357,0.0778,0.0773,308466358,310666356,,,29.458641969637416,0.0778042706362163,-0.2496220349578607,-1.00821367366097,9.58289266669398,42.724270113112304,29.09231352872523,42.52003390269224,42.52651759191192,3701596296.0,13709596296.0,38.55829475,0.4073507533839551,-48.07267916883117,-11.902238893890676,0.2822199066788655,0.2822199066788655,1.5087043354242324,20.74069031164901,-178.04670514285715,-44.08230320257235,0.0064836892196846,-0.0840178061384141,0.9884111009454102,0.2935754885753753,15.14069591527988,1.600287120590648,0.948051948051948,-2.2,0.1048196423849025,16.166666666666668,0.0,0.0321338175415428,0.0952240766321701,-3.038961038961039,0.0257510729613733,0.4606299212598425,0.0,8.627595555401784,-0.0960684323079453,0.0006006907944135,-65.37584886323324,5854000000.0,8974000000.0,-15374000000.0,23882000000.0,6694500000.0,4209000000.0,5976000000.0,64.70452294486628,31.905873679036617,65.42639469157041,1.390938313179244,2.8207972270363952,1.3755916159567274,0.0018298261665141,0.7585916387031094,2009-03-31,,bmo,,2025-04-25,2009-03-31,,14.89377049180328,17529313.590163935
2008-12-31,DD,USD,1666700,2008-12-31,2008-12-31 00:00:00,2008,Q4,10899000000.0,10493000000.0,406000000.0,0.037251124,310000000,0.0,0.0,458000000.0,24000000.0,792000000.0,11285000000.0,0.0,0.0,555000000.0,14000000.0,0.0012845215,-386000000.0,-0.0354160932,-1214000000.0,-1600000000.0,-0.1468024589,-60000000.0,-1552000000.0,-0.1423983852,-5.0,-4.96,310133023,312999687,,,35.14298443477914,-5.004304233670724,7.251726946859187,5.020426347825591,9.028383926725532,43.56517686928167,29.94843925408098,43.56517686928167,38.228757084020685,6658556003.809999,15714556003.81,-1.072576675871456,0.6109327464730708,2.960674079061805,4.276529225311496,0.4928248096965435,0.4928248096965435,1.441834664080191,1122.4682859864286,6.987352602850155,10.092842648561335,-0.2330835693372484,0.2338344828982576,0.8775072163422396,0.2607204116638079,646.8571428571429,1.2252059810802562,0.0,-1.44909793814433,0.0651792970955965,-0.2796391752577319,0.0,0.028442976419855,0.0928662532436117,0.3076923076923077,0.0634920634920634,1.2468468468468468,0.0,,-0.0102687949143173,-0.0376233303435068,-67.72255271893442,2952000000.0,9288000000.0,-15903000000.0,21469000000.0,8228500000.0,5989000000.0,6789000000.0,56.61436829066887,47.4573525207281,51.77165729533975,1.5897024504084014,1.8964395445508768,1.7384029158383034,-0.1148693657020205,2.231300599033596,2008-12-31,,bmo,,2025-04-25,2008-12-31,,31.54484375,11047547.1875
2008-09-30,DD,USD,1666700,2008-09-30,2008-09-30 00:00:00,2008,Q3,15411000000.0,13949000000.0,1462000000.0,0.0948673026,334000000,0.0,0.0,497000000.0,21000000.0,1422000000.0,14828000000.0,23000000.0,160000000.0,538000000.0,1318000000.0,0.0855233275,570000000.0,0.036986568,50000000.0,620000000.0,0.0402310038,180000000.0,428000000.0,0.0277723704,1.39,1.37,308399691,311333022,,,49.97086718870934,1.38780943201399,3.3917024903893305,1.3553839779949717,7.367063153120993,62.250386625711634,47.83727231425793,62.0234084475785,40.74906806570049,13945834027.02,24091834027.02,8.145931090549064,0.9049272615028228,13.332537310726575,33.36323929909091,0.7290795706304893,0.7290795706304893,1.563288172540393,18.279084997739,23.032346106137663,57.63596657181818,0.0306901687751877,0.0299731087570758,0.6486302802174823,0.2473238313565234,7.6980273141122915,1.3906283129549792,3.5625,2.3348214285714284,0.0278219287027402,0.9065420560747663,0.0,0.0216728310946726,0.0886075949367088,0.6003824091778203,0.0407501135552527,1.1672862453531598,0.0,44.00823903665229,0.010071108127079,0.0093613298337707,-57.46844279425689,5527000000.0,14753000000.0,-11291000000.0,24270000000.0,10478500000.0,7141000000.0,7616000000.0,56.06969048082538,41.58362606638469,48.66155279948383,1.605145297364858,2.164313421256788,1.8495094139485548,0.0223755750731911,2.036318512394359,2008-09-30,,bmo,,2025-04-25,2008-09-30,,48.4146875,6111302.671875
2008-06-30,DD,USD,1666700,2008-06-30,2008-06-30 00:00:00,2008,Q2,16380000000.0,14621000000.0,1759000000.0,0.1073870574,335000000,0.0,0.0,514000000.0,25000000.0,1728000000.0,15518000000.0,25000000.0,151000000.0,569000000.0,1736000000.0,0.105982906,854000000.0,0.0521367521,162000000.0,1016000000.0,0.062026862,240000000.0,762000000.0,0.0465201465,2.46,2.43,309933023,313133020,,,52.85012820334411,2.458595707628096,3.1264819431648623,0.9969895979751728,6.817602008160325,65.72387738108178,51.49177020739736,64.95919603894548,37.24353051594635,15397472582.64,24678472582.64,5.051664233149607,0.9400166411868132,15.890064584767805,49.83000835805825,0.7647877903263299,0.7647877903263299,1.5066222577924298,14.215710013041477,25.467979961444787,79.86560706355986,0.0494886414578924,0.0200682286226886,0.5658371827348135,0.2184342223841389,5.346198156682028,1.4826579550983527,5.655629139072848,1.240717029449424,0.0239649720445699,0.484251968503937,0.0,0.0204517704517704,0.0845780683757406,0.6811145510835913,0.0402930402930402,1.1599297012302283,0.0,59.94530016963195,0.0158926883810592,0.0159607892421767,-55.84432350082295,6944000000.0,15959000000.0,-10452000000.0,25979000000.0,10948000000.0,7400000000.0,7689000000.0,62.3956043956044,48.24088639627932,47.33602352780248,1.442409299048961,1.8656373612351664,1.901300390117035,0.0378483087468335,2.1294923451896897,2008-06-30,,bmo,,2025-04-25,2008-06-30,,56.2165625,4589745.109375
2008-03-31,DD,USD,1666700,2008-03-31,2008-03-31 00:00:00,2008,Q1,14824000000.0,12908000000.0,1916000000.0,0.1292498651,331000000,0.0,0.0,498000000.0,22000000.0,1916000000.0,13759000000.0,24000000.0,145000000.0,574000000.0,1983000000.0,0.1337695629,1065000000.0,0.0718429574,199000000.0,1264000000.0,0.0852671344,299000000.0,941000000.0,0.0634781436,3.0,2.97,314033019,317199682,,,47.20522716752916,2.9965001864979044,1.4234171980494827,0.2802253096831196,5.330649641017526,65.62685690067515,51.63788206615305,64.25757413745082,33.365918123406,16467891516.36,25127891516.36,4.375104016036132,1.1108939231219643,36.84092061825503,187.13513086772727,0.8160905652589325,0.8160905652589325,1.695081726683756,12.671654824185577,56.21452240796421,285.5442217768182,0.0571414985983582,0.0053437320687093,0.5120670003468953,0.203979706654559,4.367120524457892,1.5022381378692928,7.344827586206897,0.4632124352331606,0.025322003098316,0.4431455897980871,0.0,0.0223286562331354,0.0867204927255858,0.8031319910514542,0.0242174851592012,0.6254355400696864,0.0,65.82040899259455,0.0202287300579531,0.020339789036832,-52.94029288047573,6732000000.0,16216000000.0,-9912000000.0,25670000000.0,10112000000.0,6749500000.0,7286500000.0,63.9908256880734,48.54896188410289,53.60396653238303,1.4064516129032258,1.8537986500071808,1.6789802289282,0.0466326378908766,1.1431918883663632,2008-03-31,,bmo,,2025-04-25,2008-03-31,,53.35639344262295,5307201.737704918
2007-12-31,DD,USD,1666700,2007-12-31,2007-12-31 00:00:00,2007,Q4,14227000000.0,12533000000.0,1694000000.0,0.1190693751,354000000,0.0,0.0,493000000.0,21000000.0,1694000000.0,13401000000.0,0.0,0.0,589000000.0,1415000000.0,0.0994587756,826000000.0,0.0580586209,-356000000.0,470000000.0,0.033035777,-27000000.0,472000000.0,0.0331763548,1.49,1.47,317699682,321866344,,,44.7812849872478,1.4856797999564886,3.871580834632375,1.4101367592807348,5.46742756890767,62.332451437581234,48.630832435016416,61.02933398592448,30.57919334020611,17822952160.2,25801952160.2,9.440122966207626,1.2527554762212694,14.490205008292683,39.783375357589286,0.9192300871731396,0.9192300871731396,1.8135905082027133,18.234595166219083,20.977196878211384,57.59364321473215,0.0264827058815773,0.0251361276164123,0.5010573005312291,0.1990737894715272,5.63886925795053,1.4989152269987946,0.0,2.6059322033898304,0.0222746488029368,0.8411016949152542,0.0,0.0248822661137274,0.089198991823938,0.6357723577235772,0.0549659098896464,1.3276740237691005,0.0,45.16720155071526,0.0226929348877575,0.0106191504679625,-52.11053374614332,6209000000.0,15450000000.0,-10344000000.0,24950000000.0,9555500000.0,6387500000.0,6828500000.0,61.260982638644826,46.93529083220299,49.441474507300725,1.4691243287897564,1.9175336597307224,1.820334059549746,0.0243437000361029,2.46144407535164,2007-12-31,,bmo,,2025-04-25,2007-12-31,,60.70125,4139297.25
2007-09-30,DD,USD,1666700,2007-09-30,2007-09-30 00:00:00,2007,Q3,13589000000.0,11864000000.0,1725000000.0,0.1269409081,329000000,0.0,0.0,476000000.0,22000000.0,1725000000.0,12691000000.0,0.0,0.0,560000000.0,1458000000.0,0.1072926632,898000000.0,0.0660828611,187000000.0,1085000000.0,0.0798439915,659000000.0,403000000.0,0.0296563397,1.27,1.26,316299683,320499679,,,42.96242054722514,1.274108137503255,4.084733780779667,2.4438848394293204,6.152393140400333,58.38766521937994,44.88464820876852,57.12304175783824,30.65763426642448,19835153120.93,27587153120.93,12.30468555888958,1.4596477386805504,15.35228569731424,25.65996522759379,1.0978056852407572,1.0978056852407572,2.0301091412855987,18.92122984974623,21.35228569731424,35.68842577093144,0.020317463522616,0.0389712141513206,0.5366947088775736,0.2034236086345423,5.316872427983539,1.5825385815848796,0.0,3.205955334987593,0.0200653858114173,0.9875930521091812,0.0,0.0242107587018912,0.0895970127336424,0.4017027863777089,0.0381926558245639,0.9267857142857144,0.0,40.46691213458841,0.0093242747690825,0.0092861422185354,-53.11023343643377,6719000000.0,14197000000.0,-10948000000.0,25200000000.0,9365500000.0,6147500000.0,6634500000.0,62.4350577673118,47.328894133513145,51.37221847606204,1.4414978253951416,1.9015867927552488,1.7519196692262256,0.0223046269647996,1.640848941350346,2007-09-30,,bmo,,2025-04-25,2007-09-30,,62.04761904761905,3926171.936507937
2007-06-30,DD,USD,1666700,2007-06-30,2007-06-30 00:00:00,2007,Q2,13265000000.0,11398000000.0,1867000000.0,0.1407463249,320000000,0.0,0.0,477000000.0,18000000.0,1867000000.0,12213000000.0,0.0,0.0,533000000.0,1585000000.0,0.1194873728,1052000000.0,0.0793064455,289000000.0,1341000000.0,0.1010931021,277000000.0,1039000000.0,0.0783264229,3.26,3.22,318266348,322666344,,,41.67892736180829,3.264561291286756,4.480523966674604,2.994347363422789,6.456856066981985,57.244506415739565,44.0574383314946,56.02225969551767,30.301664189768506,20028501279.64,27696501279.64,4.819177401260828,1.5098757089815302,14.045232313913043,21.016265770870938,1.123303492969153,1.123303492969153,2.087938279656238,17.474133299457414,19.422511416297336,29.062435760377756,0.0518760732764461,0.0475821923315237,0.5408861469433539,0.2055632526910369,4.837854889589905,1.5959104186952289,0.0,1.372473532242541,0.0178745276544443,0.3445620789220404,0.0,0.0241236336223143,0.0894596610892038,0.3316970546984572,0.0356577459479834,0.8874296435272045,0.0,64.14812748770633,0.0223803221566085,0.0243222997331335,-51.5747269642218,6732000000.0,14022000000.0,-10667000000.0,24824000000.0,9039500000.0,5729000000.0,6301500000.0,63.1255182811911,47.818915599227935,51.30110545709773,1.4257308684436802,1.8821003963011889,1.754348160689549,0.0582725743129556,1.4861766032518149,2007-06-30,,bmo,,2025-04-25,2007-06-30,,64.52873015873016,4236716.984126984
2007-03-31,DD,USD,1666700,2007-03-31,2007-03-31 00:00:00,2007,Q1,12432000000.0,10605000000.0,1827000000.0,0.1469594595,302000000,0.0,0.0,418000000.0,11000000.0,1827000000.0,11336000000.0,0.0,0.0,508000000.0,1604000000.0,0.129021879,1096000000.0,0.0881595882,237000000.0,1333000000.0,0.1072232947,335000000.0,973000000.0,0.0782657658,3.03,2.99,321066345,325299674,,,38.72096902588778,3.0305262920036045,1.6694368885035271,0.6384973174313864,7.989003020543931,55.13813663652601,43.59223636473016,53.96080987560375,30.05297861412413,20952789674.7,28224789674.7,5.383553359378212,1.685391704850386,39.0910255125,102.2087301204878,1.2093962294199134,1.2093962294199134,2.270333789792471,17.5965022909601,52.65818969160448,137.68190085219513,0.0464377304934662,0.0097839000525802,0.556940836940837,0.2096241581577232,4.533665835411472,1.63447959651536,0.0,0.5508735868448099,0.0171337566774453,0.36896197327852,0.0,0.0242921492921492,0.0805344340647403,0.6175373134328358,0.0266248391248391,0.6515748031496063,0.0,60.658199725849606,0.0222984630094587,0.0229898636675093,-50.23182981075142,6919000000.0,13996000000.0,-10503000000.0,24270000000.0,8411500000.0,5538000000.0,6082000000.0,63.52557915057915,45.844413012729845,51.81895332390382,1.4167521367521367,1.9631617919289155,1.7368162463151,0.0561616161616161,1.030939571072141,2007-03-31,,bmo,,2025-04-25,2007-03-31,,60.80098360655738,5606196.31147541
2006-12-31,DD,USD,1666700,2006-12-31,2006-12-31 00:00:00,2006,Q4,12236000000.0,10499000000.0,1737000000.0,0.1419581563,308000000,0.0,0.0,453000000.0,13000000.0,1737000000.0,11273000000.0,0.0,0.0,530000000.0,1493000000.0,0.122016999,963000000.0,0.0787021903,360000000.0,1323000000.0,0.1081235698,324000000.0,975000000.0,0.0796829029,3.04,3.0,320766345,324799675,,,38.14614653541661,3.0395956907511605,3.896917552245077,1.8393450846596768,9.07202406162654,54.33861834850536,42.806859927901726,53.20071842324979,29.75997996298521,18213113069.1,25002113069.1,4.670028992076923,1.4884858670398822,14.57049045528,30.86968316796609,1.0672788203398769,1.0672788203398769,2.043324049452435,16.746224426724716,20.00169045528,42.37646282898305,0.0535328582379563,0.0323942424209171,0.5593905654849106,0.209429367499616,4.547220361687876,1.6233374209980191,0.0,1.2820512820512822,0.0197659784263223,0.3692307692307692,0.0,0.0251716247139588,0.0811522344836664,0.528,0.053939195815626,1.2452830188679245,0.0,60.31952565665581,0.0199277408963037,0.0232796905591901,-50.4292306600931,6608000000.0,13731000000.0,-10942000000.0,24029000000.0,8186000000.0,5513000000.0,6088000000.0,59.19581562602158,48.63891799218973,51.93066006286313,1.5203777335984094,1.850370109270356,1.7330802244965335,0.0571344857896279,2.057572467585401,2006-12-31,,bmo,,2025-04-25,2006-12-31,,57.05873015873016,3411767.9523809524
2006-09-30,DD,USD,1666700,2006-09-30,2006-09-30 00:00:00,2006,Q3,12359000000.0,10600000000.0,1759000000.0,0.1423254309,291000000,0.0,0.0,420000000.0,13000000.0,1759000000.0,11324000000.0,0.0,0.0,538000000.0,1573000000.0,0.1272756696,1035000000.0,0.0837446395,-365000000.0,670000000.0,0.0542115058,137000000.0,512000000.0,0.0414272999,1.6,1.58,319699680,323299676,,,38.65815567910484,1.601503010575425,3.030969564936693,1.3888033919833764,9.912427813502973,53.63158324087156,42.14893177246846,52.524294049965896,31.92996627334753,17733741249.6,24807741249.6,8.65905334453125,1.4348848005178412,18.30107456099071,39.940858670270266,1.0560827328251547,1.0560827328251547,2.00726120637592,15.77097345810553,25.60138415851393,55.8732911027027,0.0288715163254989,0.0250370180635185,0.6079085278704145,0.2191639650471262,4.497139224411952,1.7724028548770816,0.0,1.892578125,0.0203002849163664,0.703125,0.0,0.0235455943037462,0.0788157244992163,0.541795665634675,0.0424791649809855,0.9758364312267658,0.0,43.50460709638473,0.0219575889818601,0.0119330629748753,-53.04978722531096,7792000000.0,13475000000.0,-11551000000.0,24821000000.0,8184000000.0,5309000000.0,5983500000.0,60.61655473743831,45.44150943396227,51.945283018867926,1.484742912061509,1.9805680119581464,1.7325923504413208,0.0304907098618389,1.6421661729533168,2006-09-30,,bmo,,2025-04-25,2006-09-30,,53.09269841269842,3370953.6507936507
2006-06-30,DD,USD,1666700,2006-06-30,2006-06-30 00:00:00,2006,Q2,12509000000.0,10624000000.0,1885000000.0,0.1506915021,287000000,0.0,0.0,402000000.0,12000000.0,1885000000.0,11325000000.0,0.0,0.0,512000000.0,1696000000.0,0.1355823807,1184000000.0,0.0946518507,172000000.0,1356000000.0,0.1084019506,310000000.0,1023000000.0,0.0817811176,3.19,3.15,321166345,325199674,,,38.94866381469702,3.185265255610765,3.848472977453475,2.269851780391249,9.957456781469428,53.42402859801515,42.277157029015605,52.34670525643027,31.812175089516305,17837578801.3,24892578801.3,4.359134604423264,1.4259795987928692,14.431698059304209,24.46855802647462,1.061002783803236,1.061002783803236,1.98997352316732,14.677228066804243,20.1396268618932,34.14619863004115,0.0573508328341873,0.0408687753041276,0.6077206757078277,0.2214203671196064,4.159787735849057,1.8119141845448865,0.0,1.2082111436950147,0.0201821112612975,0.3519061583577713,0.0,0.0229434806939003,0.0775848991179593,0.4101941747572815,0.0405308178111759,0.990234375,0.0,61.25037292725332,0.02434874790518,0.0240349599417334,-52.40119415376477,7796000000.0,13578000000.0,-11587000000.0,25032000000.0,7799000000.0,5129500000.0,5915500000.0,57.87512990646734,44.61031626506024,49.54913403614458,1.5550721034311288,2.017470565894417,1.8163788681825952,0.0608493932905067,1.5786211970622264,2006-06-30,,bmo,,2025-04-25,2006-06-30,,56.98777777777778,3581629.492063492
2006-03-31,DD,USD,1666700,2006-03-31,2006-03-31 00:00:00,2006,Q1,12020000000.0,9803000000.0,2217000000.0,0.1844425957,278000000,0.0,0.0,388000000.0,12000000.0,2217000000.0,10481000000.0,0.0,0.0,494000000.0,2033000000.0,0.1691347754,1539000000.0,0.1280366057,84000000.0,1623000000.0,0.1350249584,384000000.0,1214000000.0,0.1009983361,3.76,3.71,322633010,326899673,,,37.25595220402277,3.762789182669188,2.1665483020475804,1.2645947170749825,10.61267723349201,50.673674091811,39.549579877148965,49.595049186070575,32.987945033894704,18638508987.7,25892508987.7,3.838243201750412,1.5506247077953412,26.6645336018598,45.68262006789216,1.1648340096056498,1.1648340096056498,2.1541188841680534,12.73610870029513,37.04221600529328,63.46203183259804,0.0651339654261587,0.0218901630097798,0.6651459283794763,0.2335835308576946,3.568125922282342,1.7408976298537568,0.0,0.5757825370675453,0.0173833647430604,0.2668863261943986,0.0,0.0231281198003327,0.0787683258713019,0.4163090128755364,0.0242096505823627,0.5890688259109311,0.0,64.79856154502262,0.0316575314410214,0.0289219773674806,-53.1083288718659,7346000000.0,12760000000.0,-11954000000.0,24484000000.0,7740000000.0,5376500000.0,5650500000.0,56.56073211314476,45.84004896460267,54.91992247271243,1.5912099549907337,1.9633486881634288,1.638749582079572,0.0758702581088682,0.9019535849725978,2006-03-31,,bmo,,2025-04-25,2006-03-31,,60.90741935483872,3615577.370967742
2005-12-31,DD,USD,1666700,2005-12-31,2005-12-31 00:00:00,2005,Q4,11917000000.0,10029000000.0,1888000000.0,0.1584291348,283000000,0.0,0.0,392000000.0,15000000.0,1888000000.0,10719000000.0,0.0,0.0,572000000.0,1770000000.0,0.1485273139,1198000000.0,0.1005286565,569000000.0,1767000000.0,0.1482755727,629000000.0,1096000000.0,0.0919694554,3.41,3.37,321066345,325599674,,,37.11693917965771,3.4136246824624363,2.9277437970024542,1.2240460768318773,11.95391563073981,48.77496580963663,37.615278549360255,47.72845313326129,33.34513307522157,20021697274.2,26921697274.2,4.566992991377737,1.6800954329277504,21.2996779512766,50.9457945908397,1.306558161981206,1.306558161981206,2.259100216010741,15.20999846,28.64010348319149,68.50304649923665,0.0547406138945227,0.0196287055296965,0.6986426520490734,0.2330735402969478,3.8983050847457625,1.632186063959486,0.0,0.8576642335766423,0.0161324984378931,0.2947080291970803,0.0,0.0237475874800704,0.0780032220141942,0.5819148936170213,0.0459008139632457,0.9562937062937062,0.0,60.54633000940418,0.0209710868210937,0.0258789638969563,-55.53992275334869,6741000000.0,12077000000.0,-12870000000.0,23861000000.0,7861500000.0,5384500000.0,5384500000.0,59.8590249223798,51.69009871373019,47.73257553096022,1.5035326772646984,1.7411458333333334,1.885504794134236,0.0715217958757504,1.7036977201705772,2005-12-31,,bmo,,2025-04-25,2005-12-31,,63.24158730158731,2993039.111111111
2005-09-30,DD,USD,1666700,2005-09-30,2005-09-30 00:00:00,2005,Q3,11261000000.0,9610000000.0,1651000000.0,0.1466122014,264000000,0.0,0.0,379000000.0,13000000.0,1651000000.0,10266000000.0,0.0,0.0,497000000.0,1492000000.0,0.1324926738,995000000.0,0.0883580499,153000000.0,1148000000.0,0.1019447651,328000000.0,801000000.0,0.0711304502,2.49,2.46,321733011,326133007,,,35.001071121048255,2.489641947247993,3.3941186097313465,2.1508517197198644,9.977216792342144,46.61007570653047,35.374051188051695,45.57505602059591,33.851049247787635,19078767552.3,26790767552.3,5.954671520692884,1.694233864869905,17.471398857417583,27.57047334147399,1.3011503479710835,1.3011503479710835,2.379075353192434,17.95627852030831,24.533669919688645,38.714982011994216,0.0419838439670825,0.0362706866731848,0.7427538702857532,0.2381223079782233,5.168900804289544,1.7321134868421053,0.0,1.3632958801498127,0.0150429003976937,0.3583021223470661,0.0,0.0234437438948583,0.0790388525701292,0.3663003663003663,0.0355208240831187,0.8048289738430584,0.0,50.52697648171408,0.0192443823810426,0.019016191064052,-58.92541129390046,7122000000.0,11381000000.0,-13891000000.0,24067000000.0,7540500000.0,4984500000.0,5326500000.0,62.31506970961726,46.9105098855359,51.04058272632675,1.444273438501988,1.918546616091036,1.763302752293578,0.054627293186933,1.2432668900114825,2005-09-30,,bmo,,2025-04-25,2005-09-30,,64.7990625,2912527.046875
2005-06-30,DD,USD,1666700,2005-06-30,2005-06-30 00:00:00,2005,Q2,11450000000.0,9300000000.0,2150000000.0,0.1877729258,271000000,0.0,0.0,383000000.0,13000000.0,2150000000.0,9967000000.0,0.0,0.0,493000000.0,1976000000.0,0.1725764192,1483000000.0,0.1295196507,120000000.0,1603000000.0,0.14,317000000.0,1265000000.0,0.1104803493,3.94,3.89,321366345,325399674,,,35.629119782284604,3.936317600400876,4.256824092765532,3.124160372175873,9.960594971449172,44.73710524977344,33.43225003850357,43.69779293472688,35.4455286847165,20364985282.65,28593985282.65,4.024700648745059,1.7786013347292575,14.886685148135964,20.28384988311753,1.4501876580965605,1.4501876580965605,2.497291291061136,14.470640325227732,20.902036025328947,28.48006502255976,0.0621164210257357,0.0493003056994772,0.8111514633625294,0.2537705794550761,4.164473684210527,1.6802216182312355,0.0,1.0814229249011855,0.0175791926697339,0.2830039525691699,0.0,0.0236681222707423,0.0809365740637601,0.2660818713450292,0.0317903930131004,0.7383367139959433,0.0,62.21084155612963,0.0324274443376095,0.0306636932176273,-59.88337079914202,6507000000.0,10744000000.0,-14437000000.0,23548000000.0,7536000000.0,5142000000.0,5206500000.0,57.25414847161572,48.0,50.351612903225806,1.571938495332235,1.875,1.7874303286565445,0.0900804671366517,1.132663720589659,2005-06-30,,bmo,,2025-04-25,2005-06-30,,65.9384375,3435233.84375
2005-03-31,DD,USD,1666700,2005-03-31,2005-03-31 00:00:00,2005,Q1,11679000000.0,9337000000.0,2342000000.0,0.2005308674,255000000,0.0,0.0,391000000.0,14000000.0,2342000000.0,9997000000.0,0.0,0.0,517000000.0,2199000000.0,0.1882866684,1682000000.0,0.1440191797,199000000.0,1881000000.0,0.1610583098,508000000.0,1353000000.0,0.1158489597,4.23,4.18,319699680,323899676,,,36.531159493184354,4.232096822868262,3.3594027995273565,2.46481322721374,10.63810886516996,42.92465979321593,31.48579942275826,41.86428963582322,38.95218162245267,22679495299.2,31775495299.2,4.190594105543237,1.941903870125867,21.116848509497206,28.781085405076144,1.6945229601912732,1.6945229601912732,2.7207376743899307,14.449975124693042,29.586122252513967,40.32423261319797,0.0596574122197386,0.0347450412632328,0.930439330543933,0.2708822761681023,4.136425648021828,1.616065416065416,0.0,0.7937915742793792,0.0140655687347351,0.2357723577235772,0.0,0.0218340611353711,0.0795484207778647,0.2662942271880819,0.024488397979279,0.5531914893617021,0.0,63.13801438980001,0.0330447260947058,0.0319744771357674,-63.81614144874965,6404000000.0,10066000000.0,-15450000000.0,23469000000.0,7572500000.0,5609500000.0,5083500000.0,60.015412278448494,51.31841062439756,50.2195566027632,1.4996147919876734,1.7537565740045078,1.7921305182341651,0.1010908547519426,0.8945895723136164,2005-03-31,,bmo,,2025-04-25,2005-03-31,,73.37360655737704,2906033.8360655736
2004-12-31,DD,USD,1666700,2004-12-31,2004-12-31 00:00:00,2004,Q4,10936000000.0,9295000000.0,1641000000.0,0.1500548647,261000000,0.0,0.0,385000000.0,17000000.0,1641000000.0,9958000000.0,0.0,0.0,513000000.0,1491000000.0,0.1363386979,978000000.0,0.0894294075,255000000.0,1233000000.0,0.112746891,175000000.0,1026000000.0,0.0938185808,3.27,3.23,313366353,317933015,,,34.89844999408727,3.274123051749592,3.580473746650139,2.0423379660036445,10.186160605443176,40.58827592125055,28.82249454522643,39.15544819197612,40.18938178726546,22076659568.85,31562659568.85,5.37930301385234,2.0187142985415143,19.676167173663103,34.494780576328125,1.7992387586674816,1.7992387586674816,2.886124686251829,21.16878576046278,28.13071262820856,49.31665557632813,0.0464744223101432,0.0289898930589587,1.0264058679706602,0.2744687806472703,6.362173038229376,1.512469065296021,0.0,1.0935672514619883,0.0142231662820516,0.3060428849902534,0.0,0.0238661302121433,0.0803530565544295,0.4295900178253119,0.0440746159473299,0.9395711500974658,0.0,53.7074901606476,0.0230902546255756,0.0243139485283662,-70.13436442552593,5384000000.0,9032000000.0,-17276000000.0,22899000000.0,7129000000.0,5794000000.0,4829500000.0,60.54590343818581,57.07907477138247,47.99677245831092,1.4864754655430203,1.5767599660729432,1.875126084325197,0.0836185819070904,1.5381357806464946,2004-12-31,,bmo,,2025-04-25,2004-12-31,,67.73453125,2568096.71875
2004-09-30,DD,USD,1666700,2004-09-30,2004-09-30 00:00:00,2004,Q3,10072000000.0,8697000000.0,1375000000.0,0.136517077,248000000,0.0,0.0,341000000.0,19000000.0,1375000000.0,9305000000.0,0.0,0.0,559000000.0,1326000000.0,0.1316521048,767000000.0,0.0761517077,93000000.0,860000000.0,0.0853852264,214000000.0,617000000.0,0.0612589357,1.97,1.95,313633019,317133016,,,32.113965653597205,1.9672673558647216,2.643216593212081,1.6197274177946168,7.779793109092254,34.856023880572344,23.09705790256733,33.52006760487167,39.673756416571685,20163466791.51,30204466791.51,8.169962233188818,2.00193276325556,24.32263786671894,39.69186376281497,1.917955558975554,1.917955558975554,2.9988549237003577,22.778632572782808,36.43482122015682,59.45761179431103,0.0305998966536743,0.0251940802270122,1.1835822315228763,0.2870423769867817,7.572398190045249,1.456451286206198,0.0,1.3435980551053484,0.0140352848508749,0.4586709886547812,0.0,0.0246227164416203,0.0850769337239613,0.3872135102533172,0.0318705321683876,0.5742397137745975,0.0,38.51903467407327,0.0168793209054321,0.0155568442550616,-71.58127059319605,4507000000.0,7244000000.0,-18036000000.0,21677000000.0,6741500000.0,5544500000.0,4531000000.0,61.66501191421764,58.91341842014488,48.65815798551225,1.4594986233879148,1.5276655541893551,1.8496384517226712,0.0586892418909921,1.0234891754174646,2004-09-30,,bmo,,2025-04-25,2004-09-30,,58.0909375,2081629.0
2004-06-30,DD,USD,1666700,2004-06-30,2004-06-30 00:00:00,2004,Q2,9844000000.0,8345000000.0,1499000000.0,0.1522754978,262000000,0.0,0.0,347000000.0,16000000.0,1499000000.0,8970000000.0,0.0,0.0,502000000.0,1376000000.0,0.139780577,874000000.0,0.0887850467,126000000.0,1000000000.0,0.1015847217,284000000.0,685000000.0,0.0695855343,2.19,2.17,312666354,315966350,,,31.48404001282466,2.1908337473369457,1.9957376034135097,0.9434977452035022,7.474421120476557,32.95205853841248,21.0799784360552,31.656748074658523,40.25057329961381,18109635223.68,28400635223.68,6.609355921051095,1.839662253522958,29.02185132,61.388593978576274,1.8296257045544555,1.8296257045544555,2.885070624104023,20.63999652883721,45.51383849948718,96.27333974128814,0.0378251682896572,0.0162896710152538,1.2714689836330573,0.2983358619381756,7.4789244186046515,1.5256179775280898,0.0,0.910948905109489,0.0190506322042799,0.5036496350364964,0.0,0.02661519707436,0.0879954485112839,0.5272435897435898,0.0334213734254368,0.6553784860557769,0.0,39.502912807670015,0.0186090162959438,0.0178051569972967,-71.72981586627643,4678000000.0,6591000000.0,-18303000000.0,21938000000.0,6481000000.0,5310000000.0,4342500000.0,60.17675741568468,58.19532654284002,47.022168963451165,1.4955940443634157,1.546515937731653,1.913990825688073,0.0692059001818549,1.0522398582100074,2004-06-30,,bmo,,2025-04-25,2004-06-30,,56.59467741935484,2187695.85483871
2004-03-31,DD,USD,1666700,2004-03-31,2004-03-31 00:00:00,2004,Q1,9309000000.0,7907000000.0,1402000000.0,0.1506069395,251000000,0.0,0.0,363000000.0,29000000.0,1402000000.0,8550000000.0,0.0,0.0,514000000.0,1273000000.0,0.1367493823,759000000.0,0.0815339994,-56000000.0,703000000.0,0.0755183156,204000000.0,469000000.0,0.0503813514,1.51,1.49,310566356,314399685,,,29.97427061931976,1.5101442604426862,0.3058927606440409,-0.3413119224028246,6.352909650007292,31.78708771661023,19.5578171384411,30.521657664682778,42.19388142610013,17801663525.920002,28979663525.92,9.489159662004264,1.9123067489440329,187.38593185178948,-167.94022194264153,1.878010710615044,1.878010710615044,3.1130801939972077,22.764857443770623,305.0490897465264,-273.3930521313208,0.0263458524152597,-0.0059544996930011,1.3824243063614303,0.312879041115515,8.780832678711704,1.38598512621766,0.0,0.2025586353944563,0.017414102875758,0.6609808102345416,0.0,0.0269631539370501,0.0906833484551836,2.1157894736842104,0.0215920077344505,0.3910505836575875,0.0,32.203608310003666,0.0160151499518794,0.0123148828904526,-74.34643049358507,3685000000.0,6074000000.0,-18778000000.0,21419000000.0,6100000000.0,5054000000.0,4187500000.0,61.68224299065421,59.46123687871506,49.228531680789175,1.459090909090909,1.5135911179173047,1.828208092485549,0.0494777930161409,0.6472046830468655,2004-03-31,,bmo,,2025-04-25,2004-03-31,,58.82741935483871,2530281.3870967743
2003-12-31,DD,USD,1666700,2003-12-31,2003-12-31 00:00:00,2003,Q4,8332000000.0,7183000000.0,1149000000.0,0.1379020643,251000000,0.0,0.0,349000000.0,19000000.0,1149000000.0,7802000000.0,0.0,0.0,502000000.0,1032000000.0,0.1238598176,530000000.0,0.0636101776,-20000000.0,510000000.0,0.0612097936,-442000000.0,929000000.0,0.1114978397,3.03,3.01,306266360,308699691,,,27.205077305911104,3.033307347238528,3.428388282670026,2.2888573201444653,7.947330552398899,31.18527284550612,18.761446735449496,29.957583327140465,42.80261142621083,18115655194.0,28832655194.0,4.875041763724435,2.174226499519923,17.253004946666668,25.842589435092723,1.9744583317711173,1.9744583317711173,3.460472298847816,27.938619374031006,27.45967161333333,41.13074920684736,0.0512816119566953,0.0386958126820704,1.4287738419618528,0.3129311785347688,10.38468992248062,1.3637507866582756,0.0,1.1302475780409045,0.0170570700695574,0.3326157158234661,0.0,0.0301248199711953,0.0908309660786326,0.3323809523809524,0.0418867018722995,0.6952191235059761,0.0,45.21711563405859,0.0293544590491449,0.0243921651000367,-76.78283700501746,3468000000.0,5746000000.0,-19338000000.0,21490000000.0,5574000000.0,4736000000.0,4108500000.0,62.8660585693711,61.19448698315468,50.74481414450787,1.431615120274914,1.470720720720721,1.7735802469135802,0.1012534059945504,1.1395309625255612,2003-12-31,,bmo,,2025-04-25,2003-12-31,,53.45171875,2037464.65625
2003-09-30,DD,USD,1666700,2003-09-30,2003-09-30 00:00:00,2003,Q3,7977000000.0,6861000000.0,1116000000.0,0.1399022189,247000000,0.0,0.0,334000000.0,14000000.0,1116000000.0,7456000000.0,0.0,0.0,466000000.0,987000000.0,0.1237307258,521000000.0,0.0653127742,-39000000.0,482000000.0,0.0604237182,127000000.0,332000000.0,0.0416196565,1.08,1.08,306599693,308833024,,,26.017638576043844,1.0828451808006214,3.483369437033324,2.6484044783436884,8.52251342600007,27.162453812372213,14.71625739690483,25.96219168425586,42.89632475268004,14195565785.9,24781565785.9,10.68943206769578,1.7795619638836655,13.291728263951311,17.482223874261084,1.7833625359170855,1.7833625359170855,3.106627276657892,25.107969387943264,23.203713282677903,30.519169687068967,0.0233875848985015,0.0572009606553712,1.6522613065326632,0.3263118719761816,10.725430597771023,1.3373757238064024,0.0,3.216867469879518,0.021696916110658,0.927710843373494,0.0,0.0309640215619907,0.0946780796427242,0.2397003745318352,0.03209226526263,0.5493562231759657,0.0,25.150412886017687,0.0117674282066313,0.0090986324645783,-75.94430304925322,3088000000.0,4512000000.0,-19736000000.0,20414000000.0,5424500000.0,3583000000.0,4201000000.0,60.11282437006394,60.18364669873197,54.66112811543507,1.4971846846846846,1.4954228421970357,1.646508279337653,0.0417085427135678,0.8349649586896357,2003-09-30,,bmo,,2025-04-25,2003-09-30,,47.286875,2498547.40625
2003-06-30,DD,USD,1666700,2003-06-30,2003-06-30 00:00:00,2003,Q2,8242000000.0,6970000000.0,1272000000.0,0.1543314729,246000000,0.0,0.0,354000000.0,15000000.0,1272000000.0,7585000000.0,0.0,0.0,465000000.0,1122000000.0,0.1361320068,657000000.0,0.0797136617,-47000000.0,610000000.0,0.0740111623,186000000.0,393000000.0,0.0476826013,1.29,1.28,305766360,307299692,,,26.95522162738897,1.2852950860912231,2.734113720031203,1.8445456197339696,7.675795336020614,26.834214201980885,14.36390844303474,25.673197012254715,44.09248944193861,13472065821.6,24678065821.6,8.570016425954199,1.6345627058480952,16.11491126985646,23.886641527659577,1.7161867288662422,1.7161867288662422,2.994184156952196,21.99471107094474,29.51921748995215,43.75543585390071,0.0291714726756973,0.0418644035345885,1.717452229299363,0.332913549151789,9.98752228163993,1.2777719828935017,0.0,2.127226463104326,0.0227136657474895,0.7786259541984732,0.0,0.0298471244843484,0.0941551226016742,0.3253588516746411,0.0330016986168405,0.5849462365591398,0.0,27.24787632444617,0.0139415329240144,0.0107131174353941,-77.4668279401305,2663000000.0,4392000000.0,-20042000000.0,20130000000.0,5398500000.0,2738000000.0,4232000000.0,60.28755156515409,33.2883787661406,54.68436154949784,1.4928454990038036,2.703646237393328,1.6458087367178276,0.0500636942675159,0.8895681002972334,2003-06-30,,bmo,,2025-04-25,2003-06-30,,44.2215873015873,2534611.1428571427
2003-03-31,DD,USD,1666700,2003-03-31,2003-03-31 00:00:00,2003,Q1,8081000000.0,7163000000.0,918000000.0,0.113599802,237000000,0.0,0.0,355000000.0,15000000.0,607000000.0,7770000000.0,0.0,0.0,470000000.0,781000000.0,0.0966464546,311000000.0,0.038485336,-162000000.0,149000000.0,0.0184383121,47000000.0,76000000.0,0.0094047766,0.25,0.25,304866361,305899694,,,26.5066961585834,0.2492895567445042,2.709383866723164,1.9779158252228424,6.678336020155402,25.84411075776248,13.314030405604507,24.72886800390549,44.07176953183103,11978199323.69,23483199323.69,39.401971459506576,1.482266962466279,14.501451965726393,19.86434382038143,1.588831320293142,1.588831320293142,2.905976899355278,30.06811693174136,28.430023394297823,38.94394581043118,0.0063448601869306,0.0503414564831469,1.7821992306671972,0.3368516057863464,14.73111395646607,1.2921224174124406,0.0,9.717647058823529,0.0255464107526417,4.026315789473684,0.0,0.0293280534587303,0.09577055180886,0.2699757869249394,0.0275955946046281,0.474468085106383,0.0,11.777291379109904,0.0066062410047184,0.0021071893975101,-78.3966454075266,2644000000.0,4059000000.0,-20313000000.0,20130000000.0,5380500000.0,2866000000.0,4218500000.0,58.76005444870684,36.41211782772581,53.13555772720927,1.531652767247915,2.4717046238785367,1.6937810357058407,0.0100809125878763,0.7314680415003215,2003-03-31,,bmo,,2025-04-25,2003-03-31,,40.52770491803279,2265713.4918032787
2002-12-31,DD,USD,1666700,2002-12-31,2002-12-31 00:00:00,2002,Q4,7089000000.0,6461000000.0,628000000.0,0.0885879532,282000000,0.0,0.0,413000000.0,16000000.0,711000000.0,7172000000.0,0.0,0.0,520000000.0,437000000.0,0.0616448018,-83000000.0,-0.0117082804,-1145000000.0,-1228000000.0,-0.173226125,-482000000.0,-809000000.0,-0.1141204683,-2.67,-2.67,303499696,303499696,,,23.3575192773834,-2.6655710389904312,2.5205956054730283,0.7512363373174515,5.1828717482471545,26.33281056070646,13.805615146316324,25.12687854553897,42.95226707574693,12825897152.96,24377897152.96,-3.963503446526575,1.809267478200028,16.76587863132026,56.2539348814035,1.6818643001521112,1.6818643001521112,3.438834412887572,55.784661677254,31.8665322260915,106.92060154807017,-0.0630755096779562,0.0177765342479283,1.7094151586677158,0.3295081138466205,26.43478260869565,1.318992773261066,0.0,-0.945611866501854,0.0237800129193778,-0.377008652657602,0.0,0.0397799407532797,0.0961023204084727,0.7019607843137254,0.0757511637748624,1.0326923076923078,0.0,,-0.0015716056510997,-0.0226230425055928,-78.35016085156144,2825000000.0,4190000000.0,-19889000000.0,20424000000.0,5348000000.0,3330000000.0,4344000000.0,69.6360558611934,39.476861167002006,58.616313264200585,1.2924339106654512,2.279816513761468,1.5354087452471483,-0.1060844479412536,1.7693592681555768,2002-12-31,,bmo,,2025-04-25,2002-12-31,,39.9275,2308700.796875
2002-09-30,DD,USD,1666700,2002-09-30,2002-09-30 00:00:00,2002,Q3,7041000000.0,6008000000.0,1033000000.0,0.1467121148,262000000,0.0,0.0,389000000.0,16000000.0,1033000000.0,6675000000.0,0.0,0.0,452000000.0,818000000.0,0.1161766794,366000000.0,0.0519812527,-171000000.0,195000000.0,0.0276949297,67000000.0,128000000.0,0.0181792359,0.42,0.42,303899696,305966360,,,23.168828704586797,0.4211916026398394,2.6423191946858675,1.332676555227617,1.8032265488018129,33.359691152833534,20.888471043419536,32.15534641403524,39.44722603473746,11809542186.56,23297542186.56,23.065512083125,1.6772535416219283,14.706777318256538,29.159363423604937,1.2085082057470322,1.2085082057470322,3.3088399640051125,28.48110291755501,29.013128501320047,57.52479552237036,0.0108386928111126,0.0342943014726612,1.226770364306181,0.3258671305860606,14.0440097799511,1.2748489515460253,0.0,6.2734375,0.0258265727139794,2.3828125,0.0,0.0372106234909813,0.1030227248015657,0.4956413449564134,0.0565260616389717,0.8805309734513275,0.0,17.45652148955373,0.0080148841983704,0.0038790229710891,-65.65899954042732,2320000000.0,6348000000.0,-15889000000.0,19798000000.0,5462500000.0,3807500000.0,4417500000.0,66.6084363016617,57.31358189081225,67.11051930758988,1.351180195739781,1.570308416100366,1.3410714285714285,0.013098649201801,1.3096426394582508,2002-09-30,,bmo,,2025-04-25,2002-09-30,,42.11578125,2250145.34375
2002-06-30,DD,USD,1666700,2002-06-30,2002-06-30 00:00:00,2002,Q2,7217000000.0,5990000000.0,1227000000.0,0.1700152418,272000000,0.0,0.0,405000000.0,19000000.0,1227000000.0,6686000000.0,0.0,0.0,437000000.0,968000000.0,0.1341277539,531000000.0,0.0735762782,-182000000.0,349000000.0,0.0483580435,111000000.0,238000000.0,0.0329776916,0.78,0.78,303566363,306433026,,,23.774043766502547,0.7840130825034788,1.2880214926842866,0.0,1.1957846594485833,34.27916023752605,21.797540197166047,33.10972895900196,39.20724247040506,14917251077.82,26520251077.82,15.669381384264709,2.0669601050048496,38.15153728342711,0.0,1.4841559126275994,1.4841559126275994,3.674691849497021,27.396953592789256,67.82672909928388,0.0,0.0159546821836279,0.0,1.1841607800218883,0.3207653954992588,11.986570247933884,1.1624203821656052,0.0,1.6428571428571428,0.0203790898479954,1.2773109243697478,0.0,0.0376887903561036,0.1021156178412612,1.0,0.0541776361368989,0.8947368421052632,0.0,24.16744431864985,0.0119703353006682,0.0071437147316604,-65.46509238904048,1530000000.0,6617000000.0,-15749000000.0,19056000000.0,5470500000.0,3626000000.0,4330000000.0,71.25675488430095,56.92988313856428,65.43405676126878,1.2630381519075953,1.5808920559514383,1.375430539609644,0.0236792358969256,1.2880214926842866,2002-06-30,,bmo,,2025-04-25,2002-06-30,,46.43296875,1776841.84375
2002-03-31,DD,USD,1666700,2002-03-31,2002-03-31 00:00:00,2002,Q1,6305000000.0,5321000000.0,984000000.0,0.1560666138,250000000,0.0,0.0,391000000.0,14000000.0,655000000.0,5976000000.0,0.0,0.0,416000000.0,711000000.0,0.1127676447,295000000.0,0.0467882633,-233000000.0,62000000.0,0.0098334655,24000000.0,105000000.0,0.0166534496,0.35,0.34,302433030,305033028,,,20.84759062196348,0.3471843006036741,0.4926710551423566,-0.4893645379937502,0.9820355931361068,33.71655536433967,21.538652706022223,32.55266132803021,37.61824559969524,14017770940.5,25160770940.5,33.37564509642857,2.2232784996827912,94.07899960067114,-94.71466851689188,1.4238467181818182,1.4238467181818182,3.990606017525774,35.387863488748245,168.8642345,-170.00520905743244,0.0074904919224093,-0.0105580267096817,1.1556119857795837,0.3218296512121298,15.672292545710269,1.222989874925551,0.0,3.9210526315789473,0.0216154195475241,2.8857142857142857,0.0,0.0396510705789056,0.1041837571780147,1.9932885906040267,0.0471054718477398,0.7139423076923077,0.0,15.946469562542989,0.006184800287778,0.003315649867374,-62.11044474871015,1872000000.0,6514000000.0,-14887000000.0,18982000000.0,5162500000.0,3551000000.0,4372500000.0,74.6122125297383,58.57357639541439,72.81526028941929,1.2062368471398508,1.5365290210799885,1.2360046457607434,0.0106653123412899,0.9820355931361068,2002-03-31,,bmo,,2025-04-25,2002-03-31,,43.897666666666666,4060453.5166666666
2001-12-31,DD,USD,1666700,2001-12-31,2001-12-31 00:00:00,2001,Q4,6346000000.0,5420000000.0,926000000.0,0.1459186889,268000000,0.0,0.0,394000000.0,60000000.0,722000000.0,6142000000.0,0.0,0.0,499000000.0,703000000.0,0.1107784431,204000000.0,0.0321462338,-252000000.0,-48000000.0,-0.0075638197,-28000000.0,-37000000.0,-0.0058304444,-0.12,-0.12,300599699,300599699,,,21.11113225033536,-0.1230872822663737,4.530942660724354,2.5715261943758634,0.8782443923870995,34.431172201539695,24.018653458465373,33.24354626183441,36.204294402836375,14449827530.93,25112827530.93,-97.63396980358108,2.27699771997006,10.60927131492658,18.693179212069857,1.4459949495576905,1.4459949495576905,3.957268756843681,35.722372021237554,18.4381993619163,32.48748710340233,-0.0025605841952646,0.0534954481875569,1.0890623436405484,0.3064339011685203,15.167852062588905,1.268676923076923,0.0,-36.810810810810814,0.0210383133881207,-8.216216216216216,0.0,0.0422313268200441,0.0881317753062086,0.4324522760646108,0.092814371257485,1.1803607214428855,0.0,,0.002930327162409,-0.0011425042457928,-62.73293041454443,2183000000.0,7220000000.0,-14857000000.0,18892000000.0,5986000000.0,3112000000.0,4576500000.0,72.30066183422629,60.42619926199262,73.7269372693727,1.2448018830914085,1.4894201703764771,1.220720720720721,-0.0037025918142699,1.959416466348491,2001-12-31,,bmo,,2025-04-25,2001-12-31,,50.361875,1792316.0625
2001-09-30,DD,USD,1666700,2001-09-30,2001-09-30 00:00:00,2001,Q3,6729000000.0,5639000000.0,1090000000.0,0.1619854362,261000000,0.0,0.0,433000000.0,50000000.0,1090000000.0,6383000000.0,0.0,0.0,453000000.0,799000000.0,0.118739783,346000000.0,0.0514192302,-266000000.0,80000000.0,0.0118888394,20000000.0,57000000.0,0.008470798,0.19,0.19,300933032,304533028,,,22.36045659487457,0.1894109118602839,1.0832974959026764,-0.0764289644348514,1.821003152621677,35.5726984467428,24.60348055111477,34.343189018877794,40.05542336076952,13957274024.16,25531274024.16,61.21611414105264,2.0741973583236737,42.8137240004908,-606.8380010504347,1.3504861174804066,1.3504861174804066,3.7942151915827016,31.95403507404255,78.31679148515337,-1110.0553923547825,0.004083892019411,-0.0016478862534465,1.1663280116110304,0.3167770419426048,14.485607008760953,1.2070635146681856,0.0,5.719298245614035,0.0215658157516267,5.280701754385965,0.0,0.03878733838609,0.0867497109218963,1.0705521472392638,0.0518650616733541,0.7704194260485652,0.0,12.098013549163928,0.0084083986779858,0.0016402405686167,-64.09067117630343,2181000000.0,7404000000.0,-14633000000.0,19101000000.0,6639500000.0,3044000000.0,4644500000.0,91.93936691930448,41.25731512679553,75.22078382691967,0.97890602269421,2.181431334622824,1.1964778272862295,0.0055152394775036,1.159726460337528,2001-09-30,,bmo,,2025-04-25,2001-09-30,,48.82966101694915,1721226.6610169492
2001-06-30,DD,USD,1666700,2001-06-30,2001-06-30 00:00:00,2001,Q2,7344000000.0,6137000000.0,1207000000.0,0.1643518519,271000000,0.0,0.0,456000000.0,35000000.0,1207000000.0,6899000000.0,0.0,0.0,429000000.0,874000000.0,0.1190087146,445000000.0,0.0605936819,-50000000.0,395000000.0,0.0537854031,120000000.0,280000000.0,0.0381263617,0.93,0.92,300299699,304233029,,,24.45556896811941,0.9324018669762304,2.281054567423992,1.0289720603416257,1.008992020334992,36.56680321880709,25.36799079508901,35.2581105983726,40.34969079339637,14210181756.68,26124181756.68,12.68766228275,1.934937603033769,20.744790885664237,45.98764322550162,1.3421025459652436,1.3421025459652436,3.557214291486928,29.890368142654463,38.137491615591244,84.54427752970874,0.0197041814661079,0.0217449716893834,1.1444087646392145,0.3279562616721249,13.63157894736842,1.1779944838455476,0.0,2.446428571428572,0.0106261835763653,0.5392857142857143,0.0,0.0369008714596949,0.0910222751508918,0.5489051094890511,0.05119825708061,0.8764568764568764,0.0,27.197084096084325,0.0101467306384003,0.0083373034778465,-61.842386328865416,1807000000.0,7618000000.0,-14007000000.0,18637000000.0,6301000000.0,3623000000.0,4476500000.0,78.49264705882354,51.37200586605833,67.10770734886752,1.1466042154566745,1.7519269197830432,1.3411276223776225,0.0264450321118247,1.2520825070823665,2001-06-30,,bmo,,2025-04-25,2001-06-30,,50.04555555555555,1892852.492063492
2001-03-31,DD,USD,1666700,2001-03-31,2001-03-31 00:00:00,2001,Q1,7386000000.0,6456000000.0,930000000.0,0.1259138911,272000000,0.0,0.0,452000000.0,33000000.0,757000000.0,7213000000.0,0.0,120000000.0,434000000.0,607000000.0,0.0821825074,173000000.0,0.0234226916,-1230000000.0,-1057000000.0,-0.1431085838,-340000000.0,-685000000.0,-0.0927430273,-2.28,-2.28,299366367,299366367,,,24.67211021069712,-2.28816619202918,-1.9507869432774323,-2.862713031487602,1.6367904147362018,36.73091306212097,29.29520803517651,35.34131140389595,35.58181938320413,13447537205.64,23735537205.64,-4.907860294029198,1.8206792858976444,-23.026604804178085,-15.69140864135356,1.271033762347826,1.271033762347826,3.213584782783645,39.10302669792421,-40.64304316034247,-27.696076085927658,-0.0509386952811482,-0.0637291413955387,0.9954631379962192,0.2972622071690657,16.948929159802308,1.2037492317148126,1.4416666666666669,0.8145048814504882,0.0228294590530109,-0.4481751824817518,0.0,0.0368264283780124,0.0628281117696867,-0.4674657534246575,0.0369618196588139,0.6290322580645161,0.0,,0.0040381246155079,-0.020630044572943,-57.14653309735358,1989000000.0,8770000000.0,-12683000000.0,17195000000.0,6308000000.0,4156000000.0,3920000000.0,75.51177904142973,52.17936802973978,61.01765799256506,1.191867032435049,1.724819663371627,1.474982864976011,-0.0647448015122873,0.9119260882101696,2001-03-31,,bmo,,2025-04-25,2001-03-31,,46.29451612903226,2301450.3387096776
2000-12-31,DD,USD,1666700,2000-12-31,2000-12-31 00:00:00,2000,Q4,6483000000.0,5151000000.0,1332000000.0,0.205460435,239000000,0.0,0.0,408000000.0,329000000.0,1332000000.0,6127000000.0,0.0,0.0,329000000.0,685000000.0,0.1056609594,356000000.0,0.054912849,9000000.0,365000000.0,0.0563010952,122000000.0,243000000.0,0.0374826469,1.08,1.07,225333108,227666439,,,28.770738829910428,1.0784034452673503,2.00148129142212,2.0281085369842766,1.9571025488185247,44.80477853258918,36.43050980329087,52.544431242656096,28.952691674585164,11163002170.32,17409002170.32,11.484570134074074,1.7218883495788986,24.751667783414632,24.42670059150985,0.94282112925,0.94282112925,2.68533120011106,25.41460170849635,38.60089173019956,38.094096652778994,0.0217683376113716,0.0409388077711803,0.5510135135135135,0.2359920419605715,9.11824817518248,1.113044333038435,0.0,1.8559670781893003,0.0176475823433753,0.8106995884773662,0.0,0.0368656486194663,0.0682582745523602,0.0133037694013303,0.0009254974548819,0.0182370820668693,0.0,35.70633211123916,0.0105939665286108,0.0094339622641509,-46.87393740648179,1150000000.0,8209000000.0,-6226000000.0,12227000000.0,5876000000.0,3871000000.0,3388500000.0,89.11152244331329,79.83110075713454,60.50669772859639,1.00997040037389,1.1273801707156927,1.4874386370199248,0.0205236486486486,0.0266272455621568,2000-12-31,,bmo,,2025-04-25,2000-12-31,,43.184285714285714,2431338.619047619
2000-09-30,DD,USD,1666700,2000-09-30,2000-09-30 00:00:00,2000,Q3,5514000000.0,4081000000.0,1433000000.0,0.2598839318,222000000,0.0,0.0,392000000.0,341000000.0,1264000000.0,5036000000.0,0.0,0.0,441000000.0,950000000.0,0.1722887196,509000000.0,0.0923104824,41000000.0,550000000.0,0.0997461008,177000000.0,357000000.0,0.0647442873,1.2,1.2,298699701,300766365,,,18.46001178287085,1.1951803058550767,-0.3582193073571239,-2.926015650748844,1.0043531981975435,33.87013768721516,27.726843958240185,32.51760871364247,21.14498266605228,10600852388.49,16706852388.49,7.423566098382354,1.9225339841294888,-99.07338680831776,-12.1291217259611,1.0914086676093897,1.0914086676093897,3.029897059936525,17.58616040893684,-156.13880736906543,-19.11539174884439,0.0336765372176691,-0.0824462003592235,0.6502625347472459,0.2331315517495939,6.427368421052631,1.2128260285022856,0.0,-0.299719887955182,0.0185834112937837,0.5518207282913166,0.0,0.0402611534276387,0.0677321718588513,-7.168224299065421,0.1391004715270221,1.7392290249433109,0.0,29.57108595200818,0.016298137179157,0.0141346953319871,-36.88738208680028,1583000000.0,8282000000.0,-7954000000.0,12277000000.0,5015500000.0,3069000000.0,3222000000.0,87.04570184983679,69.9754962019113,73.0850281793678,1.0339396212263263,1.2861645130791048,1.2314423657211828,0.0367548646144342,2.56779634339172,2000-09-30,,bmo,,2025-04-25,2000-09-30,,39.58984126984127,2209064.873015873
2000-06-30,DD,USD,1666700,2000-06-30,2000-06-30 00:00:00,2000,Q2,7586000000.0,3950000000.0,3636000000.0,0.479303981,219000000,0.0,0.0,372000000.0,329000000.0,1618000000.0,4870000000.0,0.0,0.0,431000000.0,1309000000.0,0.172554706,878000000.0,0.1157395202,111000000.0,989000000.0,0.1303717374,282000000.0,657000000.0,0.0866069075,2.19,2.16,298166368,302033031,,,25.442171935367305,2.203467830416072,2.1229758548757585,0.9692575387979372,1.3784250811278622,33.42093901080084,27.10567276320044,32.065990755872235,21.236466213385945,12809227169.28,18951227169.28,4.874135148127854,1.6885350869074611,20.23574592303317,44.32258536083045,1.3397371790900534,1.3397371790900534,2.498184440980754,14.477637256898396,29.938747502812003,65.57518051653979,0.0512911506148992,0.0225618607727638,0.6622738207300491,0.2366041401987893,4.692131398013751,1.1450340136054422,0.0,1.1965973534971646,0.0176435312617461,0.3439878234398782,0.0,0.0288689691537041,0.0703609595695389,0.5434439178515008,0.0453466912733983,1.0455927051671732,0.0,39.87190150120924,0.0295754477272807,0.0264078138188833,-37.88992056944531,1066000000.0,8082000000.0,-8381000000.0,11935000000.0,4804500000.0,2963000000.0,2967000000.0,55.73688373319272,67.55696202531645,71.31645569620254,1.6147296722009363,1.3322091062394603,1.2619808306709266,0.0687166614370881,1.1537183160778213,2000-06-30,,bmo,,2025-04-25,2000-06-30,,51.67857142857143,2145026.492063492
2000-03-31,DD,USD,1666700,2000-03-31,2000-03-31 00:00:00,2000,Q1,5381000000.0,3890000000.0,1491000000.0,0.2770860435,212000000,0.0,0.0,410000000.0,316000000.0,1845000000.0,4828000000.0,0.0,0.0,418000000.0,1101000000.0,0.2046088088,642000000.0,0.1193086787,132000000.0,774000000.0,0.143839435,262000000.0,512000000.0,0.0951496004,1.85,1.83,224399775,227399772,,,23.97952493490691,2.2816422164416164,1.056150791595045,-0.0311943271779127,3.074869393251397,42.945675859077845,34.32267256061197,41.145317547666885,26.296817810980425,12133295834.25,17806295834.25,5.924460856567383,2.2548403334417397,51.195341072784814,-1733.3279763214289,1.3141228023665112,1.3141228023665112,3.3091053399461066,16.172839086512262,75.13204993354431,-2543.75654775,0.0421979326140487,-0.0005769248599576,0.6391205458680819,0.2297718246242504,5.15258855585831,1.3329748002458512,0.0,0.572463768115942,0.0184615955186463,0.4375,0.0,0.0393978814346775,0.0753445993302702,1.029535864978903,0.0453447314625534,0.7721518987341772,0.0,45.95949416961841,0.02094609965685,0.0215606181833494,-45.76542021933845,2167000000.0,7702000000.0,-7370000000.0,12485000000.0,4762500000.0,2915000000.0,2795000000.0,82.1390076194016,68.50642673521851,64.87403598971721,1.0957035227041336,1.3137453562985475,1.3873038516405136,0.0554532654608469,1.0873451187729577,2000-03-31,,bmo,,2025-04-25,2000-03-31,,54.18809523809524,2595369.206349206
1999-12-31,DD,USD,1666700,1999-12-31,1999-12-31 00:00:00,1999,Q4,5200000000.0,3742000000.0,1458000000.0,0.2803846154,227000000,0.0,0.0,385000000.0,367000000.0,1458000000.0,4721000000.0,0.0,0.0,367000000.0,846000000.0,0.1626923077,479000000.0,0.0921153846,-58000000.0,421000000.0,0.0809615385,153000000.0,268000000.0,0.0515384615,1.22,1.19,220099779,224399775,,,23.62564843829307,1.2176295733581812,1.290323876245237,-2.353478055968425,5.506593443694462,42.16723906842269,33.83465459999394,40.313534344802775,27.519337036680987,13949923993.02,19500923993.02,13.012988799458958,2.682677690965385,49.11945067964789,-26.93035519888031,1.5721767150929786,1.5721767150929786,3.750177690965385,23.050737580401893,68.66522532753521,-37.64657141509653,0.01921157420887,-0.0371328188066965,0.682632705961907,0.2375387270089023,6.561465721040189,1.4054011119936458,0.0,1.0597014925373134,0.0139068858079133,0.7238805970149254,0.0,0.0436538461538461,0.071924389191733,2.823943661971831,0.1542307692307692,2.1852861035422344,0.0,33.233362928817606,0.0150660415634122,0.0113247411789562,-46.126806878802,2552000000.0,7447000000.0,-7371000000.0,12876000000.0,4363000000.0,2723000000.0,2772500000.0,79.8576923076923,69.00320684126136,67.00694815606627,1.1270047680970958,1.3042872080864412,1.3431442928930366,0.0302039896314662,3.643801932213662,1999-12-31,,bmo,,2025-04-25,1999-12-31,,56.73734375,2149418.953125
1999-09-30,DD,USD,1666700,1999-09-30,1999-09-30 00:00:00,1999,Q3,4693000000.0,3306000000.0,1387000000.0,0.2955465587,203000000,0.0,0.0,381000000.0,308000000.0,1387000000.0,4198000000.0,0.0,0.0,308000000.0,803000000.0,0.1711059024,495000000.0,0.1054762412,8000000.0,503000000.0,0.1071809077,182000000.0,321000000.0,0.0683997443,1.45,1.45,220805148,220805148,,,21.25403344309708,1.4537704528519415,3.691037131072687,2.08328476109624,4.714563991959101,39.134051349201336,31.756505966971385,34.958424067178,23.840023874805677,11899189425.72,16794189425.72,9.267281484205608,2.535518735503942,14.60023242419632,25.867803099391303,1.5415454625884182,1.5415454625884182,3.578561565250373,20.914308126674968,20.60636739352147,36.50910744721739,0.0269766274420475,0.0386580953998189,0.6819536209353543,0.2205093833780161,6.095890410958904,1.3336054866100588,0.0,2.5389408099688477,0.0160515135247074,0.5950155763239875,0.0,0.0432559130620072,0.0682389410187667,0.4355828220858895,0.0756445770296185,1.1525974025974026,0.0,33.815444544031365,0.0167299349754665,0.0144315065413838,-44.05015049739692,2043000000.0,7012000000.0,-7064000000.0,12039000000.0,4088500000.0,2485500000.0,2676000000.0,78.85787342851054,70.15426497277676,75.10889292196006,1.141293774319066,1.2828870779976718,1.1982602392171076,0.0415856976292265,1.6077523699764464,1999-09-30,,bmo,,2025-04-25,1999-09-30,,57.66796875,2155267.515625
1999-06-30,DD,USD,1666700,1999-06-30,1999-06-30 00:00:00,1999,Q2,4619000000.0,3106000000.0,1513000000.0,0.3275600779,223000000,0.0,0.0,374000000.0,316000000.0,1513000000.0,4019000000.0,0.0,0.0,316000000.0,916000000.0,0.1983113228,600000000.0,0.1298982464,40000000.0,640000000.0,0.1385581295,228000000.0,412000000.0,0.0891967958,1.87,1.87,220805148,220805148,,,20.91889632935551,1.8658985251557632,4.094107443545655,2.0923425209270934,0.9872958215630008,36.923957950473145,29.406017290864977,35.08523270480995,24.22497866761693,13288053806.64,18419053806.64,8.063139445776699,2.8768248120025977,14.699174564867258,28.762021226493506,1.7152515562979216,1.7152515562979216,3.9876713155748,20.10813734349345,20.37505952061947,39.86808183255411,0.0310052928739741,0.0347680711353787,0.6904608235445979,0.2315083315299718,5.601528384279476,1.2431169697980975,0.0,2.1941747572815533,0.014674835219478,0.4733009708737864,0.0,0.0482788482355488,0.0718459207963644,0.4889380530973451,0.0956917081619398,1.3987341772151898,0.0,38.37933544330414,0.020994129796717,0.0192119375145721,-47.04940122138819,1457000000.0,6493000000.0,-7502000000.0,11343000000.0,4130000000.0,2444000000.0,2608500000.0,79.2054557263477,69.36896329684481,75.13522215067611,1.1362853628536285,1.2974101921470342,1.197840339375241,0.0531818768555569,2.001764922618561,1999-06-30,,bmo,,2025-04-25,1999-06-30,,57.95015873015873,2209054.9523809524
1999-03-31,DD,USD,1666700,1999-03-31,1999-03-31 00:00:00,1999,Q1,4417000000.0,2993000000.0,1424000000.0,0.322390763,192000000,0.0,0.0,390000000.0,310000000.0,1424000000.0,3885000000.0,0.0,0.0,310000000.0,842000000.0,0.1906271225,532000000.0,0.1204437401,1000000.0,533000000.0,0.1206701381,203000000.0,330000000.0,0.0747113425,1.49,1.47,220199779,223999776,,,20.059057370806897,1.4986391062635898,4.4913759881657285,3.3378780094052685,0.7039062468813831,36.41693028220523,29.073598661513643,34.455075452187444,24.99094242960162,9732830231.8,15080830231.8,7.373356236212122,2.2034933737378317,9.84108213528817,13.241945893605443,1.2828298710689336,1.2828298710689336,3.414269918904234,17.91072474085511,15.24856444064712,20.51813636979592,0.0339058621326604,0.0755176020227436,0.7253196256754976,0.237720851872651,6.351543942992874,1.1904309252217995,0.0,2.996969696969697,0.0196243020222367,0.5787878787878787,0.0,0.0434684174779261,0.0698518294526761,0.2568250758341759,0.0575050939551732,0.8193548387096774,0.0,34.0852428235885,0.017962636365785,0.0153260263793423,-47.76003885090184,1202000000.0,6402000000.0,-7616000000.0,11070000000.0,4366000000.0,2578500000.0,2717000000.0,85.4765678062033,74.99498830604745,78.9041095890411,1.0529201430274135,1.200080192461909,1.140625,0.0434954527481217,1.15349797876046,1999-03-31,,bmo,,2025-04-25,1999-03-31,,44.60049180327869,1531266.3770491802
1998-12-31,DD,USD,1666700,1998-12-31,1998-12-31 00:00:00,1998,Q4,4441000000.0,2946000000.0,1495000000.0,0.3366358928,227000000,0.0,0.0,422000000.0,428000000.0,1077000000.0,4023000000.0,0.0,0.0,428000000.0,846000000.0,0.1904976357,418000000.0,0.0941229453,-215000000.0,203000000.0,0.0457104256,53000000.0,150000000.0,0.0337761765,0.67,0.66,223499776,227299772,,,19.87026599972968,0.6711416122403631,4.693517008267605,2.223715875223069,0.5503361220370977,35.812116429145775,28.4698271912362,33.43180084439995,26.295328367577422,9639545338.88,15393545338.88,16.065908898133333,2.1705799006710205,9.189271057082935,19.395463458511067,1.2900890442826554,1.2900890442826554,3.4662340326232832,18.19568006959811,14.67449507996187,30.972928247243463,0.0155608998896444,0.0515584483010217,0.7865364025695931,0.246621905161561,6.801418439716312,1.1750950014615609,0.0,6.993333333333333,0.0203329091891353,1.3066666666666666,0.0,0.0511146138257149,0.0688627780109106,0.5262154432793136,0.124296329655483,1.2897196261682242,0.0,22.468714608833537,0.0164168701538158,0.0067601063590067,-48.74837100507877,1198000000.0,6363000000.0,-7786000000.0,11286000000.0,4569500000.0,2521500000.0,2780500000.0,91.9455077685206,81.35437881873727,85.84521384928718,0.9788406435970906,1.1062711227938415,1.0483985765124555,0.0200749464668094,2.469801133044536,1998-12-31,,bmo,,2025-04-25,1998-12-31,,43.99921875,1545221.328125
1998-09-30,DD,USD,1666700,1998-09-30,1998-09-30 00:00:00,1998,Q3,4314000000.0,2987000000.0,1327000000.0,0.3076031525,198000000,0.0,0.0,401000000.0,294000000.0,1327000000.0,3880000000.0,0.0,0.0,294000000.0,728000000.0,0.1687528975,434000000.0,0.1006026889,38000000.0,472000000.0,0.1094112193,158000000.0,314000000.0,0.0727862772,1.42,1.42,221339778,221339778,,,19.49039634439319,1.4186333917801257,0.3478814368378015,-1.3011669325881403,1.021054606822638,37.01097052695155,30.64970996763176,34.363457254393744,26.073035999882496,8968687804.560001,14513687804.56,7.140675003630574,2.0789726018915164,116.47646499428572,-31.141277099166672,1.179159585138049,1.179159585138049,3.364322625071859,19.93638434692308,188.48945200727275,-50.39474932138889,0.0350106957497563,-0.0321117209424516,0.7587430975545622,0.2469510890495956,7.616758241758242,1.297342700061087,0.0,0.247588424437299,0.0217423110547849,0.6210191082802548,0.0,0.0458970792767733,0.0602507595532543,0.1298701298701298,0.0023180343069077,0.0340136054421768,0.0,33.118813809631966,0.0157486684657748,0.0142980738582031,-45.739632033063664,1947000000.0,6784000000.0,-6682000000.0,11595000000.0,4579500000.0,2360500000.0,2691000000.0,96.00834492350486,71.71074656846335,82.8891864747238,0.9374185136897,1.255042016806723,1.0857869865503451,0.041283197475677,0.0451794073815326,1998-09-30,,bmo,,2025-04-25,1998-09-30,,41.845,1617635.46875
1998-06-30,DD,USD,1666700,1998-06-30,1998-06-30 00:00:00,1998,Q2,4857000000.0,3226000000.0,1631000000.0,0.3358039942,190000000,0.0,0.0,440000000.0,296000000.0,1631000000.0,4164000000.0,0.0,0.0,296000000.0,1001000000.0,0.2060942969,705000000.0,0.145151328,-46000000.0,659000000.0,0.1356804612,232000000.0,427000000.0,0.0879143504,1.91,1.91,224118775,224118775,,,21.67154447457604,1.90523975512538,4.756406508111603,3.1902726578797336,1.6687580056601683,37.77907495701777,31.52346339569275,35.11084691588199,25.4820239848268,10278087021.5,15615087021.5,6.017615352166276,2.116138979102326,9.641732665572231,14.374946883216785,1.3061490686872537,1.3061490686872537,3.2149654151739755,15.599487533966034,14.648299269699812,21.839282547552447,0.0415446959251064,0.0695654744413374,0.7257593086796289,0.2420838455343139,5.331668331668332,1.3583138173302107,0.0,2.496487119437939,0.0193615795997568,0.4660421545667447,0.0,0.0391187976116944,0.0594294434318172,0.3292682926829268,0.0722668313773934,1.1858108108108107,0.0,38.79598021774734,0.0245080619299637,0.0192437694353057,-44.693935168974576,2295000000.0,7065000000.0,-6424000000.0,11743000000.0,4672000000.0,2394000000.0,2696500000.0,84.44101297096974,65.30998140111593,73.40049597024178,1.065832784726794,1.3780435711234515,1.226149752945648,0.0542635658914728,1.5661338502318691,1998-06-30,,bmo,,2025-04-25,1998-06-30,,46.16507936507936,1319480.603174603
1998-03-31,DD,USD,1666700,1998-03-31,1998-03-31 00:00:00,1998,Q1,4829000000.0,3423000000.0,1406000000.0,0.2911575896,530000000,0.0,0.0,371000000.0,287000000.0,1188000000.0,4611000000.0,0.0,0.0,287000000.0,505000000.0,0.1045765169,218000000.0,0.0451439221,446000000.0,664000000.0,0.1375025885,242000000.0,422000000.0,0.0873886933,1.87,1.87,225122774,225122774,,,21.45051748518344,1.8745326938801847,3.451450007452378,2.1144018063672227,1.6479896431979824,36.67776410750873,30.405631018032853,34.83432555783983,24.96859780166,10382662336.88,15632662336.88,6.150866313317535,2.1500646794118863,13.362499790064348,21.81231583378151,1.3239814252588624,1.3239814252588624,3.237246290511493,30.95576700372277,20.119256546821106,32.841727598487395,0.0406446811335686,0.0458456592881011,0.7167814333078296,0.2389474579153205,10.396039603960396,1.3135208711433757,0.0,1.841232227488152,0.0188776244127475,0.4644549763033175,0.0,0.1097535721681507,0.0600238054752593,0.3873873873873873,0.0623317457030441,1.048780487804878,0.0,38.33023412226085,0.0075085732045894,0.0190846599131693,-44.08594396584683,2073000000.0,6845000000.0,-6582000000.0,11345000000.0,4872500000.0,2569000000.0,2841500000.0,89.2172292400083,64.33829973707275,72.62050832602979,1.008773762272822,1.3988557417245606,1.2393193338160753,0.0538128028564141,1.3370482010851554,1998-03-31,,bmo,,2025-04-25,1998-03-31,,43.93918032786885,1350933.1475409835
1997-12-31,DD,USD,1666700,1997-12-31,1997-12-31 00:00:00,1997,Q4,4803000000.0,3379000000.0,1424000000.0,0.2964813658,202000000,0.0,0.0,446000000.0,339000000.0,1424000000.0,4366000000.0,0.0,0.0,339000000.0,776000000.0,0.1615656881,437000000.0,0.0909848012,67000000.0,504000000.0,0.104934416,146000000.0,358000000.0,0.0745367479,1.55,1.53,230599769,234025740,,,20.828294932073412,1.5524733678289158,3.759760921529805,-5.294888218209794,1.019081679999428,36.21426004117116,28.573315700069067,33.282774017002595,27.137928312495404,11101072879.66,17124072879.66,7.752145865684358,2.311278967241308,12.804005628212224,-9.09178778022932,1.4463938605420197,1.4463938605420197,3.565286878963148,22.06710422636598,19.750949111487888,-14.024629713071253,0.0322491351854781,-0.1099893688867842,0.8153745928338763,0.2603161397670549,7.76159793814433,1.1771117166212537,0.0,2.421787709497207,0.0184666835559301,0.5726256983240223,0.0,0.0420570476785342,0.0732945091514143,2.408304498269896,0.4347282948157401,6.15929203539823,0.0,34.09675873231145,0.0165445437671213,0.0160696651404973,-44.557720263804775,1300000000.0,6589000000.0,-7049000000.0,11114000000.0,4783500000.0,2503000000.0,2803000000.0,92.90443472829482,71.67505179047055,77.80112459307487,0.9687373941105284,1.255667038275734,1.156795617939062,0.0466449511400651,9.054649139739595,1997-12-31,,bmo,,2025-04-25,1997-12-31,,44.97109375,1608157.484375
1997-09-30,DD,USD,1666700,1997-09-30,1997-09-30 00:00:00,1997,Q3,4857000000.0,3243000000.0,1614000000.0,0.3323038913,197000000,0.0,0.0,478000000.0,304000000.0,1614000000.0,4222000000.0,0.0,0.0,304000000.0,939000000.0,0.1933292156,635000000.0,0.1307391394,25000000.0,660000000.0,0.1358863496,236000000.0,424000000.0,0.0872966852,1.87,1.87,226755773,226755773,,,21.41952081634544,1.86985316576703,3.6294555552506265,2.262345929336053,1.2215786012204417,37.00016052072024,30.354243726354877,34.155690492607654,23.13061286426432,9752765796.73,14720765796.73,5.7504515310908015,2.0079814281923,11.85026220744836,19.01123936984405,1.2592338020309877,1.2592338020309877,3.0308350415338685,15.677066876176784,17.886714212308625,28.695449896159843,0.0434748469139044,0.0526004633651721,0.6772111039380245,0.2306001318971202,5.290734824281151,1.3935834502103788,0.0,1.9410377358490567,0.0198917931634374,0.4575471698113207,0.0,0.0405600164710726,0.0662563200703451,0.3766707168894289,0.0638254066296067,1.019736842105263,0.0,37.90762238551277,0.0227036617285949,0.0199642150861663,-40.91957561759629,2245000000.0,6883000000.0,-6406000000.0,11469000000.0,4584500000.0,2225000000.0,2667000000.0,85.40457072266831,64.24606845513414,74.51433857539315,1.053807767411586,1.400863930885529,1.2078212290502792,0.054744996772111,1.3671096259145736,1997-09-30,,bmo,,2025-04-25,1997-09-30,,43.05359375,1244305.359375
1997-06-30,DD,USD,1666700,1997-06-30,1997-06-30 00:00:00,1997,Q2,5366000000.0,3523000000.0,1843000000.0,0.3434588148,199000000,0.0,0.0,516000000.0,324000000.0,1039000000.0,4562000000.0,0.0,0.0,324000000.0,1128000000.0,0.2102124488,804000000.0,0.1498322773,138000000.0,942000000.0,0.1755497577,370000000.0,572000000.0,0.1065970928,2.51,2.51,227972772,227972772,,,23.53789863993056,2.5090715657920764,5.518202849242014,4.434740127649981,5.202375659142312,40.00916390138029,33.43381726305456,33.131149539209005,22.11228979573052,9392478206.400002,13247478206.400002,4.105104111188811,1.7503686556839362,7.466198892209857,9.290285070623147,1.24354272559248,1.24354272559248,2.468780880805069,11.744218268085108,10.530586809538953,13.103341450445106,0.0608997952862154,0.10763932348665,0.6674169204289686,0.2161571116161399,3.417553191489361,1.5457550452331246,0.0,2.199300699300699,0.018844866723182,0.3094405594405594,0.0,0.0370853522176667,0.0642768320397924,0.1963434022257551,0.0460305628028326,0.7623456790123457,0.0,43.24800074158085,0.0264279663106182,0.0262120795527449,-36.27406872957618,3137000000.0,7622000000.0,-5315000000.0,12394000000.0,4626500000.0,2200000000.0,2713000000.0,76.4815505031681,54.54158387737723,67.67243826284417,1.1767543859649123,1.6501170960187357,1.329935824839562,0.0757314974182444,1.083462721592033,1997-06-30,,bmo,,2025-04-25,1997-06-30,,40.07421875,1513161.5
1997-03-31,DD,USD,1666700,1997-03-31,1997-03-31 00:00:00,1997,Q1,4992000000.0,3308000000.0,1684000000.0,0.3373397436,187000000,0.0,0.0,440000000.0,320000000.0,1684000000.0,4255000000.0,0.0,0.0,320000000.0,1057000000.0,0.2117387821,737000000.0,0.1476362179,6000000.0,743000000.0,0.148838141,289000000.0,454000000.0,0.0909455128,1.95,1.95,233302766,233302766,,,21.397088794052276,1.9459692132411324,3.021824439063873,1.971686868041676,8.062484779970418,42.02264794408824,38.14356834500625,32.459966634086115,24.79181922772403,8837508776.08,12740508776.08,4.866469590352423,1.7703342900801282,12.535473441248229,19.21197560017391,1.1669759376838769,1.1669759376838769,2.5521852516185897,12.053461472166507,18.071643654014185,27.696758208869564,0.0513719433273794,0.0520508676885342,0.7637660108279414,0.2371852702370212,3.692526017029328,1.604260813428018,0.0,1.552863436123348,0.0205940389550287,0.4008810572687225,0.0,0.0374599358974358,0.0371114573935864,0.3475177304964539,0.0490785256410256,0.765625,0.0,37.69929911798407,0.0227234726998186,0.0193347813125505,-33.40187574115602,3744000000.0,8899000000.0,-4642000000.0,12848000000.0,4544500000.0,2292500000.0,2796000000.0,84.609375,61.62333736396615,75.55320435308344,1.0637119113573408,1.460485651214128,1.1912135397911414,0.0599498217351115,1.050137571022197,1997-03-31,,bmo,,2025-04-25,1997-03-31,,38.45131147540984,1645006.4590163934
1996-12-31,DD,USD,1666700,1996-12-31,1996-12-31 00:00:00,1996,Q4,4903000000.0,3322000000.0,1581000000.0,0.3224556394,0,0.0,0.0,718000000.0,314000000.0,1032000000.0,4354000000.0,0.0,0.0,314000000.0,863000000.0,0.1760146849,549000000.0,0.1119722619,96000000.0,645000000.0,0.131552111,234000000.0,411000000.0,0.0838262288,1.67,1.67,241138758,246299753,,,20.33269160323037,1.704412859255085,3.350767859557442,1.5758561715740445,7.891721827645807,41.79751145603893,38.06936751328876,33.12615552245649,22.675740910965462,8963127634.86,12528127634.86,5.452024108795621,1.8280904823291864,11.092979746113862,23.587177986473687,1.1220740654556836,1.1220740654556836,2.555196335888232,14.516949750706836,15.505108458985148,32.96875693384211,0.0458545294392005,0.0423959152965844,0.684526790185278,0.2216187735581404,4.130938586326767,1.6372418387741503,0.0,1.9659367396593672,0.0206401166575477,0.4501216545012165,0.0,0.0,0.0364365906051149,0.5297029702970297,0.0872934937793187,1.3630573248407645,0.0,35.64217337128266,0.0175431476343585,0.0172877933877345,-33.1199350375687,3826000000.0,9180000000.0,-4764000000.0,13209000000.0,4400500000.0,2215000000.0,2798000000.0,80.69345298796655,62.85370258880192,76.26429861529199,1.11533212010919,1.431896551724138,1.1801065719360568,0.0514521782674011,1.7749116879833975,1996-12-31,,bmo,,2025-04-25,1996-12-31,,38.1671875,1240490.359375
1996-09-30,DD,USD,1666700,1996-09-30,1996-09-30 00:00:00,1996,Q3,4992000000.0,3237000000.0,1755000000.0,0.3515625,0,0.0,0.0,694000000.0,329000000.0,1023000000.0,4260000000.0,0.0,0.0,329000000.0,1061000000.0,0.2125400641,732000000.0,0.1466346154,22000000.0,754000000.0,0.1510416667,283000000.0,471000000.0,0.0943509615,1.94,1.94,242992757,242992757,,,20.543822217713263,1.938329379916456,4.526883902140343,3.24701036253521,11.160826493276916,40.96006861636621,37.82005732788159,32.465988276350146,25.041898676839985,9248304331.42,12621304331.42,4.9088664179511685,1.8526250663902244,8.4075493922,11.721551750849176,1.172303756042591,1.172303756042591,2.528306156133814,11.895668549877474,11.473913028563636,15.99658343652725,0.0509282548585511,0.0853129364827958,0.7713271644061351,0.2435558757604867,3.1790763430725733,1.603776412408212,0.0,2.335456475583864,0.0197874111233861,0.3885350318471338,0.0,0.0,0.0305395453089977,0.2827272727272727,0.0622996794871794,0.945288753799392,0.0,37.62871278414445,0.0226185840141327,0.0194459353453614,-31.378507302585977,4029000000.0,9190000000.0,-4329000000.0,13042000000.0,4431500000.0,2076500000.0,2730000000.0,79.4170673076923,58.66543095458759,77.32159406858203,1.1332576617480137,1.534123222748815,1.163969795037756,0.0597033844593738,1.279873539605133,1996-09-30,,bmo,,2025-04-25,1996-09-30,,37.0278125,1303636.59375
1996-06-30,DD,USD,1666700,1996-06-30,1996-06-30 00:00:00,1996,Q2,5176000000.0,3223000000.0,1953000000.0,0.3773183926,0,0.0,0.0,742000000.0,329000000.0,1071000000.0,4294000000.0,0.0,0.0,329000000.0,1211000000.0,0.2339644513,882000000.0,0.1704018547,9000000.0,891000000.0,0.1721406491,344000000.0,547000000.0,0.1056800618,2.23,2.23,245297754,245297754,,,21.100886231514373,2.229942961483455,3.4610997702000974,2.0709525126756767,10.48929294313881,39.54377829321666,36.76756045634237,31.365961875052477,25.324324820356896,9102999650.94,12741999650.94,4.160420315786106,1.758693904741113,10.722025501696113,17.919290651456695,1.183129666095659,1.183129666095659,2.461746454972952,10.5218824532948,15.008244582968198,25.082676478228347,0.0600900824975331,0.0558057804547474,0.807382375877307,0.2542359007939756,3.004954582989265,1.5454277720512444,0.0,1.5521023765996345,0.0212018024168627,0.3528336380255941,0.0,0.0,0.0278709994270279,0.4016489988221437,0.0658809891808346,1.0364741641337385,0.0,39.67047873485033,0.0274095037952289,0.0230286700627289,-30.48539938934785,3704000000.0,9019000000.0,-4239000000.0,12656000000.0,4471500000.0,2081000000.0,2644000000.0,77.51545595054095,57.04933291964009,74.80918399007136,1.1610587707492148,1.5775819872736172,1.2030608435983576,0.0710943592409669,1.3901472575244207,1996-06-30,,bmo,,2025-04-25,1996-06-30,,40.60174603174603,1737484.349206349
1996-03-31,DD,USD,1666700,1996-03-31,1996-03-31 00:00:00,1996,Q1,4982000000.0,3058000000.0,1924000000.0,0.386190285,0,0.0,0.0,752000000.0,326000000.0,1078000000.0,4136000000.0,0.0,0.0,326000000.0,1172000000.0,0.2352468888,846000000.0,0.1698113208,-42000000.0,804000000.0,0.1613809715,326000000.0,478000000.0,0.0959454035,1.91,1.91,250015749,250015749,,,19.926744694791207,1.9118795592352864,2.567838236462456,1.511904756047988,14.11511080447976,38.57357001938306,35.68175219233889,30.914052538346297,26.930303498600804,10300648858.8,13504648858.8,5.38736865,2.067573034684865,16.044624390654207,27.25039380634921,1.3327272426963386,1.3327272426963386,2.710688249458049,11.522737934129694,21.035278596261684,35.72658428253968,0.0464048436707593,0.0366967173798055,0.8711346875404321,0.2686430195906316,2.733788395904437,1.6772198498012074,0.0,1.343096234309623,0.0182512774269932,0.3933054393305439,0.0,0.0,0.0288473047919243,0.411214953271028,0.0529907667603372,0.8098159509202454,0.0,36.46695443379903,0.0245195802297923,0.0196384552177485,-28.88518034917872,4599000000.0,8921000000.0,-4029000000.0,13390000000.0,4297000000.0,2182500000.0,2678500000.0,81.02167804094742,62.364290385873126,76.78548070634402,1.1108138238573022,1.4431335535630014,1.1720965887313146,0.0618449993530857,1.0559334804144678,1996-03-31,,bmo,,2025-04-25,1996-03-31,,36.958888888888886,2075519.1904761903
1995-12-31,DD,USD,1666700,1995-12-31,1995-12-31 00:00:00,1995,Q4,4594000000.0,2862000000.0,1732000000.0,0.3770134959,0,0.0,0.0,721000000.0,409000000.0,1130000000.0,3992000000.0,0.0,0.0,409000000.0,1011000000.0,0.2200696561,602000000.0,0.1310404876,58000000.0,660000000.0,0.1436656508,250000000.0,410000000.0,0.0892468437,1.53,1.53,268199731,268199731,,,17.129025382952378,1.528711451243029,3.594336192678732,2.293067176864544,10.58539465872917,35.335605910805334,32.88221045978603,28.717403896277585,20.14543407577094,9046376926.63,11610376926.63,5.51608349184756,1.9691721651349583,9.384208430114109,14.70955597826016,1.1745490686354192,1.1745490686354192,2.5272914511602087,11.484052350771512,12.043959467458505,18.878661669317072,0.0453220115992596,0.0679830173988895,0.701506102311088,0.2291154270206089,2.536102868447082,1.8843063738618104,0.0,2.351219512195122,0.0135966034797779,0.3,0.0,0.0,0.0279026376049529,0.3620331950207469,0.0759686547670875,0.8533007334963325,0.0,31.428713689709625,0.0200208628390008,0.017885185831443,-25.392456489824,4953000000.0,8819000000.0,-3551000000.0,13724000000.0,4242500000.0,2183000000.0,2711000000.0,80.49847627340009,70.62893081761007,86.41509433962264,1.1180335848138234,1.2742653606411398,1.0414847161572052,0.0532329265125941,1.3012690158141882,1995-12-31,,bmo,,2025-04-25,1995-12-31,,33.473015873015875,1750171.5714285714
1995-09-30,DD,USD,1666700,1995-09-30,1995-09-30 00:00:00,1995,Q3,4884000000.0,2855000000.0,2029000000.0,0.4154381654,0,0.0,0.0,729000000.0,354000000.0,1083000000.0,3938000000.0,0.0,0.0,354000000.0,1300000000.0,0.2661752662,946000000.0,0.1936936937,-15000000.0,931000000.0,0.1906224406,358000000.0,573000000.0,0.1173218673,2.19,2.19,261783738,261783738,,,18.656621061771222,2.188829620883479,3.900165868973878,2.761821668235175,15.68088236252475,38.43248658936943,35.93806120989838,31.357944778067157,22.77834385572109,9248819463.54,11106819463.54,4.035261546047121,1.8936976788574933,9.058589092595492,12.792281415684648,1.126668225550006,1.126668225550006,2.274123559283374,8.543707279646153,10.878373617571008,15.362129271839557,0.0619538528413099,0.0781721389254224,0.7263978560116945,0.239093825180433,1.4292307692307693,1.9988483053636064,0.0,1.7818499127399652,0.0302741340236767,0.4886561954624782,0.0,0.0,0.0261828388131515,0.2918707149853085,0.061015561015561,0.8418079096045198,0.0,39.29805292321606,0.0294071422088444,0.0235928686128381,-23.511773676331263,6071000000.0,9408000000.0,-2730000000.0,14935000000.0,4512500000.0,2208500000.0,2640000000.0,80.63882063882065,66.83012259194395,84.29422066549913,1.1160877513711152,1.346698113207547,1.0676888556469708,0.0698014374467048,1.1383442007387028,1995-09-30,,bmo,,2025-04-25,1995-09-30,,35.622063492063496,1701982.7142857143
1995-06-30,DD,USD,1666700,1995-06-30,1995-06-30 00:00:00,1995,Q2,5517000000.0,3353000000.0,2164000000.0,0.3922421606,0,0.0,0.0,748000000.0,218000000.0,2164000000.0,4319000000.0,0.0,0.0,218000000.0,1416000000.0,0.2566612289,1198000000.0,0.2171470002,-443000000.0,755000000.0,0.1368497372,420000000.0,504000000.0,0.0913539967,1.87,1.87,268970731,268970731,,,20.511525471520542,1.873809831003508,3.0598124819759662,0.95177642209702,17.663631958527116,38.01900661079737,35.49828624289979,31.13349905718924,24.63093279840921,9169212219.79,11043212219.79,4.548220347118056,1.6619924270056192,11.141205613353586,35.81723523355469,1.094962051563172,1.094962051563172,2.0016697878901577,7.798878686292373,13.418240850291618,43.13754773355469,0.0549665541508802,0.027919519568701,0.7911392405063291,0.2551118641457122,1.323446327683616,1.8969919295671311,0.0,1.632936507936508,0.0199580940666886,0.3630952380952381,0.0,0.0,0.0261080519080442,0.6889428918590522,0.1027732463295269,2.6009174311926606,0.0,36.22997065490451,0.0258102895803488,0.0199280376418488,-23.05920044512204,6113000000.0,9548000000.0,-2815000000.0,15178000000.0,4926000000.0,2445000000.0,2741500000.0,75.84013050570962,61.65523411869968,69.9492991351029,1.186706818670682,1.4597300827165869,1.2866462010744435,0.060186290900406,2.1080360598789465,1995-06-30,,bmo,,2025-04-25,1995-06-30,,33.928095238095246,1972612.0634920637
1995-03-31,DD,USD,1666700,1995-03-31,1995-03-31 00:00:00,1995,Q1,5962000000.0,3205000000.0,2757000000.0,0.4624287152,0,0.0,0.0,1155000000.0,461000000.0,1616000000.0,4821000000.0,0.0,0.0,461000000.0,1602000000.0,0.2687017779,1141000000.0,0.191378732,-107000000.0,1034000000.0,0.1734317343,450000000.0,584000000.0,0.0979537068,2.12,2.12,275633724,275633724,,,21.630154371095752,2.118753799516927,1.9337256423673324,1.1972410168503185,2.292897947422428,40.390558304832105,24.499904808455156,31.008542336423247,25.174713381588965,9575515571.76,15882515571.76,4.099107693390411,1.6060911727205636,17.965320022063793,29.01671385381818,1.1203364422323625,1.1203364422323625,2.6639576604763504,9.914179507965043,29.79834065996248,48.12883506593939,0.0609888831179311,0.0344628962823925,0.8118638118638118,0.2476533780648845,3.9369538077403248,1.3252176278563657,0.0,0.9126712328767124,0.0187979434267595,0.3082191780821918,0.0,0.0,0.1563224954495164,0.3808630393996248,0.0340489768534049,0.4403470715835141,0.0,38.447860864910425,0.0290586314135726,0.024704936757054,-39.59330462770223,2391000000.0,6753000000.0,-7143000000.0,15593000000.0,4830500000.0,2577500000.0,2794500000.0,78.54243542435424,72.81435257410297,80.78939157566302,1.145877378435518,1.2360200539915156,1.1140076468543625,0.0683280683280683,0.736484625517014,1995-03-31,,bmo,,2025-04-25,1995-03-31,,31.63253968253968,1963723.253968254
1994-12-31,DD,USD,1666700,1994-12-31,1994-12-31 00:00:00,1994,Q4,5494000000.0,3285000000.0,2209000000.0,0.4020749909,0,0.0,0.0,1113000000.0,413000000.0,1526000000.0,4811000000.0,0.0,0.0,413000000.0,1096000000.0,0.1994903531,683000000.0,0.1243174372,-257000000.0,426000000.0,0.0775391336,202000000.0,224000000.0,0.040771751,0.81,0.81,276099723,276099723,,,19.89860743177928,0.8113010674769855,3.013403964914517,1.6551990528436713,2.060849586582164,38.89898868170904,23.089483505204385,29.822557989310265,23.824725097605405,8807581163.699999,14816581163.7,9.829889691629464,1.603127259501274,10.586035052524036,19.27260648512035,1.0696600878916689,1.0696600878916689,2.6968658834546777,13.518778434032846,17.808390821754806,32.42140298402626,0.0254326353441061,0.0518871176440022,0.7988826815642458,0.2478056131098135,5.482664233576642,1.3135388334844365,0.0,3.7142857142857135,0.0208910933183728,0.8214285714285714,0.0,0.0,0.164437747221699,0.4507211538461538,0.0682562795777211,0.9079903147699758,0.0,23.33214832503618,0.0169387864463136,0.0100991884580703,-38.16193614942526,2075000000.0,6375000000.0,-7112000000.0,15166000000.0,4343000000.0,2373000000.0,2641000000.0,73.0287586457954,70.1917808219178,74.3013698630137,1.2323912068192011,1.2822014051522248,1.211283185840708,0.0272042749574933,1.358204912070846,1994-12-31,,bmo,,2025-04-25,1994-12-31,,32.78015873015873,1787166.2222222222
1994-09-30,DD,USD,1666700,1994-09-30,1994-09-30 00:00:00,1994,Q3,5046000000.0,3006000000.0,2040000000.0,0.4042806183,0,0.0,0.0,1095000000.0,371000000.0,1466000000.0,4472000000.0,0.0,0.0,386000000.0,960000000.0,0.1902497027,574000000.0,0.1137534681,-71000000.0,503000000.0,0.0996829172,213000000.0,290000000.0,0.0574712644,1.05,1.05,277380102,277380102,,,18.191643753883977,1.0454967674645963,2.6353728862642063,1.607901925135207,2.46232514544248,39.30346813413458,22.918010175077377,29.731764969932847,25.823770156375527,10293575585.22,16773575585.22,8.873772056224137,2.039947599131985,14.081498748590972,23.07976588614349,1.2481600079083304,1.2481600079083304,3.324133092592152,17.4724745679375,22.946067832038302,37.60891386820628,0.0281729120847371,0.0433279958268716,0.8685582636110101,0.2671764267064528,6.75,1.3412660637791527,0.0,2.5206896551724136,0.0174866350870782,0.6206896551724138,0.0,0.0,0.1695262961581499,0.3898768809849521,0.0564803804994054,0.7383419689119171,0.0,26.446180135500533,0.0151457388392755,0.0130249270154951,-38.82398168560771,2151000000.0,6357000000.0,-7454000000.0,15507000000.0,4143500000.0,2198000000.0,2580500000.0,75.410225921522,65.38922155688623,76.94610778443113,1.1934720908230845,1.3763736263736264,1.1696498054474709,0.0351643021704862,1.0274709611289998,1994-09-30,,bmo,,2025-04-25,1994-09-30,,33.77453125,1562401.96875
1994-06-30,DD,USD,1666700,1994-06-30,1994-06-30 00:00:00,1994,Q2,4934000000.0,2906000000.0,2028000000.0,0.4110255371,0,0.0,0.0,1063000000.0,363000000.0,1426000000.0,4332000000.0,0.0,0.0,370000000.0,972000000.0,0.1970004054,602000000.0,0.1220105391,-144000000.0,458000000.0,0.0928252939,207000000.0,251000000.0,0.0508715039,0.91,0.91,275575300,275575300,,,17.904362255978675,0.9108218334516918,2.453050037503361,1.4696527591551205,3.0191385076964443,38.52667492333311,22.01938998161301,29.211616570861032,26.711392494174916,8545590053.0,15074590053.0,8.511543877490041,1.7319801485610054,12.641405403846155,21.10022235308642,1.0615639817391305,1.0615639817391305,3.0552472746250507,15.50883750308642,22.299689427514792,37.22121000740741,0.0293718746679036,0.0473928655000038,0.9144099378881988,0.2784881961259079,6.717078189300412,1.3202933985330074,0.0,2.693227091633466,0.0214145540407424,0.7290836653386454,0.0,0.0,0.1721019975786925,0.400887573964497,0.0549250101337657,0.7324324324324324,0.0,24.4672844564142,0.015214066431528,0.0114700909381711,-38.62193019475984,1965000000.0,6068000000.0,-7715000000.0,15296000000.0,4112500000.0,2200500000.0,2548000000.0,74.03931901094447,68.50653819683414,80.24432209222299,1.215570337521557,1.31374321880651,1.1215746815901195,0.0311801242236024,0.983397278348241,1994-06-30,,bmo,,2025-04-25,1994-06-30,,31.081935483870968,1380931.3548387096
1994-03-31,DD,USD,1666700,1994-03-31,1994-03-31 00:00:00,1994,Q1,4541000000.0,2674000000.0,1867000000.0,0.4111429201,0,0.0,0.0,984000000.0,356000000.0,1340000000.0,4014000000.0,0.0,0.0,356000000.0,883000000.0,0.1944505616,527000000.0,0.1160537327,-197000000.0,330000000.0,0.0726712178,157000000.0,173000000.0,0.0380973354,0.63,0.63,275614339,275614339,,,16.475920724864753,0.6276886776924911,1.43679026801287,0.5224691883683164,2.5579220680532155,38.06405732758338,21.642560476506997,29.03695079521969,27.42600413108405,7860520948.28,14714520948.28,11.3591343183237,1.731010999401013,19.849800374444445,54.58695102972222,0.9821967947369736,0.9821967947369736,3.2403701713895616,16.664236634518684,37.15788118252525,102.18417325194444,0.0220087194141827,0.0183193965066029,0.9445208046982382,0.2878632088046003,7.762174405436014,1.2846843960269143,0.0,2.2890173410404624,0.0223903735080702,1.0173410404624277,0.0,0.0,0.1723599527780951,0.6363636363636364,0.0554943844968068,0.7078651685393258,0.0,20.250647350138,0.0127680819657897,0.0079602447890305,-38.77156768683214,1777000000.0,5965000000.0,-7749000000.0,15000000000.0,3999000000.0,2216500000.0,2515500000.0,82.5677163620348,73.6761406133134,84.31189229618549,1.0900144023043687,1.2215623572407492,1.0674650698602794,0.0216168936648756,0.9143210796445536,1994-03-31,,bmo,,2025-04-25,1994-03-31,,29.76888888888889,1426509.142857143
1993-12-31,DD,USD,1666700,1993-12-31,1993-12-31 00:00:00,1993,Q4,4505000000.0,2916000000.0,1589000000.0,0.3527192009,0,0.0,0.0,840000000.0,431000000.0,1271000000.0,4187000000.0,0.0,0.0,431000000.0,749000000.0,0.1662597114,318000000.0,0.0705882353,-282000000.0,36000000.0,0.007991121,82000000.0,-46000000.0,-0.0102108768,-0.17,-0.17,274760485,274760485,,,16.3960985874661,-0.1674185427355028,1.528604085845896,0.3857905549992023,1.4812901498554276,38.17506727723239,22.037375570945,29.298244978713004,25.27292088598548,7396552256.200001,13933552256.2,-40.19865356630435,1.6418539969367372,17.610838705238095,69.77879486981132,0.9188263672298136,0.9188263672298136,3.092908380954495,18.602873506275035,33.17512441952381,131.44860619056604,-0.0062191137717497,0.0143310013001189,0.8626086956521739,0.2722603411095863,8.727636849132177,1.3540966200672446,0.0,-9.130434782608695,0.0247412569615261,-3.9782608695652177,0.0,0.0,0.1738482650460694,0.7476190476190476,0.069700332963374,0.728538283062645,0.0,,-0.0194455079122001,-0.0021830952493949,-38.113195207091,2001000000.0,6055000000.0,-7364000000.0,15015000000.0,3757000000.0,2067500000.0,2555000000.0,76.55493895671476,69.25925925925925,77.96296296296296,1.1756263048016702,1.299465240641711,1.154394299287411,-0.0057142857142857,1.1428135308466936,1993-12-31,,bmo,,2025-04-25,1993-12-31,,27.19828125,1171219.25
1993-09-30,DD,USD,1666700,1993-09-30,1993-09-30 00:00:00,1993,Q3,4370000000.0,2283000000.0,2087000000.0,0.4775743707,0,0.0,0.0,997000000.0,744000000.0,1741000000.0,4024000000.0,0.0,0.0,380000000.0,970000000.0,0.2219679634,346000000.0,0.0791762014,-118000000.0,228000000.0,0.052173913,89000000.0,139000000.0,0.0318077803,0.51,0.51,274407132,274407132,,,15.925242059670666,0.5065466009826596,2.540021445215207,0.9511414593990948,2.554598325819024,37.89624534977465,22.266185122331297,29.656663588466788,26.90527737449623,7614797913.0,14296797913.0,13.695679699640287,1.7425166848970253,10.925104609756096,29.17547093103448,0.9357087629638732,0.9357087629638732,3.27157846979405,14.738966920618555,20.51190518364419,54.77700349808429,0.0182539315669426,0.0342753679062736,0.907225362496928,0.2900184625054012,6.888659793814433,1.337343186114453,0.0,5.014388489208633,0.0235068615142643,1.287769784172662,0.0,0.0,0.1684801822681384,0.6255380200860832,0.0997711670480549,1.1473684210526316,0.0,18.38493535717603,0.0100032530227736,0.0065665154950869,-37.54822232535851,1963000000.0,6110000000.0,-7276000000.0,15000000000.0,3779500000.0,1912500000.0,2620500000.0,75.83066361556065,74.54664914586071,101.86596583442838,1.186854970124932,1.207297726070862,0.8835139318885449,0.0170803637257311,1.588879985816112,1993-09-30,,bmo,,2025-04-25,1993-09-30,,27.9109375,1047159.640625
1993-06-30,DD,USD,1666700,1993-06-30,1993-06-30 00:00:00,1993,Q2,4822000000.0,2836000000.0,1986000000.0,0.4118622978,0,0.0,0.0,1041000000.0,377000000.0,1418000000.0,4254000000.0,0.0,0.0,377000000.0,945000000.0,0.1959767731,568000000.0,0.1177934467,-277000000.0,291000000.0,0.0603484032,142000000.0,149000000.0,0.0309000415,0.54,0.54,273979706,273979706,,,17.59984369061262,0.5438359000210038,1.1132211376268868,-0.091247634231712,2.153444167868404,37.40058031889413,21.65123865050063,29.90367469041667,27.33049140508239,7359094903.16,14257094903.16,12.34747466973154,1.5261499177021982,24.12818001036065,-294.3637961264,0.8982173688709875,0.8982173688709875,2.9566766700871008,15.086872913396824,46.74457345298361,-570.2837961264,0.0202470551013031,-0.0033971568961918,0.9139509337239108,0.296777773374024,7.2994708994709,1.3087169111448322,0.0,2.046979865771812,0.0245954159284287,1.2147651006711409,0.0,0.0,0.1710197772581348,1.0819672131147542,0.0684363334715885,0.8753315649867374,0.0,19.128788941852967,0.0138044244883365,0.0071237330273474,-37.07482626468692,1831000000.0,5932000000.0,-7222000000.0,14794000000.0,3853500000.0,1948000000.0,2700500000.0,72.36209041891331,61.37517630465444,84.3194640338505,1.2437451637864327,1.466390899689762,1.0673692133985695,0.0181862565604784,1.204468771858599,1993-06-30,,bmo,,2025-04-25,1993-06-30,,25.88111111111111,1227216.0317460315
1993-03-31,DD,USD,1666700,1993-03-31,1993-03-31 00:00:00,1993,Q1,4363000000.0,2566000000.0,1797000000.0,0.4118725647,0,0.0,0.0,1045000000.0,364000000.0,1409000000.0,3975000000.0,0.0,0.0,364000000.0,752000000.0,0.1723584689,388000000.0,0.0889296356,307000000.0,695000000.0,0.1592940637,293000000.0,402000000.0,0.0921384369,1.47,1.47,273336062,273336062,,,15.96203577411604,1.4707170252566235,1.734129029780198,0.512190008795839,2.1402225367540417,37.86547565026381,21.940024876776047,30.358233521341944,26.94485296272396,6644799667.219999,13424799667.22,4.132338101504975,1.522988692922301,14.01856469877637,47.46285476585714,0.8007712300819474,0.8007712300819474,3.07696531451295,17.852127217047872,28.3223621671308,95.89142619442856,0.0604984378962,0.0210691077250448,0.8875632682574114,0.2887669084493237,9.01595744680851,1.3545046599930963,0.0,1.1791044776119404,0.0264868782829134,0.4378109452736318,0.0,0.0,0.1706724171731033,0.7046413502109705,0.0765528306211322,0.9175824175824177,0.0,31.69524168029743,0.0106900018710381,0.0190052950075642,-37.77584239872454,2054000000.0,5997000000.0,-7307000000.0,15167000000.0,3780000000.0,2022500000.0,2718000000.0,79.00527160210865,68.81527669524552,96.2431800467654,1.1391644908616188,1.3078491335372069,0.935131195335277,0.0484454085321764,1.2219390209843588,1993-03-31,,bmo,,2025-04-25,1993-03-31,,25.937096774193545,1221617.9516129033
1992-12-31,DD,USD,1666700,1992-12-31,1992-12-31 00:00:00,1992,Q4,4719000000.0,2952000000.0,1767000000.0,0.3744437381,0,0.0,0.0,1647000000.0,375000000.0,2022000000.0,4974000000.0,0.0,0.0,375000000.0,120000000.0,0.0254291163,-255000000.0,-0.0540368722,-178000000.0,-433000000.0,-0.0917567281,-207000000.0,-991000000.0,-0.2100021191,-3.63,-3.63,272861589,272861589,,,17.294482588386597,-3.631877992178665,3.364343084581245,1.6821715422906227,1.374323155466195,37.05175227136861,20.99232809202764,29.59009375262416,27.372852395138693,7408192141.349999,14502192141.349998,-1.8688678459510597,1.5698648318181816,8.06992607990196,16.13985215980392,0.9175368022479564,0.9175368022479564,3.0731494260118666,120.85160117791663,15.797594925217863,31.595189850435727,-0.1337708284412031,0.0619584361801334,0.925068119891008,0.2945189274447949,59.11666666666667,1.3194469065768482,0.0,-4.061946902654867,0.0245673973524712,-0.1836528758829465,0.0,0.0,0.1727917981072555,0.5,0.0972663699936427,1.224,0.0,,-0.0063387478316763,-0.0472399656783296,-39.32946384769459,1802000000.0,5728000000.0,-7807000000.0,14985000000.0,3848000000.0,2160500000.0,2853000000.0,71.13795295613477,63.50609756097561,82.07317073170732,1.26514745308311,1.4171867498799808,1.0965824665676078,-0.1227396581620014,1.6821715422906227,1992-12-31,,bmo,,2025-04-25,1992-12-31,,26.07609375,931793.0625
1992-09-30,DD,USD,1666700,1992-09-30,1992-09-30 00:00:00,1992,Q3,4754000000.0,2842000000.0,1912000000.0,0.4021876315,0,0.0,0.0,1088000000.0,378000000.0,1466000000.0,4308000000.0,0.0,0.0,378000000.0,824000000.0,0.173327724,446000000.0,0.0938157341,-161000000.0,285000000.0,0.0599495162,140000000.0,145000000.0,0.030500631,0.53,0.53,273184912,273184912,,,17.40213236959441,0.5307760188454331,1.4971544255709115,0.0439262912147944,1.3983202703376238,41.78854504234114,25.458946283241293,34.167333516574296,29.478201929394988,7272182357.440001,14943182357.44,12.53824544386207,1.5296975930668912,17.78039696195599,606.0151964533334,0.7791067449582173,0.7791067449582173,3.143286150071519,18.13493004543689,36.53589818444988,1245.2651964533334,0.0199389939461094,0.0016501236369194,0.8627598028712234,0.311479848379361,9.309466019417476,1.2845357489485605,0.0,2.820689655172414,0.0262644678876338,1.3172413793103448,0.0,0.0,0.1725458343003016,0.9706601466992664,0.0835086243163651,1.0502645502645502,0.0,20.200050205780613,0.0106311975591151,0.0067779180105642,-35.04768960300414,1759000000.0,6955000000.0,-6497000000.0,15347000000.0,4059000000.0,2175000000.0,3007000000.0,75.08203618005889,70.87262491203379,95.44686840253344,1.1986888552697932,1.2698838248436104,0.9429329794293296,0.0155346046710949,1.453228134356117,1992-09-30,,bmo,,2025-04-25,1992-09-30,,26.53671875,933210.015625
1992-06-30,DD,USD,1666700,1992-06-30,1992-06-30 00:00:00,1992,Q2,4859000000.0,2775000000.0,2084000000.0,0.4288948343,0,0.0,0.0,1148000000.0,368000000.0,1516000000.0,4291000000.0,0.0,0.0,368000000.0,936000000.0,0.1926322289,568000000.0,0.1168964808,-201000000.0,367000000.0,0.0755299444,181000000.0,186000000.0,0.0382794814,0.68,0.68,272357084,272357084,,,17.840549357621995,0.6829269768507288,0.9215842537071662,-0.5177027082578105,2.661946549552572,42.09180033664922,25.077372321991817,34.634678347488844,30.49305668142636,7443519105.719999,15023519105.72,10.00472998080645,1.531903499839473,29.65545460446215,-52.79091564340425,0.7890935127446199,0.7890935127446199,3.0918952676929408,16.05076827534188,59.85465779171314,-106.5497808916312,0.0249881806385191,-0.0189426530646838,0.8804198028198876,0.3157914749610251,8.098290598290598,1.3201809107922644,0.0,1.3494623655913978,0.0218982443230033,0.8763440860215054,0.0,0.0,0.1762044184189513,1.5617529880478087,0.080675036015641,1.065217391304348,0.0,23.069276408376552,0.0131004464280178,0.0085852757904454,-34.86599232351893,2053000000.0,6830000000.0,-6370000000.0,15594000000.0,4058500000.0,2047500000.0,2972000000.0,76.90471290388969,68.4972972972973,97.2972972972973,1.1702793834296723,1.3139204545454546,0.925,0.0197180112371461,1.4392869619649769,1992-06-30,,bmo,,2025-04-25,1992-06-30,,28.65920634920635,1038874.7936507936
1992-03-31,DD,USD,1666700,1992-03-31,1992-03-31 00:00:00,1992,Q1,4639000000.0,2648000000.0,1991000000.0,0.4291873249,0,0.0,0.0,1094000000.0,366000000.0,1460000000.0,4108000000.0,0.0,0.0,366000000.0,897000000.0,0.1933606381,531000000.0,0.1144643242,-200000000.0,331000000.0,0.0713515844,160000000.0,171000000.0,0.0368613925,0.63,0.63,271690418,271690418,,,17.07458081940895,0.6293928260657319,1.1594078374895065,-0.1656296910699294,1.1373238786801825,38.45553360663607,21.888883839841565,34.48410168075931,30.43905655885148,7667103595.96,15628103595.96,11.209215783567252,1.652749212321621,24.34001141574603,-170.38007991022224,0.8183481263699435,0.8183481263699435,3.36885182064238,17.422635001070233,49.6130272887619,-347.2911910213333,0.0223030767564043,-0.0058692307253695,0.8826982602198741,0.3285396472270777,8.875139353400224,1.1919406150583245,0.0,1.8421052631578947,0.0226943588047623,1.0175438596491229,0.0,0.0,0.17880978865406,1.1428571428571428,0.0776029316663074,0.9836065573770492,0.0,22.09843975831328,0.0131248869833921,0.0082724590005321,-36.693417726642096,1267000000.0,5947000000.0,-6856000000.0,14372000000.0,4090000000.0,2184500000.0,2956000000.0,76.9239060142272,67.39803625377643,100.06042296072506,1.1699873896595208,1.335350479072113,0.8994565217391305,0.0182516810758885,1.3250375285594356,1992-03-31,,bmo,,2025-04-25,1992-03-31,,26.78095238095238,1295005.5714285714
1991-12-31,DD,USD,1666700,1991-12-31,1991-12-31 00:00:00,1991,Q4,4563000000.0,2629000000.0,1934000000.0,0.4238439623,0,0.0,0.0,1527000000.0,442000000.0,1969000000.0,4598000000.0,0.0,0.0,442000000.0,407000000.0,0.0891957046,-35000000.0,-0.0076703923,-109000000.0,-144000000.0,-0.0315581854,-52000000.0,-92000000.0,-0.020162174,-0.34,-0.34,270978708,270978708,,,16.838961384375633,-0.3395100695512947,2.1293185883814902,0.4908134701121979,0.8709171349359301,38.545463874600806,22.64384550833418,34.85513703165195,28.238381002244648,6907247266.919999,14323247266.919998,-18.769693660108697,1.5137513186324785,11.970965800554591,51.9341899768421,0.7313125745812599,0.7313125745812599,3.138997866955949,35.192253727076164,24.82365210904679,107.6935884730827,-0.0133193436465788,0.0192551380977715,0.8101641079936475,0.3094592955069357,18.22113022113022,1.2581907090464548,0.0,-6.271739130434782,0.0262043608698996,-1.9673913043478264,0.0,0.0,0.1742629514296113,0.7694974003466204,0.0973044049967127,1.004524886877828,0.0,,-0.0011089070722098,-0.004505828190812,-34.69184006885146,1584000000.0,6136000000.0,-6563000000.0,14668000000.0,4232500000.0,2314500000.0,2955500000.0,83.13609467455622,81.68124762267021,101.6051730696082,1.0825622775800712,1.1018440905280804,0.8857816711590296,-0.0097406034939121,1.6385051182692922,1991-12-31,,bmo,,2025-04-25,1991-12-31,,24.26921875,1051466.890625
1991-09-30,DD,USD,1666700,1991-09-30,1991-09-30 00:00:00,1991,Q3,4502000000.0,2777000000.0,1725000000.0,0.3831630386,0,0.0,0.0,974000000.0,341000000.0,1315000000.0,4092000000.0,0.0,0.0,362000000.0,772000000.0,0.1714793425,410000000.0,0.0910706353,-92000000.0,318000000.0,0.0706352732,95000000.0,223000000.0,0.0495335406,0.82,0.82,270918648,270918648,,,16.617534574438007,0.8231253243224512,3.167002368917772,1.3583413423796504,2.7019181049508263,39.03016672370224,23.095493965406177,35.60847535308828,29.503321602284093,6713364097.440001,13974364097.44,7.526192934349776,1.4911959345713015,7.82443368,18.24283722130435,0.695901741208666,0.695901741208666,3.104034672909818,18.101507898238346,16.287137642703964,37.97381548217391,0.0332173254367413,0.0548160348014386,0.828547735047165,0.3180787138366031,9.405440414507773,1.300734618916437,0.0,3.847533632286995,0.0262163644702532,0.7892376681614349,0.0,0.0,0.1717935453062199,0.5710955710955711,0.1088405153265215,1.3535911602209945,0.0,25.680349511481985,0.0139327254928494,0.0107149721314626,-33.82565234121499,1965000000.0,6257000000.0,-6056000000.0,14719000000.0,4326000000.0,2080500000.0,2918000000.0,84.96223900488671,72.69355419517464,95.37990637378466,1.0592941176470587,1.2380740080249666,0.9435949711179068,0.0231159946097232,1.8086610265381216,1991-09-30,,bmo,,2025-04-25,1991-09-30,,25.36859375,919766.0
1991-06-30,DD,USD,1666700,1991-06-30,1991-06-30 00:00:00,1991,Q2,4794000000.0,2937000000.0,1857000000.0,0.387359199,0,0.0,0.0,1005000000.0,331000000.0,1336000000.0,4273000000.0,0.0,0.0,337000000.0,858000000.0,0.1789737171,521000000.0,0.1086775136,-110000000.0,411000000.0,0.0857321652,178000000.0,233000000.0,0.0486024197,0.86,0.86,270436165,270436165,,,17.726919030966144,0.8615711585763687,3.823453124326031,2.0596357739357827,2.932300123395109,36.97360521289747,21.01050353232157,33.44966824241129,26.47944663761964,6847443697.8,13215443697.8,7.347042594206009,1.4283361906132666,6.622285974661509,12.293435723159783,0.7569581801680301,0.7569581801680301,2.7566632661243218,15.40261503240093,12.78089332475822,23.726110768043085,0.0340272969421946,0.0813442248789803,0.7916206057926155,0.2894736842105263,7.421911421911422,1.5843796159527326,0.0,4.437768240343348,0.0262871821871031,0.7725321888412017,0.0,0.0,0.174508852777104,0.4613152804642166,0.0994993742177722,1.4154302670623145,0.0,25.464358660414224,0.0142328497168273,0.0114098232211938,-34.011723247147806,3165000000.0,5682000000.0,-6158000000.0,15558000000.0,4575500000.0,1949000000.0,3004000000.0,82.64080100125157,58.77425944841676,88.65168539325843,1.08905043162199,1.5312825860271115,1.015209125475285,0.0257572407694008,1.7638173503902483,1991-06-30,,bmo,,2025-04-25,1991-06-30,,24.75359375,1365268.65625
1991-03-31,DD,USD,1666700,1991-03-31,1991-03-31 00:00:00,1991,Q1,4948000000.0,2880000000.0,2068000000.0,0.4179466451,0,0.0,0.0,959000000.0,324000000.0,1283000000.0,4163000000.0,0.0,0.0,324000000.0,1109000000.0,0.224130962,785000000.0,0.1586499596,82000000.0,867000000.0,0.175222312,289000000.0,578000000.0,0.1168148747,2.14,2.14,270234965,270234965,,,18.309991825077116,2.13887940074668,0.9991305159197292,-0.8881160141508705,2.797565444575242,36.82721072012277,21.314784339620893,33.57078533490291,25.83677504500574,6199190097.1,12425190097.1,2.681310595631488,1.252867845008084,22.959963322592596,-25.82995873791667,0.6833322417438271,0.6833322417438271,2.511154021240906,11.20395860874662,46.01922258185186,-51.77162540458333,0.0932379860831159,-0.038714734705792,0.769620811287478,0.2836942830441672,5.614066726780884,1.531848242255482,0.0,0.4671280276816609,0.0282294940563067,0.3027681660899654,0.0,0.0,0.1703303400918288,1.8888888888888888,0.103071948261924,1.5740740740740742,0.0,40.19436375219208,0.0255321917028508,0.0283069689994612,-32.504120997073784,3056000000.0,5760000000.0,-5857000000.0,15275000000.0,4643500000.0,2224000000.0,3148500000.0,86.38035569927244,61.875,97.34375,1.0419035586439251,1.4545454545454546,0.9245585874799358,0.0637125220458553,1.8872465300706,1991-03-31,,bmo,,2025-04-25,1991-03-31,,24.025081967213115,1600525.8852459015
1990-12-31,DD,USD,1666700,1990-12-31,1990-12-31 00:00:00,1990,Q4,5147000000.0,3248000000.0,1899000000.0,0.368952788,0,0.0,0.0,1074000000.0,347000000.0,1421000000.0,4669000000.0,0.0,0.0,347000000.0,825000000.0,0.1602875461,478000000.0,0.0928696328,-30000000.0,448000000.0,0.0870409948,174000000.0,274000000.0,0.0532348941,1.01,1.01,270259990,270259990,,,19.04462440037832,1.0138385633774352,5.565011676349133,3.4004293421308867,0.7548287114196963,34.98113057726377,19.48124100796422,32.29482839838779,24.576334810047168,6088957574.700001,12526957574.7,5.555618225091242,1.1830109917816205,4.048509025731383,6.62563392241567,0.697634919191109,0.697634919191109,2.433836715504177,15.184190999636364,8.329094132114362,13.63107461882481,0.0449994923824871,0.1509289543777579,0.7609990834097159,0.2772930321880349,7.803636363636364,1.3936392075078206,0.0,5.489051094890511,0.0297259420482852,0.6605839416058394,0.0,0.0,0.1748841481234083,0.3889627659574468,0.1136584418107635,1.685878962536023,0.0,27.14201917007468,0.014891412708115,0.0138635903663226,-34.41315897332787,2265000000.0,5265000000.0,-6480000000.0,14703000000.0,4705000000.0,2281500000.0,3151000000.0,79.35107829803769,68.38669950738917,88.17118226600985,1.134200088144557,1.3160453808752026,1.0207416719044626,0.0313932172318973,2.164582334218246,1990-12-31,,bmo,,2025-04-25,1990-12-31,,20.83609375,1589784.5625
1990-09-30,DD,USD,1666700,1990-09-30,1990-09-30 00:00:00,1990,Q3,4919000000.0,3006000000.0,1913000000.0,0.388900183,0,0.0,0.0,924000000.0,325000000.0,1249000000.0,4255000000.0,0.0,0.0,364000000.0,1028000000.0,0.2089855662,664000000.0,0.1349867859,-128000000.0,536000000.0,0.1089652368,252000000.0,284000000.0,0.0577353121,1.05,1.05,269943674,269943674,,,18.22231996442339,1.052071329517431,2.870969297098624,0.8112803562123853,1.2335906786243118,34.38124651144816,18.985442125974767,31.69179656345642,27.28346951371789,5409671226.96,12441671226.96,4.762034530774648,1.0997501986094735,6.980220938012903,24.701695100273973,0.6323402953781414,0.6323402953781414,2.529309052034966,12.10279302233463,16.053769325109677,56.81128414136986,0.0524985693371971,0.0404830517072048,0.8609000584453536,0.299719204004395,6.840466926070039,1.3524002493765586,0.0,2.7288732394366195,0.0317949081901334,0.6056338028169014,0.0,0.0,0.1691287185121881,0.7174193548387097,0.113031103882903,1.5274725274725274,0.0,27.389700386632743,0.0173344942610557,0.0139099769799676,-36.10012361319495,2261000000.0,5125000000.0,-6615000000.0,14770000000.0,4712000000.0,1995000000.0,3023000000.0,89.14006911973979,62.7245508982036,93.4131736526946,1.0096469622331692,1.4348448687350834,0.9634615384615384,0.033196960841613,2.059688940886238,1990-09-30,,bmo,,2025-04-25,1990-09-30,,22.342380952380957,1879420.4444444445
1990-06-30,DD,USD,1666700,1990-06-30,1990-06-30 00:00:00,1990,Q2,4807000000.0,2820000000.0,1987000000.0,0.4133555232,0,0.0,0.0,967000000.0,306000000.0,1273000000.0,4093000000.0,0.0,0.0,315000000.0,1029000000.0,0.214062825,714000000.0,0.1485333888,-113000000.0,601000000.0,0.1250260037,237000000.0,364000000.0,0.0757229041,1.35,1.35,269943674,269943674,,,17.807418595036236,1.3484294505082568,2.463476880736238,0.6742147252541284,1.3928831686568806,34.02561676625917,18.74094667615734,31.38432501292844,26.209171325126142,7328970749.099999,14027970749.099998,5.03363375625,1.5246454647597252,11.02100864526316,40.26907005,0.8650815331798866,0.8650815331798866,2.9182381421052628,13.632624634693876,21.09469285578947,77.0767623576923,0.0496659097793096,0.0248329548896548,0.8351038715769594,0.3009357720119098,6.510204081632653,1.385558818448782,0.0,1.8269230769230769,0.0244236204683967,0.4917582417582417,0.0,0.0,0.1754997873245427,0.7263157894736842,0.1004784688995215,1.5333333333333334,0.0,30.857573348604426,0.0217798674332337,0.0187783739166322,-33.60701092035963,2232000000.0,5059000000.0,-6304000000.0,14355000000.0,4654500000.0,1909500000.0,2915500000.0,85.22571250260037,60.47872340425532,93.38297872340426,1.056019332161687,1.4881266490765173,0.963773069036227,0.0429650613786591,1.78926215548211,1990-06-30,,bmo,,2025-04-25,1990-06-30,,29.9484126984127,1370909.0317460315
1990-03-31,DD,USD,1666700,1990-03-31,1990-03-31 00:00:00,1990,Q1,4900000000.0,2796000000.0,2104000000.0,0.4293877551,0,0.0,0.0,911000000.0,296000000.0,1207000000.0,4003000000.0,0.0,0.0,296000000.0,1193000000.0,0.2434693878,897000000.0,0.1830612245,-120000000.0,777000000.0,0.1585714286,315000000.0,462000000.0,0.0942857143,1.71,1.71,269769499,269769499,,,18.163654594621164,1.7125731474928527,0.5412027695540184,-1.3085245044696472,2.1833454196391564,33.02819641593359,17.767019688167192,30.570542743232807,27.23065441879328,8411412978.82,15168412978.82,4.551630399794372,1.7166148936367347,57.61241766315069,-23.828365379093484,1.0199360954068146,1.0199360954068146,3.095594485473469,12.714512136479463,103.8932395809589,-42.97000843858357,0.0549253735565379,-0.0419667897520733,0.8907481508427307,0.3139316239316239,5.663872590108969,1.193832599118943,0.0,0.316017316017316,0.0212806101009097,0.3874458874458874,0.0,0.0,0.1759401709401709,3.4178082191780823,0.1018367346938775,1.6858108108108107,0.0,34.32158997836081,0.027154999814233,0.0239589275527666,-32.91977051860855,1364000000.0,4793000000.0,-6089000000.0,13223000000.0,4488000000.0,2099000000.0,2868500000.0,87.3734693877551,61.931330472103,93.50858369098712,1.0300609627916757,1.4532224532224531,0.9624784853700517,0.056020371044016,1.8497272740236657,1990-03-31,,bmo,,2025-04-25,1990-03-31,,31.52952380952381,1397705.9682539685
1989-12-31,DD,USD,1666700,1989-12-31,1989-12-31 00:00:00,1989,Q4,4264000000.0,0.0,4264000000.0,1.0,0,0.0,0.0,-17808000000.0,4264000000.0,-13544000000.0,4264000000.0,0.0,0.0,0.0,-9280000000.0,-2.1763602251,-9280000000.0,-2.1763602251,9280000000.0,0.0,0.0,-427000000.0,0.0,0.0,0.0,0.0,269570301,269570301,,,15.817766216019471,0.0,,,0.4340240730005343,31.724563011115976,16.89726198732849,29.517346571497875,22.780699421335736,9397220692.86,15421220692.86,0.0,2.203851006768293,0.0,0.0,1.1810004641020484,1.1810004641020484,3.616608980501877,-1.6617694712133622,0.0,0.0,0.0,,0.7717732813874576,0.2770459261932689,-0.6491379310344828,1.1320172732880938,0.0,0.0,0.0088462421113023,0.0,0.0,0.0,0.1803212126680501,0.0,,0.0,,0.0,,0.0,-33.07764233271379,856000000.0,4555000000.0,-6274000000.0,12495000000.0,,,,89.05018761726079,0.0,0.0,1.0106660346053566,0.0,0.0,0.0,,1989-12-31,,bmo,,2025-04-25,1989-12-31,,,
1989-09-30,DD,USD,1666700,1989-09-30,1989-09-30 00:00:00,1989,Q3,4250000000.0,0.0,4250000000.0,1.0,0,0.0,0.0,4250000000.0,0.0,4250000000.0,0.0,0.0,0.0,0.0,4250000000.0,1.0,4250000000.0,1.0,-4250000000.0,0.0,0.0,-589000000.0,0.0,0.0,0.49,0.49,275437161,275437161,,,15.430016721672498,0.0,,,,,,,,8568850078.71,,0.0,2.01620001852,0.0,0.0,0.0,0.0,,,0.0,0.0,0.0,,0.0,0.0,,0.0,0.0,0.0,0.0099125683060109,0.0,0.0,0.0,0.0,0.0,,0.0,,,0.0,0.0,,,,,,,,,,0.0,0.0,0.0,0.0,0.0,0.0,,1989-09-30,,bmo,,2025-04-25,1989-09-30,,,
1989-06-30,DD,USD,1666700,1989-06-30,1989-06-30 00:00:00,1989,Q2,4601000000.0,0.0,4601000000.0,1.0,0,0.0,0.0,4601000000.0,0.0,4601000000.0,0.0,0.0,0.0,0.0,4601000000.0,1.0,4601000000.0,1.0,-4601000000.0,0.0,0.0,-728000000.0,0.0,0.0,0.6,0.6,271785513,271785513,,,16.928790461322343,0.0,,,,,,,,7218623225.28,,0.0,1.5689248479200173,0.0,0.0,0.0,0.0,,,0.0,0.0,0.0,,0.0,0.0,,0.0,0.0,0.0,0.0095267319277108,0.0,0.0,0.0,0.0,0.0,,0.0,,,0.0,0.0,,,,,,,,,,0.0,0.0,0.0,0.0,0.0,0.0,,1989-06-30,,bmo,,2025-04-25,1989-06-30,,,
1989-03-31,DD,USD,1666700,1989-03-31,1989-03-31 00:00:00,1989,Q1,4485000000.0,0.0,4485000000.0,1.0,0,0.0,0.0,4485000000.0,0.0,4485000000.0,0.0,0.0,0.0,0.0,4485000000.0,1.0,4485000000.0,1.0,-4485000000.0,0.0,0.0,-743000000.0,0.0,0.0,0.61,0.61,279200922,279200922,,,16.06370053462789,0.0,,,,,,,,8099618747.22,,0.0,1.805935060695652,0.0,0.0,0.0,0.0,,,0.0,0.0,0.0,,0.0,0.0,,0.0,0.0,0.0,0.0087221647707687,0.0,0.0,0.0,0.0,0.0,,0.0,,,0.0,0.0,,,,,,,,,,0.0,0.0,0.0,0.0,0.0,0.0,,1989-03-31,,bmo,,2025-04-25,1989-03-31,,,
1988-12-31,DD,USD,1666700,1988-12-31,1988-12-31 00:00:00,1988,Q4,4299000000.0,0.0,4299000000.0,1.0,0,0.0,0.0,-16855000000.0,4299000000.0,-12556000000.0,4299000000.0,0.0,0.0,0.0,-8257000000.0,-1.9206792277,-8257000000.0,-1.9206792277,8257000000.0,0.0,0.0,-635000000.0,0.0,0.0,0.0,0.0,275437161,275437161,,,15.607915737992958,0.0,,,0.816883238206191,26.339946191937404,23.831207002601943,26.339946191937404,13.687332480165956,7643381217.75,11188381217.75,0.0,1.777943991102582,0.0,0.0,1.0535329038938663,1.0535329038938663,2.602554365608281,-1.3550177083383796,0.0,0.0,0.0,,0.5196416264645073,0.232157152534023,-0.4293326874167373,1.5240718562874251,0.0,0.0,0.0079783783783783,0.0,0.0,0.0,0.0425518812734774,0.0,,0.0,,0.0,,0.0,-17.238051622235535,2188000000.0,6564000000.0,-2621000000.0,9455000000.0,,,,78.88346127006281,0.0,0.0,1.140923566878981,0.0,0.0,0.0,,1988-12-31,,bmo,,2025-04-25,1988-12-31,,,
1988-09-30,DD,USD,1666700,1988-09-30,1988-09-30 00:00:00,1988,Q3,4150000000.0,0.0,4150000000.0,1.0,0,0.0,0.0,4150000000.0,0.0,4150000000.0,0.0,0.0,0.0,0.0,4150000000.0,1.0,4150000000.0,1.0,-4150000000.0,0.0,0.0,-632000000.0,0.0,0.0,0.5,0.5,285074789,285074789,,,14.557583343506394,0.0,,,,,,,,7842407445.39,,0.0,1.8897367338289155,0.0,0.0,0.0,0.0,,,0.0,0.0,0.0,,0.0,0.0,,0.0,0.0,0.0,0.0080479825517993,0.0,0.0,0.0,0.0,0.0,,0.0,,,0.0,0.0,,,,,,,,,,0.0,0.0,0.0,0.0,0.0,0.0,,1988-09-30,,bmo,,2025-04-25,1988-09-30,,,
1988-06-30,DD,USD,1666700,1988-06-30,1988-06-30 00:00:00,1988,Q2,4252000000.0,0.0,4252000000.0,1.0,0,0.0,0.0,4252000000.0,0.0,4252000000.0,0.0,0.0,0.0,0.0,4252000000.0,1.0,4252000000.0,1.0,-4252000000.0,0.0,0.0,-636000000.0,0.0,0.0,0.49,0.49,284211928,284211928,,,14.960666956947705,0.0,,,,,,,,8165408691.440001,,0.0,1.9203689302539984,0.0,0.0,0.0,0.0,,,0.0,0.0,0.0,,0.0,0.0,,0.0,0.0,0.0,0.0066052906369648,0.0,0.0,0.0,0.0,0.0,,0.0,,,0.0,0.0,,,,,,,,,,0.0,0.0,0.0,0.0,0.0,0.0,,1988-06-30,,bmo,,2025-04-25,1988-06-30,,,
1988-03-31,DD,USD,1666700,1988-03-31,1988-03-31 00:00:00,1988,Q1,3981000000.0,0.0,3981000000.0,1.0,0,0.0,0.0,3981000000.0,0.0,3981000000.0,0.0,0.0,0.0,0.0,3981000000.0,1.0,3981000000.0,1.0,-3981000000.0,0.0,0.0,-507000000.0,0.0,0.0,0.39,0.39,288570282,288570282,,,13.795599368059667,0.0,,,,,,,,7436456167.14,,0.0,1.8679869799397133,0.0,0.0,0.0,0.0,,,0.0,0.0,0.0,,0.0,0.0,,0.0,0.0,0.0,0.0073639891346526,0.0,0.0,0.0,0.0,0.0,,0.0,,,0.0,0.0,,,,,,,,,,0.0,0.0,0.0,0.0,0.0,0.0,,1988-03-31,,bmo,,2025-04-25,1988-03-31,,,
1987-12-31,DD,USD,1666700,1987-12-31,1987-12-31 00:00:00,1987,Q4,3597000000.0,0.0,3597000000.0,1.0,0,0.0,0.0,-14662000000.0,3597000000.0,-11065000000.0,3597000000.0,0.0,0.0,0.0,-7468000000.0,-2.0761745899,-7468000000.0,-2.0761745899,7468000000.0,0.0,0.0,-354000000.0,0.0,0.0,0.0,0.0,284211928,284211928,,,12.656048693353926,0.0,,,1.4707334873010678,20.29823322545421,18.59176016004508,20.29823322545421,13.926227614204848,8088671470.88,11628671470.88,0.0,2.2487271256269112,0.0,0.0,1.402092471984746,1.402092471984746,3.232880586844593,-1.557133298189609,0.0,0.0,0.0,,0.6860807765643959,0.2757035385901365,-0.4740224959828602,1.6648335745296672,0.0,0.0,0.0061124385101897,0.0,0.0,0.0,0.0337837837837837,0.0,,0.0,,0.0,,0.0,-16.518483348102123,2297000000.0,5284000000.0,-2835000000.0,8333000000.0,,,,80.79232693911594,0.0,0.0,1.1139671724992255,0.0,0.0,0.0,,1987-12-31,,bmo,,2025-04-25,1987-12-31,,,
1987-09-30,DD,USD,1666700,1987-09-30,1987-09-30 00:00:00,1987,Q3,3357000000.0,0.0,3357000000.0,1.0,0,0.0,0.0,3357000000.0,0.0,3357000000.0,0.0,0.0,0.0,0.0,3357000000.0,1.0,3357000000.0,1.0,-3357000000.0,0.0,0.0,-330000000.0,0.0,0.0,0.25,0.25,288570282,288570282,,,11.633214538702914,0.0,,,,,,,,9638247418.8,,0.0,2.87108949025916,0.0,0.0,0.0,0.0,,,0.0,0.0,0.0,,0.0,0.0,,0.0,0.0,0.0,0.0052083832335329,0.0,0.0,0.0,0.0,0.0,,0.0,,,0.0,0.0,,,,,,,,,,0.0,0.0,0.0,0.0,0.0,0.0,,1987-09-30,,bmo,,2025-04-25,1987-09-30,,,
1987-06-30,DD,USD,1666700,1987-06-30,1987-06-30 00:00:00,1987,Q2,3408000000.0,0.0,3408000000.0,1.0,0,0.0,0.0,3408000000.0,0.0,3408000000.0,0.0,0.0,0.0,0.0,3408000000.0,1.0,3408000000.0,1.0,-3408000000.0,0.0,0.0,-315000000.0,0.0,0.0,0.24,0.24,287029742,287029742,,,11.873334018465584,0.0,,,,,,,,7815819874.66,,0.0,2.29337437636737,0.0,0.0,0.0,0.0,,,0.0,0.0,0.0,,0.0,0.0,,0.0,0.0,0.0,0.0063885420492104,0.0,0.0,0.0,0.0,0.0,,0.0,,,0.0,0.0,,,,,,,,,,0.0,0.0,0.0,0.0,0.0,0.0,,1987-06-30,,bmo,,2025-04-25,1987-06-30,,,
1987-03-31,DD,USD,1666700,1987-03-31,1987-03-31 00:00:00,1987,Q1,3015000000.0,0.0,3015000000.0,1.0,0,0.0,0.0,3015000000.0,0.0,3015000000.0,0.0,0.0,0.0,0.0,3015000000.0,1.0,3015000000.0,1.0,-3015000000.0,0.0,0.0,-246000000.0,0.0,0.0,0.19,0.19,287359071,287359071,,,10.492099621243556,0.0,,,,,,,,7155240867.9,,0.0,2.3732142182089557,0.0,0.0,0.0,0.0,,,0.0,0.0,0.0,,0.0,0.0,,0.0,0.0,0.0,0.0063510040160642,0.0,0.0,0.0,0.0,0.0,,0.0,,,0.0,0.0,,,,,,,,,,0.0,0.0,0.0,0.0,0.0,0.0,,1987-03-31,,bmo,,2025-04-25,1987-03-31,,,
1986-12-31,DD,USD,1666700,1986-12-31,1986-12-31 00:00:00,1986,Q4,2791000000.0,0.0,2791000000.0,1.0,0,0.0,0.0,-12619000000.0,2791000000.0,-9828000000.0,2791000000.0,0.0,0.0,0.0,-7037000000.0,-2.5213185238,-7037000000.0,-2.5213185238,7037000000.0,0.0,0.0,-169000000.0,0.0,0.0,0.0,0.0,287029742,287029742,,,9.72373099927742,0.0,,,0.909313432752206,18.00510276039617,16.94946302812062,18.00510276039617,12.831422884392238,5310050227.0,8732050227.0,0.0,1.9025618871372267,0.0,0.0,1.0274864990325077,1.0274864990325077,3.128645728054461,-1.2408768263464545,0.0,0.0,0.0,,0.7126547987616099,0.3008495343898056,-0.486286769930368,1.627136752136752,0.0,0.0,0.0085481081081081,0.0,0.0,0.0,0.0247508577029897,0.0,,0.0,,0.0,,0.0,-14.169263337177092,1761000000.0,4865000000.0,-2505000000.0,7411000000.0,,,,76.35972769616625,0.0,0.0,1.1786317567567568,0.0,0.0,0.0,,1986-12-31,,bmo,,2025-04-25,1986-12-31,,,
1986-09-30,DD,USD,1666700,1986-09-30,1986-09-30 00:00:00,1986,Q3,2743000000.0,0.0,2743000000.0,1.0,0,0.0,0.0,2743000000.0,0.0,2743000000.0,0.0,0.0,0.0,0.0,2743000000.0,1.0,2743000000.0,1.0,-2743000000.0,0.0,0.0,-170000000.0,0.0,0.0,0.13,0.13,288390101,288390101,,,9.511422169098656,0.0,,,,,,,,4891096112.96,,0.0,1.783119253722202,0.0,0.0,0.0,0.0,,,0.0,0.0,0.0,,0.0,0.0,,0.0,0.0,0.0,0.0093242924528301,0.0,0.0,0.0,0.0,0.0,,0.0,,,0.0,0.0,,,,,,,,,,0.0,0.0,0.0,0.0,0.0,0.0,,1986-09-30,,bmo,,2025-04-25,1986-09-30,,,
1986-06-30,DD,USD,1666700,1986-06-30,1986-06-30 00:00:00,1986,Q2,2844000000.0,0.0,2844000000.0,1.0,0,0.0,0.0,2844000000.0,0.0,2844000000.0,0.0,0.0,0.0,0.0,2844000000.0,1.0,2844000000.0,1.0,-2844000000.0,0.0,0.0,-227000000.0,0.0,0.0,0.17,0.17,285382096,285382096,,,9.9655866288122,0.0,,,,,,,,5176831221.440001,,0.0,1.8202641425597752,0.0,0.0,0.0,0.0,,,0.0,0.0,0.0,,0.0,0.0,,0.0,0.0,0.0,0.0078461962513781,0.0,0.0,0.0,0.0,0.0,,0.0,,,0.0,0.0,,,,,,,,,,0.0,0.0,0.0,0.0,0.0,0.0,,1986-06-30,,bmo,,2025-04-25,1986-06-30,,,
1986-03-31,DD,USD,1666700,1986-03-31,1986-03-31 00:00:00,1986,Q1,2735000000.0,0.0,2735000000.0,1.0,0,0.0,0.0,2735000000.0,0.0,2735000000.0,0.0,0.0,0.0,0.0,2735000000.0,1.0,2735000000.0,1.0,-2735000000.0,0.0,0.0,-175000000.0,0.0,0.0,0.13,0.13,285382096,285382096,,,9.583642556188948,0.0,,,,,,,,4725927509.759999,,0.0,1.727944244884826,0.0,0.0,0.0,0.0,,,0.0,0.0,0.0,,0.0,0.0,,0.0,0.0,0.0,0.008594806763285,0.0,0.0,0.0,0.0,0.0,,0.0,,,0.0,0.0,,,,,,,,,,0.0,0.0,0.0,0.0,0.0,0.0,,1986-03-31,,bmo,,2025-04-25,1986-03-31,,,
1985-12-31,DD,USD,1666700,1985-12-31,1985-12-31 00:00:00,1985,Q4,2909000000.0,0.0,2909000000.0,1.0,0,0.0,0.0,-13809000000.0,2909000000.0,-10900000000.0,2909000000.0,0.0,0.0,0.0,-7991000000.0,-2.7469920935,-7991000000.0,-2.7469920935,7991000000.0,0.0,0.0,314000000.0,0.0,0.0,0.0,0.0,285382096,285382096,,,10.193351442761848,0.0,,,0.3994644429270713,16.791522899180052,15.862943273077647,16.791522899180052,12.828415136456211,3698551964.16,7245551964.16,0.0,1.2714169694602957,0.0,0.0,0.7718180225709517,0.7718180225709517,2.4907363231901,-0.906714048824928,0.0,0.0,0.0,,0.7639816360601002,0.3094674556213018,-0.4438743586534852,1.4534453781512604,0.0,0.0,0.0109822530864197,0.0,0.0,0.0,0.02240067624683,0.0,,0.0,,0.0,,0.0,-14.970280406098077,1349000000.0,4527000000.0,-2714000000.0,6741000000.0,,,,67.66242695084222,0.0,0.0,1.33013260173754,0.0,0.0,0.0,,1985-12-31,,bmo,,2025-04-25,1985-12-31,,,
1985-09-30,DD,USD,1666700,1985-09-30,1985-09-30 00:00:00,1985,Q3,2873000000.0,0.0,2873000000.0,1.0,0,0.0,0.0,2873000000.0,0.0,2873000000.0,0.0,0.0,0.0,0.0,2873000000.0,1.0,2873000000.0,1.0,-2873000000.0,0.0,0.0,-107000000.0,0.0,0.0,0.08,0.08,286064778,286064778,,,10.04317980034578,0.0,,,,,,,,3109524136.86,,0.0,1.082326535628263,0.0,0.0,0.0,0.0,,,0.0,0.0,0.0,,0.0,0.0,,0.0,0.0,0.0,0.0130938362465501,0.0,0.0,0.0,0.0,0.0,,0.0,,,0.0,0.0,,,,,,,,,,0.0,0.0,0.0,0.0,0.0,0.0,,1985-09-30,,bmo,,2025-04-25,1985-09-30,,,
