date,symbol,reportedCurrency,cik,fillingDate,acceptedDate,calendarYear,period,revenue,costOfRevenue,grossProfit,grossProfitRatio,researchAndDevelopmentExpenses,generalAndAdministrativeExpenses,sellingAndMarketingExpenses,sellingGeneralAndAdministrativeExpenses,otherExpenses,operatingExpenses,costAndExpenses,interestIncome,interestExpense,depreciationAndAmortization,ebitda,ebitdaratio,operatingIncome,operatingIncomeRatio,totalOtherIncomeExpensesNet,incomeBeforeTax,incomeBeforeTaxRatio,incomeTaxExpense,netIncome,netIncomeRatio,eps,epsdiluted,weightedAverageShsOut,weightedAverageShsOutDil,link,finalLink,revenuePerShare,netIncomePerShare,operatingCashFlowPerShare,freeCashFlowPerShare,cashPerShare,bookValuePerShare,tangibleBookValuePerShare,shareholdersEquityPerShare,interestDebtPerShare,marketCap,enterpriseValue,peRatio,priceToSalesRatio,pocfratio,pfcfRatio,pbRatio,ptbRatio,evToSales,enterpriseValueOverEBITDA,evToOperatingCashFlow,evToFreeCashFlow,earningsYield,freeCashFlowYield,debtToEquity,debtToAssets,netDebtToEBITDA,currentRatio,interestCoverage,incomeQuality,dividendYield,payoutRatio,salesGeneralAndAdministrativeToRevenue,researchAndDdevelopementToRevenue,intangiblesToTotalAssets,capexToOperatingCashFlow,capexToRevenue,capexToDepreciation,stockBasedCompensationToRevenue,grahamNumber,roic,returnOnTangibleAssets,grahamNetNet,workingCapital,tangibleAssetValue,netCurrentAssetValue,investedCapital,averageReceivables,averagePayables,averageInventory,daysSalesOutstanding,daysPayablesOutstanding,daysOfInventoryOnHand,receivablesTurnover,payablesTurnover,inventoryTurnover,roe,capexPerShare,report_date,epsEstimated,time,revenueEstimated,updatedFromDate,fiscalDateEnding,surprise(%),QuarterAvgPrice,QuarterAvgVolume
2024-12-31,DECK,USD,910521,2025-02-03,2025-02-03 13:23:48,2025,Q3,1827165000.0,724542000.0,1102623000.0,0.6034610996,0,0.0,0.0,535349000.0,0.0,535349000.0,1259891000.0,15978000.0,610000.0,17161000.0,601713000.0,0.3293150865,567274000.0,0.3104667613,16668000.0,583942000.0,0.3195890902,127208000.0,456734000.0,0.2499686673,3.01,3.0,151820000,152386000,https://www.sec.gov/Archives/edgar/data/910521/000091052125000005/0000910521-25-000005-index.htm,https://www.sec.gov/Archives/edgar/data/910521/000091052125000005/deck-20241231.htm,12.035074430246343,3.008391516269266,7.21522197338954,7.054755631669082,14.760393887498353,17.329199051508365,17.13299301804769,17.329199051508365,1.6970030299038334,30833123800.0,28849229800.0,16.876958908248564,16.87484370595978,28.147436177156603,28.787673252397408,11.71952606674702,11.71952606674702,15.78906655939666,47.9451662171168,26.33634722913234,26.935389565222263,0.0148130952595857,0.0347370901160524,0.0976955200825263,0.0648350437006997,-3.2970768456057957,3.1698800056540826,929.9573770491804,2.3983653505103626,0.0,0.0,0.0,0.0,0.0075139625558067,0.0222399729782776,0.0133332238741438,1.4591518926689029,0.0048479475033727,34.24898314887219,0.1513564406199699,0.1160824640080923,9.508156040047425,2241230000.0,2601131000.0,1940678000.0,2859321000.0,460943500.0,561476000.0,677280000.0,16.268136703581778,72.83689558369286,71.63174805601331,5.532286926270086,1.2356375059475997,1.2564261300676818,0.1736024560239217,0.1604663417204584,2025-01-30,2.48,amc,1734195907.0,2025-03-24,2024-12-31,0.2096774193548387,,
2024-09-30,DECK,USD,910521,2024-10-31,2024-10-31 11:40:56,2025,Q2,1311320000.0,578048000.0,733272000.0,0.5591861636,0,0.0,0.0,428186000.0,0.0,428186000.0,1006234000.0,14797000.0,1151000.0,17306000.0,337369000.0,0.2572743495,305086000.0,0.2326556447,13826000.0,318912000.0,0.2431992191,76591000.0,242321000.0,0.1847916603,1.59,1.59,152240000,152778000,https://www.sec.gov/Archives/edgar/data/910521/000091052124000059/0000910521-24-000059-index.htm,https://www.sec.gov/Archives/edgar/data/910521/000091052124000059/deck-20240930.htm,8.61350499211771,1.591703888596952,-0.5947845507094062,-0.7448502364687336,8.050978717813978,14.603514188124016,14.407140042038886,14.603514188124016,1.7063452443510247,24274668000.0,23307610000.0,25.043916953132413,18.51162797791538,-268.0802650469354,-214.0698790080779,10.918604792377248,10.918604792377248,17.774158862825246,69.08640094377373,-257.4004417448923,-205.5417298670147,0.0099824640238128,-0.0046713718185558,0.1163271245241739,0.0761073129503939,-2.866469651924154,3.084936731990316,265.0616854908775,-0.3736778900714341,0.0,0.0,0.0,0.0,0.0087977644214357,-0.2523025952512424,0.0174221395235335,1.3689256396428786,0.0088231705457096,22.86920598117476,0.0901599588949275,0.0719429138066171,5.802942722017867,1825654000.0,2193343000.0,1526397000.0,2392531000.0,447371000.0,589588000.0,765586500.0,40.60432236219992,83.54373685230291,121.11483821412754,2.216512793814886,1.077280037869399,0.7430963978243739,0.1089945795301359,0.1500656857593273,2024-10-24,1.24,amc,1203989543.0,2025-03-05,2024-09-30,0.2822580645161291,110.72,3063108.464285714
2024-06-30,DECK,USD,910521,2024-08-01,2024-08-01 10:48:59,2025,Q1,825347000.0,372873000.0,452474000.0,0.5482227475,0,0.0,0.0,319667000.0,125000.0,319667000.0,692540000.0,17252000.0,1031000.0,17526000.0,167710000.0,0.2031993816,132807000.0,0.1609105007,16346000.0,149153000.0,0.1807155051,33528000.0,115625000.0,0.1400925914,0.7566818000000001,0.7533484,152868000,153486000,https://www.sec.gov/Archives/edgar/data/910521/000091052124000042/0000910521-24-000042-index.htm,https://www.sec.gov/Archives/edgar/data/910521/000091052124000042/deck-20240630.htm,5.399082868880341,0.7563715100609676,0.7369102755318314,0.5895870947484104,9.40940550017008,13.570413690242562,13.304229793024048,13.570413690242562,1.7230486432739356,24110340960.0,22934311960.0,52.13046694054054,29.21236880972488,214.0287701731025,267.5092474120427,11.622342811362063,11.622342811362063,27.787478430284477,136.74981789994632,203.5890986240568,254.4609610669152,0.0047956600942237,0.0037381885287117,0.1264739824206717,0.0793559047358931,-7.012277145071851,2.863469483928238,128.8137720659554,0.9742702702702702,0.0,0.0,0.0,0.0,0.0123074121829195,0.1999201065246338,0.0272867048647417,1.2850051352276617,0.0101121104214348,15.19691322731093,0.0421920991672278,0.0354077502933675,5.302921474736374,1700360000.0,2033791000.0,1381093000.0,2267843000.0,299846500.0,510549000.0,613796500.0,33.054606123242706,155.1025416160462,181.81895712481196,2.7227672798289837,0.5802612843237187,0.4949978892367002,0.0557368056218371,0.147323180783421,2024-07-25,0.58,amc,807490148.0,2025-03-05,2024-06-30,0.2931034482758621,161.51383333333334,3129328.216666667
2024-03-31,DECK,USD,910521,2024-05-24,2024-05-24 14:32:03,2024,Q4,959758000.0,420282000.0,539476000.0,0.5620958617,49171000,46362000.0,348852000.0,395214000.0,645000.0,395214000.0,815496000.0,18937000.0,0.0,16265000.0,135252724.0,0.1409237787,144262000.0,0.1503108075,19945000.0,164207000.0,0.1710920878,36662000.0,127545000.0,0.1328928751,0.8300166000000001,0.8250165,153738000,154710000,https://www.sec.gov/Archives/edgar/data/910521/000091052124000017/0000910521-24-000017-index.htm,https://www.sec.gov/Archives/edgar/data/910521/000091052124000017/deck-20240331.htm,6.242815699436704,0.8296257268860009,-0.1865121180189673,-0.2859475211073384,9.770199950565248,13.70817884973136,13.44101653462384,13.708178843226788,1.7359338615046378,23841689040.000004,22606517040.000004,46.731916264847705,24.84135484153297,-831.4741242937854,-542.3372771320035,11.312954242395593,11.312954242395593,23.55439291988189,167.14278553088516,-788.3977484829463,-514.2402820681968,0.0053496629280758,-0.0018438710414453,0.126634900329037,0.0851131481617908,-9.132326236919264,3.3937593837717865,0.0,-0.2248147712572033,0.0,0.0,0.0483059271191279,0.0512327065781165,0.0130990161625651,-0.5331310594964079,0.0159279735099889,0.9398708884106978,0.0089616340785906,15.996399636625886,0.0453809158297014,0.0412165948296755,6.072143842121011,1723490000.0,2066395000.0,1415372000.0,2292354000.0,314121000.0,442832000.0,506637000.0,27.809979182252192,81.05336416977173,101.5698745128271,3.236248377252879,1.1103795742702172,0.8860895066738912,0.0605204919175619,0.0994354030883711,2024-05-23,2.97,amc,888488126.0,2025-03-05,2024-03-31,-0.7205387205387205,180.775625,1912254.25
2023-12-31,DECK,USD,910521,2024-02-05,2024-02-05 13:24:18,2024,Q3,1560307000.0,643738000.0,916569000.0,0.5874286278,0,0.0,0.0,428670000.0,170000.0,428670000.0,1072408000.0,11895000.0,911000.0,15763000.0,503662000.0,0.3227967317,487899000.0,0.3126942326,11154000.0,499053000.0,0.3198428258,109134000.0,389919000.0,0.2498988981,2.5317173,2.5183837,153984000,154866000,https://www.sec.gov/Archives/edgar/data/910521/000091052124000007/0000910521-24-000007-index.htm,https://www.sec.gov/Archives/edgar/data/910521/000091052124000007/deck-20231231.htm,10.13291640689942,2.532204644638404,6.106673420615129,5.998597256857855,10.7206073358271,13.66499116791355,13.34165887364921,13.66499116791355,1.785263403990025,17155357440.0,15778546440.0,10.999308471759518,10.99486026788318,18.243975455425225,18.57267544885286,8.152950750645141,8.152950750645141,10.11246276534041,31.327649177424544,16.779796922357043,17.08211694858004,0.0227287015944565,0.0538425388821277,0.1302121006182901,0.0818504423803248,-2.733601105503294,2.8560858792247923,535.5642151481889,2.41160343558534,0.0,0.0,0.0,0.0,0.014873371115225,0.0176980421766826,0.0106658497334178,1.0557634967962952,0.0076702853989631,27.902642658850485,0.1542624160583987,0.1182407220125961,6.012132754052369,1721412000.0,2054402000.0,1405585000.0,2304194000.0,424208500.0,492014500.0,632647500.0,19.13144656788696,70.90538386734977,75.35157160211142,4.704296650054119,1.269297126553501,1.194401099889974,0.1853059847257139,0.1080761637572734,2024-02-01,1.9,amc,879190000.0,2025-03-05,2023-12-31,0.3263157894736843,152.55203125,2017419.53125
2023-09-30,DECK,USD,910521,2023-11-02,2023-11-02 12:33:27,2024,Q2,1091907000.0,508888000.0,583019000.0,0.5339456565,0,0.0,0.0,358402000.0,622000.0,358402000.0,867290000.0,10089000.0,1011000.0,12785000.0,237402000.0,0.2174196154,224617000.0,0.2057107428,9700000.0,234317000.0,0.2145942832,55770000.0,178547000.0,0.1635185048,1.1433562000000002,1.1366894,156186000,157068000,https://www.sec.gov/Archives/edgar/data/910521/000091052123000042/0000910521-23-000042-index.htm,https://www.sec.gov/Archives/edgar/data/910521/000091052123000042/deck-20230930.htm,6.991068341592716,1.1431690420396194,-0.0239073924679548,-0.1948830240866658,5.269684862919852,11.49353975388319,11.171231736519278,11.49353975388319,1.6139666807524362,13382016480.000002,12810033480.000002,18.7373863464522,12.25563759550951,-3583.8287305838244,-439.64835008870494,7.454622495306747,7.454622495306747,11.7317990268402,53.95924836353528,-3430.646352437065,-420.85660950128135,0.0133423090807611,-0.0022745450990507,0.1398606229075331,0.0881394036860376,-2.409343644956656,2.8705684825978746,222.1730959446093,-0.0209132609340957,0.0,0.0,0.0,0.0,0.0176722544551879,-7.15158007498661,0.0244562952705679,2.088697692608525,0.0089110153154068,17.19386005750442,0.0800301994528813,0.0638079646400373,3.3317262750822736,1420491000.0,1744790000.0,1126478000.0,1975381000.0,408730500.0,499941000.0,733442500.0,42.5920888866909,84.3370643442172,128.4563204477213,2.1130684677013587,1.067146464011005,0.7006272613625725,0.0994618774127779,0.170975631618711,2023-10-26,0.74,amc,960620000.0,2025-03-05,2023-09-30,0.5405405405405405,153.85285714285715,2162884.492063492
2023-06-30,DECK,USD,910521,2023-08-03,2023-08-03 12:15:49,2024,Q1,675791000.0,329367000.0,346424000.0,0.512620026,0,0.0,0.0,275688000.0,346000.0,275688000.0,605055000.0,11287000.0,1005000.0,12911000.0,83089000.0,0.1229507348,70736000.0,0.1046714147,10628000.0,81364000.0,0.1203981704,17812000.0,63552000.0,0.0940409091,0.4050081,0.4016747,156990000,157926000,https://www.sec.gov/Archives/edgar/data/910521/000091052123000035/0000910521-23-000035-index.htm,https://www.sec.gov/Archives/edgar/data/910521/000091052123000035/deck-20230630.htm,4.30467545703548,0.4048155933498949,0.797897955283776,0.6021402637110644,6.668507548251481,11.479208866806802,11.15502261290528,11.479208866806802,1.6663863940378367,13805700600.0,13019412600.0,54.30867871978852,20.428950074801232,110.21459500886142,146.04570612503966,7.66080668279211,7.66080668279211,19.265442422287364,156.6923732383348,103.93744790918235,137.72783878133924,0.0046033158215817,0.0068471715227548,0.1446079369809241,0.0915063088547288,-9.463202108582363,2.956166316029812,70.38407960199005,1.9710158610271904,0.0,0.0,0.0,0.0,0.0178706992024304,0.2453417636633616,0.0454755982248949,2.487816724682264,0.0103419548351487,10.225295195914144,0.0255396096099621,0.0227214223198503,3.8023138416459648,1439355000.0,1751227000.0,1129378000.0,1998209000.0,303508000.0,394309500.0,636702500.0,40.04920160227052,142.91431746349815,202.357157820911,2.247235809936785,0.6297479608576444,0.44475817395919,0.0352651126089757,0.1957576915727116,2023-07-27,0.37,amc,666920000.0,2025-03-05,2023-06-30,0.0810810810810811,138.60852459016394,2662535.557377049
2023-03-31,DECK,USD,910521,2023-05-26,2023-05-26 13:38:57,2023,Q4,791571000.0,395403000.0,396168000.0,0.5004832163,0,19109000.0,271140000.0,290249000.0,0.0,290249000.0,685652000.0,8894000.0,197000.0,12769000.0,127824000.0,0.1614814085,105919000.0,0.1338085908,8939000.0,114858000.0,0.1451013238,23071000.0,91787000.0,0.115955486,0.58,0.58,157812000,158958000,https://www.sec.gov/Archives/edgar/data/910521/000091052123000016/0000910521-23-000016-index.htm,https://www.sec.gov/Archives/edgar/data/910521/000091052123000016/deck-20230331.htm,5.015911337540872,0.5816224368235622,0.3772780270194915,0.2190771297493219,6.221294958558285,11.188838618102553,10.862836793146275,11.188838618102553,1.5631574278255138,11824853160.000002,11089546160.000002,32.20732009979627,14.938461818333415,198.60684862023217,342.02566048650687,6.6968523327139495,6.6968523327139495,14.009540723447426,86.75636938290151,186.25684274173236,320.7574164810691,0.0077622105541647,0.0029237572367452,0.1395952842247384,0.0964273964156993,-5.752495618976092,3.840630905947163,537.6598984771574,0.6486648436053036,0.0,0.0,0.0241406014116232,0.0,0.0201263358191818,0.4193217890794269,0.0315398113372015,1.9552040097110188,0.0110754436430844,12.100528525706787,0.0401232543783161,0.0366450863876561,4.356273604035181,1412873000.0,1714286000.0,1119783000.0,1944301000.0,316318000.0,376479500.0,628108000.0,34.82511360320173,60.45591459852353,121.28557446453364,2.58434189261986,1.4886880894561474,0.7420503254186903,0.0519823778566748,0.1582008972701695,2023-05-25,0.44,amc,720730000.0,2025-03-05,2023-03-31,0.318181818181818,101.64349206349206,2305189.4603174604
2022-12-31,DECK,USD,910521,2023-02-06,2023-02-06 12:25:56,2023,Q3,1345640000.0,633111000.0,712529000.0,0.5295093784,0,0.0,0.0,349869000.0,228000.0,349869000.0,982980000.0,3571000.0,1155000.0,12642000.0,374731000.0,0.278477899,362660000.0,0.2695074463,2644000.0,365304000.0,0.2714723106,86642000.0,278662000.0,0.2070851045,1.7583685000000002,1.7467016000000002,158508000,159516000,https://www.sec.gov/Archives/edgar/data/910521/000091052123000005/0000910521-23-000005-index.htm,https://www.sec.gov/Archives/edgar/data/910521/000091052123000005/deck-20221231.htm,8.48941378353143,1.7580311403840816,4.509103641456583,4.308451308451309,6.673751482575012,11.161405102581574,10.833364877482524,11.161405102581574,1.2716077421959775,10545537240.0,9688099240.0,9.460867681994674,7.836819089801136,14.754595434073616,15.441743502937369,5.960719048232733,5.960719048232733,7.199621919681341,25.85347686740622,13.554926748459906,14.186204087131218,0.0264246376128676,0.0647595266564152,0.1132761540426821,0.0713365552636272,-2.2881426943594203,2.752032979028733,313.991341991342,2.564859937845849,0.0,0.0,0.0,0.0,0.0185089536889939,0.0444993836824866,0.0236355934722511,2.634827271974153,0.0056330073422312,21.011834740630203,0.1353925858019857,0.1010636523081342,3.937742889948772,1428443000.0,1717175000.0,1203632000.0,1889559000.0,380507500.0,485141000.0,824203500.0,21.826558366279244,69.27988930850988,102.82993029658306,4.123416916660793,1.2990782880616554,0.8752315570031133,0.157509840761667,0.2006523330052741,2023-02-02,1.6,amc,1259721408.0,2025-03-05,2022-12-31,0.0937499999999999,89.53682539682539,2118807.3174603176
2022-09-30,DECK,USD,910521,2022-11-03,2022-11-03 12:47:41,2023,Q2,875614000.0,453693000.0,421921000.0,0.4818573024,0,0.0,0.0,294090000.0,241000.0,294090000.0,747783000.0,1884000.0,1038000.0,11934000.0,141890000.0,0.1620462898,127831000.0,0.1459901281,1087000.0,128918000.0,0.1472315427,27394000.0,101524000.0,0.1159460676,0.6383461,0.633346,159102000,160092000,https://www.sec.gov/Archives/edgar/data/910521/000091052122000039/0000910521-22-000039-index.htm,https://www.sec.gov/Archives/edgar/data/910521/000091052122000039/deck-20220930.htm,5.503475757690035,0.6381063720129225,-1.306866035624945,-1.380950585159206,2.6351585775163104,9.527466656610224,9.197225679124085,9.527466656610224,1.2456348757400912,8289214200.0,8067100200.0,20.41195727118711,9.466744707142643,-39.866366237826135,-37.72763526798718,5.468400140120422,5.468400140120422,9.213078137170031,56.8546070899993,-38.7981252855597,-36.71670277454122,0.0122477230712653,-0.0265057693888523,0.1300566880783513,0.0799339428442608,-1.5653957290859115,2.6258879751421857,123.15125240847784,-2.048037902367913,0.0,0.0,0.0,0.0,0.0213035543631497,-0.0566887098713478,0.0134614110783975,1.0418987006099178,0.0076700463903044,11.695708042323982,0.0564089196109992,0.0420597007134373,1.6170506970371208,1184661000.0,1463297000.0,962775000.0,1623305000.0,378335000.0,543516000.0,882276000.0,44.67797454129331,95.79940620639948,183.50265487896,2.0144154009671618,0.9394630255441804,0.4904561193371551,0.0669754505590633,0.074084549534261,2022-10-27,0.61,amc,810711083.0,2025-03-05,2022-09-30,0.0327868852459016,80.3916129032258,2662624.64516129
2022-06-30,DECK,USD,910521,2022-08-04,2022-08-04 11:51:57,2023,Q1,614461000.0,319709000.0,294752000.0,0.4796919577,0,0.0,0.0,238411000.0,499000.0,238411000.0,558120000.0,1214000.0,1052000.0,12085000.0,70139000.0,0.1141471957,56341000.0,0.0916917428,661000.0,57002000.0,0.0927674824,12153000.0,44849000.0,0.0729891726,0.2783389,0.2766722,160662000,161688000,https://www.sec.gov/Archives/edgar/data/910521/000091052122000032/0000910521-22-000032-index.htm,https://www.sec.gov/Archives/edgar/data/910521/000091052122000032/deck-20220630.htm,3.824557144813334,0.2791512616549028,-0.1800114526148062,-0.257609142174254,4.327283365076994,9.16462511359251,8.8340553460059,9.16462511359251,1.2936911030610847,6837774720.0,6349339720.0,38.11553613235524,11.128085785753694,-236.4294014729781,-165.21152797912438,4.643943366202416,4.643943366202416,10.333185865335636,90.5250961661843,-219.54080840911448,-153.41016043297574,0.0065590052080569,-0.0060528463856732,0.1404469008908542,0.0822818404203,-6.963814710788577,2.437897463982855,53.55608365019011,-0.6448527280429887,0.0,0.0,0.0,0.0,0.0211319835814315,-0.4310708481726081,0.0202893267432758,1.0651003844510891,0.006239614881986,7.586970734008733,0.0251728165690774,0.0182302484978509,1.964599594179084,1149970000.0,1419297000.0,908883000.0,1595186000.0,312342000.0,465795500.0,673152500.0,47.16270031783954,170.05889730974104,236.32681594825297,1.9082876805923057,0.5292284110020791,0.3808285557391285,0.030459648724843,0.0775976895594477,2022-07-28,0.22,amc,566189007.0,2025-03-05,2022-06-30,0.2727272727272728,69.8967741935484,2309594.8387096776
2022-03-31,DECK,USD,910521,2022-05-27,2022-05-27 12:43:59,2022,Q4,736007000.0,377268000.0,358739000.0,0.4874124838,33344000,21560000.0,255881000.0,277441000.0,-263000.0,277441000.0,654709000.0,,,12074000.0,49269000.0,0.0669409394,81298000.0,0.1104581886,1052000.0,82350000.0,0.1118875228,13531000.0,68819000.0,0.0935031868,0.4233418,0.4183417,162804000,164244000,https://www.sec.gov/Archives/edgar/data/910521/000091052122000017/0000910521-22-000017-index.htm,https://www.sec.gov/Archives/edgar/data/910521/000091052122000017/deck-20220331.htm,4.520816441856465,0.422710744207759,-0.3379339573966242,-0.3975270877865409,5.18124247561485,9.45200977862952,9.122300434878747,9.45200977862952,1.3640328247463207,7428746520.0,6807289520.0,26.9865390371845,10.093309601674983,-135.02638311794536,-114.7846307884856,4.827544730557405,4.827544730557405,9.248946708387283,138.16577401611562,-123.73065634258502,-105.1822420000309,0.0092638778042463,-0.0087119677358435,0.1443114064302308,0.0952170650659234,-12.613550102498529,3.234594339134994,,-0.7994449207340996,0.0,0.0,0.0292931996570684,0.045303916946442,0.0230155429306463,-0.1763454932111892,0.0131819398456808,0.8309352517985612,0.0115963570998645,9.481454897595029,0.0369105143760045,0.0302026883504229,3.2586177243802363,1210444000.0,1485147000.0,958703000.0,1669030000.0,318614500.0,404773000.0,528772500.0,37.01312623385376,78.12438372721779,120.89983778109992,2.4315698012474893,1.1520090873836213,0.7444178722799707,0.0447217844784169,0.0595931303899167,2022-05-19,0.23,amc,639501100.0,2025-03-05,2022-03-31,0.826086956521739,60.49650793650794,2513476.476190476
2021-12-31,DECK,USD,910521,2022-02-07,2022-02-07 11:24:28,2022,Q3,1187752000.0,566531000.0,621221000.0,0.5230224828,0,0.0,0.0,327825000.0,191000.0,327825000.0,894356000.0,369000.0,999000.0,11658000.0,305614000.0,0.2573045552,293396000.0,0.247017896,-439000.0,292957000.0,0.2466482902,60014000.0,232943000.0,0.1961209074,1.4150283,1.4033614,164568000,165978000,https://www.sec.gov/Archives/edgar/data/910521/000091052122000007/0000910521-22-000007-index.htm,https://www.sec.gov/Archives/edgar/data/910521/000091052122000007/deck-20211231.htm,7.217393417918429,1.4154817461474891,2.43087355986583,2.3421807398765253,6.0659484225365805,9.508178989840069,9.178576637013272,9.508178989840069,1.340497545087745,10046876400.0,9268219400.0,10.782548091163934,8.458732462668975,25.11442841287458,26.06545214918744,6.420787835949952,6.420787835949952,7.803160424061589,30.32655375735405,23.1680000199978,24.045317137460824,0.02318561418751,0.0383649588841363,0.1403451815059607,0.0862014281856264,-2.5478446668019137,2.740108252167104,293.6896896896897,1.717347162181306,0.0,0.0,0.0,0.0,0.0212916789659785,0.0364859865414804,0.0122887606166943,1.2950048797799665,0.0054632616909927,17.40171573387199,0.12489350136343,0.0934266116825477,3.291741103981333,1266677000.0,1510500000.0,1011781000.0,1722005000.0,352451000.0,489592000.0,593509500.0,25.34930692602496,76.58064607232437,87.49284681685556,3.550392926427553,1.1752316625143395,1.0286555218438889,0.1488699095441932,0.0886928199893053,2022-02-03,1.39,amc,1184373992.0,2025-03-05,2021-12-31,0.0071942446043165,52.04078125,2207761.203125
2021-09-30,DECK,USD,910521,2021-11-04,2021-11-04 11:58:32,2022,Q2,721902000.0,354814000.0,367088000.0,0.5085011539,0,0.0,0.0,238907000.0,-48000.0,238907000.0,593721000.0,460000.0,913000.0,10350000.0,138943000.0,0.1924679527,128181000.0,0.177560112,-501000.0,127680000.0,0.176866112,25617000.0,102063000.0,0.141380686,0.6150123000000001,0.6100122000000001,165906000,167376000,https://www.sec.gov/Archives/edgar/data/910521/000091052121000039/0000910521-21-000039-index.htm,https://www.sec.gov/Archives/edgar/data/910521/000091052121000039/deck-20210930.htm,4.351271201764855,0.6151857075693465,-0.8218027075572915,-0.8893349245958555,4.497793931503382,8.822742999047653,8.492381227924247,8.822742999047653,1.397592612684291,9959337180.0,9444082180.0,24.39507260221628,13.795968400142955,-73.04672940106497,-67.49987922410638,6.804006419146491,6.804006419146491,13.082221935941444,67.97091022937464,-69.26759311144035,-64.00771406883277,0.0102479711405854,-0.0148148413226029,0.1577842057296826,0.0958151899742452,-3.7083912107842782,2.699340959905588,140.39539978094194,-1.3358611837786465,0.0,0.0,0.0,0.0,0.0227382477497809,-0.0821757052118936,0.0155201121481863,1.1248995983935743,0.0086355211649226,11.05086292458022,0.057682489217329,0.0433273915223276,2.383462623413258,1160587000.0,1408937000.0,896864000.0,1629694000.0,294584000.0,445380000.0,546987000.0,46.173150926303016,126.09775826207532,161.3924478740974,1.9491847143732737,0.7137319587628866,0.5576469109026042,0.0697272614237716,0.067532217038564,2021-10-28,0.61,amc,768540000.0,2025-03-05,2021-09-30,0.0,43.641935483870974,2517010.516129032
2021-06-30,DECK,USD,910521,2021-08-05,2021-08-05 13:37:07,2022,Q1,504678000.0,244175000.0,260503000.0,0.5161766513,0,0.0,0.0,198671000.0,233000.0,198671000.0,442846000.0,482000.0,896000.0,10348000.0,72895000.0,0.1444386322,61832000.0,0.1225177242,-181000.0,61651000.0,0.1221590797,13527000.0,48124000.0,0.0953558507,0.2883391,0.2850057,166878000,168372000,https://www.sec.gov/Archives/edgar/data/910521/000091052121000028/0000910521-21-000028-index.htm,https://www.sec.gov/Archives/edgar/data/910521/000091052121000028/deck-20210630.htm,3.0242332722108367,0.2883783362696101,-0.2177159361929073,-0.3106880475556994,5.733002552763097,8.503140018456596,8.17132276273685,8.503140018456596,1.3959419456129627,10681860780.0,9957204780.0,55.49133893691298,21.165695314636263,-294.00695750302765,-206.02659324551084,7.527807358347893,7.527807358347893,19.729817388513077,136.5965399547294,-274.06156501156005,-192.04977684340463,0.0045052075655305,-0.0048537423458162,0.1635363819400741,0.1012789933900853,-9.941093353453596,2.8744432029547085,69.00892857142857,-0.754966336962846,0.0,0.0,0.0,0.0,0.0241671049272123,-0.4270340195970494,0.0307423743456223,1.5560124360645873,0.0110129627207843,7.427834870322323,0.0277865622055543,0.0215234972149693,2.860780030920792,1125665000.0,1363614000.0,853930000.0,1593255000.0,217262500.0,312633500.0,367973000.0,39.02018712921903,145.0891778437596,168.70424900174055,2.306498420982875,0.6203081534924486,0.5334779682939192,0.0339143346626854,0.0929721113627919,2021-07-29,0.00756,amc,504678000.0,2025-03-05,2021-06-30,37.359788359788354,49.615,2711329.0483870967
2021-03-31,DECK,USD,910521,2021-05-28,2021-05-28 13:43:58,2021,Q4,561188000.0,262538000.0,298650000.0,0.532174601,28626000,55660000.0,188345000.0,244005000.0,177000.0,244005000.0,506543000.0,918000.0,2674000.0,9893000.0,77295000.0,0.1377345916,54645000.0,0.0973737856,-1579000.0,53066000.0,0.0945601118,19608000.0,33458000.0,0.0596199491,0.1983373,0.1966706,168342000,170244000,https://www.sec.gov/Archives/edgar/data/910521/000091052121000017/0000910521-21-000017-index.htm,https://www.sec.gov/Archives/edgar/data/910521/000091052121000017/deck-20210331.htm,3.333618467168027,0.1987501633579261,0.4393140155160328,0.3744579486996709,6.471118318660821,8.579112758551044,8.24684273680959,8.579112758551044,1.340818096494042,9270593940.0,8404274940.0,69.27038331639667,16.519586912050862,125.35452558988574,147.06591271792755,6.4190787031106655,6.4190787031106655,14.975863596513111,108.72986532117211,113.64038861469813,133.32288877960562,0.0036090460025045,0.0067996722117245,0.1544371548754522,0.1028931519740924,-11.207956530176595,3.524576828476753,20.43567688855647,2.210383166955586,0.0,0.0,0.0991824486624803,0.0510096438270241,0.0258037878770404,0.14763031573254,0.0194551558479511,1.103608612150005,0.0091627048333178,6.193928591785022,0.019731663409497,0.0158435814506314,3.9609277542146346,1182431000.0,1388290000.0,927319000.0,1631567000.0,277699500.0,267322500.0,291770000.0,34.595572250297586,79.40519086760773,95.3834492530605,2.601488980984433,1.1334271603232713,0.9435599226572552,0.0231667503332237,0.0648560668163619,2021-05-20,0.1,amc,488299321.0,2025-03-05,2021-03-31,1.0,64.47765625,2543307.671875
2020-12-31,DECK,USD,910521,2021-02-08,2021-02-08 11:41:15,2021,Q3,1077759000.0,463862000.0,613897000.0,0.5696050787,0,0.0,0.0,285242000.0,267000.0,285242000.0,749104000.0,593000.0,959000.0,11138000.0,341737000.0,0.3170810914,328655000.0,0.3049429418,-99000.0,328556000.0,0.3048510845,73020000.0,255536000.0,0.2370993886,1.5150303,1.4983633,168684000,170460000,https://www.sec.gov/Archives/edgar/data/910521/000091052121000010/0000910521-21-000010-index.htm,https://www.sec.gov/Archives/edgar/data/910521/000091052121000010/deck-20201231.htm,6.38921889450096,1.514879893765858,3.190717554717697,3.143487230561286,6.856346778591924,9.011649000497972,8.655610490621518,9.011649000497972,1.5774940124730266,8063095199.999999,7171678199.999999,7.888414156909397,7.481352695732533,14.980956220748649,15.206042364442832,5.30424564886611,5.30424564886611,6.654250347248317,20.98595762238212,13.32473379993051,13.52493550285145,0.0316920479867334,0.0657633311832905,0.1744196679080152,0.1110367066608036,-2.6084883989734795,3.2481227594648945,342.7059436913452,2.1062511740028804,0.0,0.0,0.0,0.0,0.0251514961157526,0.0148024146125304,0.0073921906474453,0.7152989764769259,0.0092079954795088,17.525987341999176,0.1370992947057859,0.1097761312007258,4.127461703540348,1285589000.0,1460063000.0,989710000.0,1757641000.0,344282000.0,307972500.0,394718000.0,28.36560863792369,58.791558696336416,59.234901759575045,3.1728562975262085,1.5308320105078,1.5193745127711284,0.1681024076372867,0.0472303241564108,2021-02-04,1.17,amc,952920000.0,2025-03-05,2020-12-31,0.2820512820512821,68.514375,2130615.25
2020-09-30,DECK,USD,910521,2020-11-05,2020-11-05 11:10:12,2021,Q2,623525000.0,304548000.0,318977000.0,0.5115705064,0,0.0,0.0,190373000.0,113000.0,190373000.0,494921000.0,452000.0,1205000.0,10223000.0,139392000.0,0.2235547893,128604000.0,0.2062531575,-640000.0,127964000.0,0.2052267351,26410000.0,101554000.0,0.162870775,0.6033454,0.5966786000000001,168276000,170010000,https://www.sec.gov/Archives/edgar/data/910521/000091052120000042/0000910521-20-000042-index.htm,https://www.sec.gov/Archives/edgar/data/910521/000091052120000042/deck0930202010-q.htm,3.7053709382205424,0.6034966364781669,-0.2206494093037628,-0.2448952910694335,3.722539161853146,7.386460338966935,7.025422520145475,7.386460338966935,1.7037307756305118,6170680920.0,5829758920.0,15.190639758158222,9.89644508239445,-166.19124481551307,-149.73746469303566,4.964488850843629,4.964488850843629,9.34967951565695,41.82276543847566,-157.00939725289524,-141.4646668284397,0.0164575030400372,-0.0066783553604972,0.229686459141214,0.1392407532770047,-2.445778810835629,2.976599807082379,106.7253112033195,-0.3656182917462631,0.0,0.0,0.0,0.0,0.0296310675065891,-0.1098841906813897,0.0065434425243574,0.3991000684730509,0.0063317429132753,10.014905857072913,0.0635820934665977,0.0510425745152025,1.918046839715705,995894000.0,1182210000.0,692352000.0,1488711000.0,254763000.0,283244500.0,459556000.0,50.35799687261938,92.47763899286812,143.07242208124828,1.7872037330566408,0.9732082369332634,0.629052047143583,0.0817030903549901,0.0242458817656706,2020-10-29,0.44,amc,250038067.0,2025-03-05,2020-09-30,0.3636363636363636,56.43380952380952,2125835.6507936507
2020-06-30,DECK,USD,910521,2020-08-06,2020-08-06 12:19:04,2021,Q1,283169000.0,140603000.0,142566000.0,0.503466128,0,0.0,0.0,150265000.0,143000.0,150265000.0,290868000.0,674000.0,1190000.0,9276000.0,2394000.0,0.0084543153,-7699000.0,-0.0271887106,-373000.0,-8072000.0,-0.0285059452,-99000.0,-7973000.0,-0.0281563307,-0.0466676,-0.0466676,168006000,168006000,https://www.sec.gov/Archives/edgar/data/910521/000091052120000033/0000910521-20-000033-index.htm,https://www.sec.gov/Archives/edgar/data/910521/000091052120000033/deck0630202010-q.htm,1.685469566563099,-0.0474566384533885,0.1260014523290835,0.070926038355773,3.9399842862754895,6.767186886182636,6.401854695665631,6.767186886182636,1.6993500232134566,5498836379.999999,5121206379.999999,-172.42055625235167,19.41892078582048,259.7589106712645,461.4666314199395,4.836573978299417,4.836573978299417,18.08533554167299,2139.18395154553,241.92008975388532,429.7756277274252,-0.0014499431241487,0.0021670039216551,0.2500694854907259,0.1538008380550113,-157.74018379281537,3.265358305611674,-6.469747899159664,-2.655085914963,0.0,0.0,0.0,0.0,0.0332030341356489,0.4371014218905003,0.0326765994865257,0.997520482966796,0.0130204930624468,,-0.005062214266907,-0.004461198262298,1.7158449698225064,894812000.0,1075550000.0,578172000.0,1395842000.0,173119500.0,200724500.0,373297000.0,51.05738975664709,162.30187122607626,278.4269183445588,1.7627223097178215,0.554522257322811,0.32324460772368,-0.007012757184272,0.0550754139733104,2020-07-30,-0.19,amc,1122562821.0,2025-03-05,2020-06-30,-0.736842105263158,53.37049180327869,2018129.9672131147
2020-03-31,DECK,USD,910521,2020-06-01,2020-06-01 12:42:44,2020,Q4,374910000.0,181912000.0,192998000.0,0.5147848817,27555000,31395000.0,144948000.0,176343000.0,221000.0,176343000.0,358255000.0,2017000.0,2248000.0,9475000.0,28368000.0,0.0756661599,16655000.0,0.0444239951,-10000.0,16645000.0,0.044397322,555000.0,16090000.0,0.0429169667,0.0950019,0.0950019,167952000,169674000,https://www.sec.gov/Archives/edgar/data/910521/000091052120000016/0000910521-20-000016-index.htm,https://www.sec.gov/Archives/edgar/data/910521/000091052120000016/deck331202010-k.htm,2.232244927122035,0.0958011812898923,0.283467895589216,0.2311255596837191,3.866795274840431,6.788368105172906,6.419179289320758,6.788368105172906,1.7741021244165,3750368159.999999,3396648159.9999995,58.27172405220634,10.003382571817236,78.7743527484299,96.61415219743417,3.2894503736448795,3.2894503736448795,9.059902803339469,119.7352002256063,71.34466508433279,87.50188469266834,0.0042902454675276,0.0103504505008382,0.2593726976107778,0.1675332753957525,-12.46897913141568,3.96785802104032,7.4088078291814945,2.958918582970789,0.0,0.0,0.0837400976234296,0.073497639433464,0.0351285296507089,0.1846499611418009,0.0234482942572884,0.9278100263852244,0.0045637619695393,3.82524612004108,0.0106345570592373,0.0094474115618937,1.9020017624083072,893165000.0,1078114000.0,569113000.0,1407730000.0,246910500.0,196329500.0,338783000.0,44.55373289589502,73.168784906988,154.17234706891244,2.0200327593267096,1.230032726584264,0.5837622745651755,0.014112549556187,0.0523423359054968,2020-05-21,0.01624,amc,59196315.0,2025-03-05,2020-03-31,5.157635467980295,44.34546875,2268256.796875
2019-12-31,DECK,USD,910521,2020-02-06,2020-02-06 13:24:20,2020,Q3,938735000.0,431103000.0,507632000.0,0.5407617698,0,0.0,0.0,251866000.0,117000.0,251866000.0,682969000.0,848000.0,128000.0,9471000.0,266202000.0,0.2835752369,255766000.0,0.2724581485,837000.0,256603000.0,0.2733497739,55010000.0,201593000.0,0.2147496365,1.2016907,1.1900238,167868000,169494000,https://www.sec.gov/Archives/edgar/data/910521/000091052120000004/0000910521-20-000004-index.htm,https://www.sec.gov/Archives/edgar/data/910521/000091052120000004/deck1231201910-q.htm,5.592102127862368,1.2009018991112064,2.709754092501251,2.657808516215121,3.674696785569614,6.694229990230419,6.321061786641885,6.694229990230419,1.6518097552839135,4723805520.0,4384099520.0,5.858097156151255,5.032096938965736,10.38470615391718,10.58767019080556,4.203620138696699,4.203620138696699,4.6702205840839,16.46907055544286,9.637904243087752,9.82627239942532,0.0426759736713293,0.0944494852954911,0.2466373658839578,0.1467725015105772,-1.2761211410883464,2.892857297077887,1998.171875,2.256432515017883,0.0,0.0,0.0,0.0,0.0331733877864867,0.0191698488176028,0.0092890964968814,0.9207053109492134,0.0045476092827049,13.449165548017666,0.1358260126597161,0.1104190812550528,1.5869716086448875,876692000.0,1061104000.0,575246000.0,1365445000.0,328147000.0,279077000.0,462410500.0,29.550671914864157,51.09922686689724,76.39738067236833,3.0456160272528185,1.761279093995514,1.1780508599629451,0.1793935823632899,0.0519455762861295,2020-01-30,1.08,amc,861164460.0,2025-03-05,2019-12-31,0.1018518518518517,34.5784375,1979129.671875
2019-09-30,DECK,USD,910521,2019-11-08,2019-11-08 11:44:59,2020,Q2,542205000.0,269181000.0,273024000.0,0.5035438626,0,0.0,0.0,175893000.0,86000.0,175893000.0,445074000.0,1530000.0,1524000.0,9621000.0,106250000.0,0.195959093,97131000.0,0.1791407309,92000.0,97223000.0,0.1793104084,19413000.0,77810000.0,0.1435066073,0.4550091,0.4516757,170898000,172230000,https://www.sec.gov/Archives/edgar/data/910521/000091052119000032/0000910521-19-000032-index.htm,https://www.sec.gov/Archives/edgar/data/910521/000091052119000032/deck0930201910-q.htm,3.172681950637222,0.4553008227129633,-0.9919776708914088,-1.0361619211459467,1.0396435300588656,5.361701131669183,4.991456892415359,5.361701131669183,1.7334140832543388,4197254880.0,4314294880.0,13.485589512916077,7.7410847926522255,-24.758621812454653,-23.70285907904991,4.580635771534338,4.580635771534338,7.956944107855885,40.60512828235294,-25.449013313513483,-24.363810750064943,0.01853830711372,-0.042189003303988,0.3216323403586583,0.1742153708282816,1.1015529411764706,2.436488804264061,63.73425196850393,-2.1787302403290068,0.0,0.0,0.0,0.0,0.0374035192671809,-0.0445415774478401,0.0139264669267159,0.784845650140318,0.0092658680757278,7.411255363889111,0.0603376942671939,0.0477835401333222,-0.3346601481585507,669184000.0,853030000.0,359676000.0,1172769000.0,255793500.0,306745000.0,516134500.0,57.77558303593659,104.78016650506537,186.8584706944398,1.5577514803099386,0.8589411813508537,0.4816479534779691,0.0849172327087953,0.0441842502545377,2019-10-24,0.39,amc,466176254.0,2025-03-05,2019-09-30,0.1538461538461538,27.553015873015877,2734892.206349206
2019-06-30,DECK,USD,910521,2019-08-08,2019-08-08 14:18:55,2020,Q1,276839000.0,146820000.0,130019000.0,0.4696556482,0,0.0,0.0,161436000.0,92000.0,161436000.0,308256000.0,2866000.0,1146000.0,10345000.0,-18114000.0,-0.0654315324,-31417000.0,-0.113484733,1812000.0,-29605000.0,-0.1069394124,-10254000.0,-19351000.0,-0.0698998335,-0.1116689,-0.1116689,174534000,174534000,https://www.sec.gov/Archives/edgar/data/910521/000091052119000024/0000910521-19-000024-index.htm,https://www.sec.gov/Archives/edgar/data/910521/000091052119000024/deck0630201910-q.htm,1.5861608626399442,-0.1108723801666151,-0.2671628450617072,-0.3095213540055233,2.8798171129980403,5.702493496969072,5.335373050523107,5.702493496969072,1.6474211328451762,5113846200.0,4897605200.0,-66.0669500284223,18.47227522133803,-109.67093868622533,-94.66228943763652,5.138103185137032,5.138103185137032,17.691167790665332,-270.3767914320415,-105.03345986403312,-90.65945725815408,-0.003784040278724,-0.0105638687373898,0.2877434367649674,0.1635498807576685,11.937782930330131,2.6904503729527214,-27.414485165794066,2.4096429125109813,0.0,0.0,0.0,0.0,0.0365922049323379,-0.1585494005876171,0.0267050523950743,0.7146447559207346,0.0125451977503169,,-0.0151211138036423,-0.011470787163578,0.6083886234200786,746748000.0,931204000.0,432716000.0,1254148000.0,172230000.0,212538500.0,376118000.0,53.15948981176785,183.9617899468737,290.1883939517777,1.6930185056079452,0.4892320303362512,0.3101433478244337,-0.0194427894087989,0.0423585089438161,2019-07-25,-0.19,amc,462775641.0,2025-03-05,2019-06-30,-0.4210526315789473,27.81709677419355,3505581.1612903224
2019-03-31,DECK,USD,910521,2019-05-30,2019-05-30 15:48:57,2019,Q4,394130000.0,190825000.0,203305000.0,0.5158323396,23187000,53410000.0,118291000.0,171701000.0,34000.0,171701000.0,362526000.0,2722000.0,817000.0,11394000.0,45754000.0,0.1160886002,31604000.0,0.0801867404,1939000.0,33543000.0,0.085106437,9574000.0,23969000.0,0.0608149595,0.1366694,0.1366694,174804000,176442000,https://www.sec.gov/Archives/edgar/data/910521/000091052119000011/0000910521-19-000011-index.htm,https://www.sec.gov/Archives/edgar/data/910521/000091052119000011/deck331201910-kdocument.htm,2.254696688862955,0.137119287888149,0.4563110683966042,0.414813162170202,3.373446831880277,5.978867760463148,5.604253907233244,5.978867760463148,0.1848985149081256,4277453880.0,3719265880.0,44.61443823271726,10.852901022505264,53.62569899078543,58.99041359242046,4.092748155731822,4.092748155731822,9.436647502093216,81.2883218953534,46.62779264088259,51.29243673373695,0.00560356713887,0.0169519069133715,0.0301436184972204,0.02207389823193,-12.199763955064038,4.372455333620731,38.68298653610771,3.32784012683049,0.0,0.0,0.1355136630045924,0.0588308426153807,0.0458826546413061,0.0909421425437221,0.0184050947656864,0.636650868878357,0.0082054144571588,4.294869848793171,0.0191826434993532,0.0176019774961409,2.7616273082995813,844881000.0,979646000.0,713329000.0,1124161000.0,231218000.0,176704000.0,310442500.0,41.31829599370767,58.94227695532555,131.51201362504912,2.178211802677101,1.526917598860563,0.6843481254617311,0.0229339890731296,0.0414979062264021,2019-05-23,0.01325,amc,37094588.0,2025-03-05,2019-03-31,9.566037735849058,26.518125,2540331.921875
2018-12-31,DECK,USD,910521,2019-02-07,2019-02-07 15:14:26,2019,Q3,873800000.0,403707000.0,470093000.0,0.5379869535,0,0.0,0.0,225375000.0,13000.0,225375000.0,629082000.0,906000.0,970000.0,11413000.0,257050000.0,0.2941748684,244718000.0,0.280061799,-51000.0,244667000.0,0.2800034333,48293000.0,196374000.0,0.2247356374,1.1233558,1.1133556,174942000,176382000,https://www.sec.gov/Archives/edgar/data/910521/000091052119000003/0000910521-19-000003-index.htm,https://www.sec.gov/Archives/edgar/data/910521/000091052119000003/deck1231201810-q.htm,4.994798276000045,1.1225091744692526,2.517840198465777,2.473591247384848,2.94919459020704,5.818391238238959,5.435898755015948,5.818391238238959,0.1864960958489099,3731512859.999999,3247230859.9999995,4.750517965718476,4.270442732890821,8.471546372560592,8.623090020451315,3.665961797105948,3.665961797105948,3.7162175097276258,12.63268181287687,7.372094870095077,7.503970929090551,0.0526258403407994,0.1159677096758015,0.0310999026408784,0.0205231803149662,-1.8839992219412565,3.059532895354056,252.28659793814435,2.243046431808692,0.0,0.0,0.0,0.0,0.0433816049910175,0.0175741697618031,0.0088590066376745,0.6782616314728818,0.0046784161135271,12.122373726932848,0.1709942450439741,0.1330864627589819,2.13505047387134,812253000.0,950967000.0,682070000.0,1094727000.0,302504500.0,253005500.0,428485000.0,28.99343099107347,50.92569611128864,76.25300031953869,3.104151420634188,1.7672807025223916,1.1802814266042574,0.1929243202299679,0.0442489510809296,2019-01-31,0.89,amc,702752655.0,2025-03-05,2018-12-31,0.2359550561797753,25.59484375,3027455.203125
2018-09-30,DECK,USD,910521,2018-11-08,2018-11-08 14:24:15,2019,Q2,501913000.0,250026000.0,251887000.0,0.501853907,0,0.0,0.0,161475000.0,189000.0,161475000.0,411501000.0,814000.0,1640000.0,10729000.0,102144000.0,0.2035093731,90412000.0,0.1801348042,-637000.0,89775000.0,0.17886566,15403000.0,74372000.0,0.1481770745,0.4150083,0.4133416,179094000,180168000,https://www.sec.gov/Archives/edgar/data/910521/000091052118000036/0000910521-18-000036-index.htm,https://www.sec.gov/Archives/edgar/data/910521/000091052118000036/deck930201810-q.htm,2.8025115302578536,0.4152679598423174,-0.9425720571320088,-0.9805688632785018,1.0172981786101154,4.728170681318191,4.346549856499939,4.728170681318191,0.5825041598266832,3476214540.0,3396705540.0,11.685226093153338,6.925930470021697,-20.592590087021428,-19.79463220472172,4.105181751727412,4.105181751727412,6.767518554012349,33.254087758458645,-20.12159031805176,-19.34188356281389,0.0213945368285583,-0.0505187461761206,0.1212618993914644,0.0721104687745792,-0.7784010808270677,2.406122480851909,55.12926829268293,-2.269792394987361,0.0,0.0,0.0,0.0,0.047996865098092,-0.0403118317151336,0.0135581266075993,0.6342622798024047,0.0077324157772362,6.646638273133905,0.0715221459384855,0.0548619010314084,0.5869026879739131,630248000.0,778441000.0,501284000.0,914314000.0,228909500.0,270042499.5,475245500.0,58.01075086718216,99.91732859782584,185.35444313791368,1.551436563992396,0.9007446582389752,0.4855562050543087,0.0878284621752577,0.0379968061464929,2018-10-25,0.29,amc,362717647.0,2025-03-05,2018-09-30,0.3793103448275863,25.9968253968254,3016046.6507936507
2018-06-30,DECK,USD,910521,2018-08-09,2018-08-09 14:53:48,2019,Q1,250594000.0,135629000.0,114965000.0,0.4587699626,0,0.0,0.0,154379000.0,11000.0,154379000.0,290008000.0,1586000.0,1234000.0,11405000.0,-26412000.0,-0.1053975754,-39414000.0,-0.1572822973,363000.0,-39051000.0,-0.155833739,-8644000.0,-30407000.0,-0.1213396969,-0.16667,-0.16667,182538000,182538000,https://www.sec.gov/Archives/edgar/data/910521/000091052118000029/0000910521-18-000029-index.htm,https://www.sec.gov/Archives/edgar/data/910521/000091052118000029/deck630201810-q.htm,1.3728319582771806,-0.1665790136848217,0.0442264076521053,0.0043114310444948,2.2891178823039584,4.942264076521053,4.560009422695549,4.942264076521053,0.1817539361667159,3435365160.0,3049457160.0,-28.244854474298684,13.708888321348477,425.53761426978815,4365.139974587039,3.80797134847714,3.80797134847714,12.168915297253726,-115.4572603362108,377.7353102935712,3874.786734434562,-0.0088511696963242,0.0002290877281878,0.035407598062852,0.0230349313487942,14.611085870059064,2.9328437551996527,-31.94003241491086,-0.2654980761008978,0.0,0.0,0.0,0.0,0.050317295488635,0.9025145546884678,0.0290749179948442,0.6388426128890837,0.0142501416634077,,-0.0297174720024885,-0.023089060734549,1.379394975292816,685369000.0,832375000.0,555391000.0,972798000.0,140092000.0,178223499.5,367583000.0,48.23483403433442,174.19371896865712,289.02933738359786,1.865871455801763,0.5166661607138303,0.311387075148543,-0.0337050006041117,0.0399149766076104,2018-07-26,-0.24,amc,363114285.0,2025-03-05,2018-06-30,-0.3333333333333333,22.72295081967213,3643786.032786885
2018-03-31,DECK,USD,910521,2018-05-30,2018-05-30 15:12:10,2018,Q4,400684000.0,208255000.0,192429000.0,0.4802512703,22372000,62477000.0,111658000.0,174135000.0,-1350000.0,174135000.0,382390000.0,1506000.0,541000.0,11917000.0,30367000.0,0.0757879027,18294000.0,0.0456569267,-385000.0,17909000.0,0.0446960697,-2706000.0,20615000.0,0.0514495213,0.1100022,0.1100022,186930000,188160000,https://www.sec.gov/Archives/edgar/data/910521/000091052118000015/0000910521-18-000015-index.htm,https://www.sec.gov/Archives/edgar/data/910521/000091052118000015/deck331201810-k.htm,2.143497565933772,0.1102819237147595,0.3972342588134596,0.3254908254426791,2.30016583747927,5.032787674530573,4.648472690311881,5.032787674530573,0.1745198737495319,2805819300.0,2407931300.0,34.026428571428575,7.002573848718691,37.786267591407984,46.11497107356519,2.982442529010533,2.982442529010533,6.009551916223258,79.29434254289195,32.427867483671136,39.57549306422983,0.0073472300942544,0.0216849317416841,0.0341015265009104,0.0253737210124495,-13.10264431784503,4.814237230792003,33.81515711645102,3.6019888430754303,0.0,0.0,0.155925866767827,0.0558345229657286,0.0568184065062769,0.1806073665073059,0.0334702658454043,1.1253671225979691,0.0092616625570274,3.533846897347303,0.0195745943471094,0.0172866463906002,1.955710693842615,721524000.0,868939000.0,587090000.0,1013526000.0,193426000.0,146629500.0,347955500.0,32.76696848389255,40.59691243907709,129.47674725696862,2.746668494653139,2.2169173612663537,0.6951055066388074,0.0219126915035305,0.0717434333707805,2018-05-24,0.03063,amc,152266000.0,2025-03-05,2018-03-31,1.611818478615736,20.278412698412694,3924973.9206349207
2017-12-31,DECK,USD,910521,2018-02-09,2018-02-09 14:23:31,2018,Q3,810478000.0,387007000.0,423471000.0,0.5224953669,0,0.0,0.0,230280000.0,778000.0,230280000.0,617287000.0,590000.0,1506000.0,12202000.0,206761000.0,0.2551099475,193191000.0,0.2383667416,-138000.0,193053000.0,0.2381964717,106712000.0,86341000.0,0.1065309607,0.4516757,0.4483423,191178000,192246000,https://www.sec.gov/Archives/edgar/data/910521/000091052118000003/0000910521-18-000003-index.htm,https://www.sec.gov/Archives/edgar/data/910521/000091052118000003/deck1231201710-q.htm,4.239389469499629,0.451626233143981,2.280000836916382,2.221149923108308,2.5787590622351946,5.4026561633660775,5.016905710908159,5.4026561633660775,0.1764481268765234,2557961640.0,2097186640.0,7.406567100218901,3.156114835936324,5.868418898519337,6.0239067434384825,2.476559602427801,2.476559602427801,2.587592309723398,10.143047479940607,4.811319106371849,4.938798356235355,0.0337538290840045,0.1660052259423249,0.0312014398728202,0.0210501494810782,-2.2285392312863643,3.2479982675866,128.28087649402391,5.048424271203715,0.0,0.0,0.0,0.0,0.0481703346194519,0.0258117948270878,0.0138819314034434,0.9220619570562204,0.0045960531933007,7.4094249554702625,0.0740557707283586,0.0592506533005402,1.9552014353115943,820090000.0,959122000.0,686805000.0,1109684000.0,279860500.0,222083000.0,475934500.0,26.758875626482148,46.35264995206805,92.1632166860031,3.3633700180933883,1.941636564318684,0.9765284159582548,0.0835933695366982,0.0588509138080741,2018-02-01,0.64,amc,622959758.0,2025-03-05,2017-12-31,0.2968749999999999,19.4068253968254,3275782.031746032
2017-09-30,DECK,USD,910521,2017-11-09,2017-11-09 15:53:19,2018,Q2,482460000.0,257343000.0,225117000.0,0.4666024126,0,0.0,0.0,157762000.0,-12000.0,157762000.0,415105000.0,509000.0,1531000.0,12185000.0,80037000.0,0.1658935456,67355000.0,0.1396074286,-1034000.0,66321000.0,0.1374642457,16762000.0,49559000.0,0.1027214691,0.2583385,0.2566718,192090000,193632000,https://www.sec.gov/Archives/edgar/data/910521/000091052117000027/0000910521-17-000027-index.htm,https://www.sec.gov/Archives/edgar/data/910521/000091052117000027/deck930201710-q.htm,2.511635171013588,0.2579988547035244,-0.9133322921547192,-0.946249154042376,1.2004060596595345,5.04360456036233,4.649679837576136,5.04360456036233,0.8683846113800823,2189826000.0,2124517000.0,11.04656066506588,4.538875761721179,-12.48176605373856,-12.047566913322148,2.260288225130209,2.260288225130209,4.403509099199933,26.544185814060995,-12.109511975467676,-11.688262316727643,0.0226314784827652,-0.0830043117581031,0.1705951326657211,0.1087142699278031,-0.8159851068880642,2.432060534082064,43.99412148922273,-3.540063358824835,0.0,0.0,0.0,0.0,0.04977280620514,-0.0360404008162241,0.0131057496994569,0.5189167008617153,0.0085540770219292,5.410914386995645,0.0426642590499426,0.0343059311832393,1.020176740069759,678864000.0,893157000.0,601449000.0,971513000.0,232518000.0,237182500.0,498604000.0,59.46070140529785,85.62945174339306,194.2947739009804,1.513604748563917,1.051040245705464,0.4632136942904457,0.051153664331882,0.0329168618876568,2017-10-26,0.17,amc,319577922.0,2025-03-05,2017-09-30,0.5294117647058822,17.30375,4016796.5625
2017-06-30,DECK,USD,910521,2017-08-09,2017-08-09 15:13:29,2018,Q1,209717000.0,119092000.0,90625000.0,0.4321299656,0,0.0,0.0,146881000.0,224000.0,146881000.0,265973000.0,452000.0,1007000.0,12268000.0,-43312000.0,-0.2065259373,-56256000.0,-0.2682472093,-331000.0,-56587000.0,-0.2698255268,-14466000.0,-42121000.0,-0.2008468555,-0.2200044,-0.2200044,191946000,191946000,https://www.sec.gov/Archives/edgar/data/910521/000091052117000018/0000910521-17-000018-index.htm,https://www.sec.gov/Archives/edgar/data/910521/000091052117000018/deck630201710-q.htm,1.092583330728434,-0.2194419263751263,-0.0382816000333427,-0.0582611776228731,1.4584310170568806,4.760057516176425,4.356334594104592,4.760057516176425,0.1745647213278734,2184345480.0,1936905480.0,-12.964705728733888,10.415681513658884,-297.2707512248232,-195.32732540463203,2.390727414810972,2.390727414810972,9.235805776355756,-44.71983468784632,-263.5962819814916,-173.20088348385943,-0.0192831218255822,-0.0051196113904106,0.0355706740040758,0.025533091672441,5.712966383450314,3.160052470485352,-55.86494538232373,0.1744497993874789,0.0,0.0,0.0,0.0,0.0608811037837684,-0.5219107240065324,0.0182865480623888,0.3126018910987936,0.0130604576643762,,-0.0424029582811454,-0.035236935998628,1.3091976389192794,617505000.0,836181000.0,544196000.0,914575000.0,164858000.0,162706000.0,370249500.0,62.77903078911104,173.45170120579047,333.76146172706814,1.4335997046900957,0.5188764328879091,0.2696536608339673,-0.0461006879915593,0.0199795775895303,2017-07-27,-0.28,amc,273592968.0,2025-03-05,2017-06-30,-0.2500000000000001,15.022622950819672,5337323.590163934
2017-03-31,DECK,USD,910521,2017-05-30,2017-05-30 15:23:38,2017,Q4,369465000.0,210541000.0,158924000.0,0.4301462926,21256000,80218000.0,109579000.0,189797000.0,388000.0,189797000.0,400338000.0,302000.0,1281000.0,13134000.0,-18028000.0,-0.0487948791,-30873000.0,-0.0835613658,-591000.0,-31464000.0,-0.085160976,-15760000.0,-15704000.0,-0.0425047027,-0.0816683,-0.0816683,191664000,191664000,https://www.sec.gov/Archives/edgar/data/910521/000091052117000008/0000910521-17-000008-index.htm,https://www.sec.gov/Archives/edgar/data/910521/000091052117000008/deckfy2017331201710-kdocum.htm,1.9276702980215377,-0.0819350530094331,0.1666823190583521,0.1260434927790299,1.5222681359044996,4.978791009266216,4.565943526170799,4.978791009266216,0.1769398530762167,1908973440.0,1649841440.0000002,-30.389923586347432,5.166858674028664,59.7543882054653,79.02034274360462,2.000485656349718,2.000485656349718,4.465487772860759,-91.51550033281563,51.64307884934424,68.29379253249442,-0.0082264109447222,0.012654969154521,0.0341963102105831,0.0273808924465924,14.3738628799645,5.160740894430089,-24.10070257611241,-2.0343224656138563,0.0,0.0,0.2171193482467892,0.0575318365745063,0.0663948044102099,0.2438100604125583,0.0210818345445441,0.5930409623876961,0.0058219317120701,,-0.0149127447034162,-0.014114026667817,1.7803878140913263,661770000.0,875127000.0,583296000.0,966429000.0,203366000.0,134322000.0,336176500.0,44.68247330599651,40.99139834996509,127.74989194503684,2.0142125836154587,2.195582576413294,0.7045015743631442,-0.0164568170981551,0.0406388262793221,2017-05-25,0.00524,amc,201545454.0,2025-03-05,2017-03-31,2.816793893129771,11.973492063492063,3891359.158730159
2016-12-31,DECK,USD,910521,2017-02-09,2017-02-09 16:18:01,2017,Q3,760345000.0,376711000.0,383634000.0,0.5045525387,0,0.0,0.0,330384000.0,128000.0,330384000.0,707095000.0,169000.0,2660000.0,13609000.0,67156000.0,0.0883230639,53250000.0,0.0700339977,-2363000.0,50887000.0,0.066926198,9860000.0,41027000.0,0.0539584005,0.2133376,0.2116709,191838000,193854000,https://www.sec.gov/Archives/edgar/data/910521/000091052117000003/0000910521-17-000003-index.htm,https://www.sec.gov/Archives/edgar/data/910521/000091052117000003/deck1231201610-q.htm,3.963474389849769,0.2138627383521513,2.380096748298043,2.353595220967692,1.5451995954920297,5.058945568656887,4.636974947612048,5.058945568656887,0.339114252650674,1770664740.0,1536631740.0,10.789630852853,2.328764889622474,3.877993617948589,3.921659900467101,1.8244908696360016,1.8244908696360016,2.0209664560166765,22.881525701352075,3.3654299124165283,3.403324717779712,0.0231703941876653,0.2549940651102591,0.0642917347588557,0.0455669116814734,-3.4849157186252904,2.962578522102405,20.018796992481203,11.129085724035392,0.0,0.0,0.0,0.0,0.0591175815468431,0.0111346428876482,0.0066864383930978,0.3735763097949886,-0.0008377775878055,4.933882743941882,0.0400301529206965,0.0318444838573219,1.3128225377662404,641720000.0,889548000.0,569891000.0,963288000.0,270887000.0,187834000.0,475764500.0,26.431777679869008,41.271929940989246,89.23333802304684,3.404992319852398,2.180658867387164,1.0085916541276887,0.0422741726412625,0.0265015273303516,2017-02-02,0.71,amc,784348418.0,2025-03-05,2016-12-31,-0.028169014084507,10.784920634920637,2404218.873015873
2016-09-30,DECK,USD,910521,2016-11-09,2016-11-09 15:10:40,2017,Q2,485944000.0,269519000.0,216425000.0,0.4453702484,0,0.0,0.0,162402000.0,289000.0,162402000.0,431921000.0,103000.0,1943000.0,12864000.0,67279000.0,0.1384501095,54023000.0,0.1111712461,-1551000.0,52472000.0,0.1079795203,13167000.0,39305000.0,0.0808838055,0.2050041,0.2016707,192342000,194532000,https://www.sec.gov/Archives/edgar/data/910521/000091052116000075/0000910521-16-000075-index.htm,https://www.sec.gov/Archives/edgar/data/910521/000091052116000075/deck930201610-q.htm,2.52645807987855,0.204349544041343,-1.274802175291928,-1.3346538977446425,0.5721423298083622,4.976936914454462,3.902423807592726,4.976936914454462,1.623852304748833,1909956060.0,2110301060.0,12.148302124411652,3.9304036267553455,-7.789443878008793,-7.440131120719879,1.995203107992069,1.995203107992069,4.342683642559637,31.366415374782623,-8.60651824240002,-8.220564294339917,0.0205790074563286,-0.1344062334083225,0.3242457227502262,0.1973749221830585,2.977823689412744,1.969418954642299,27.803911477097277,-6.23834117796718,0.0,0.0,0.0,0.0,0.1314217655972493,-0.0469498119886785,0.0236899725071201,0.8949004975124378,0.0053318900943318,4.78364743232653,0.0310146046321981,0.0287753298675551,0.1174301504611577,529168000.0,750600000.0,459702000.0,982565000.0,210711000.0,207820000.0,523595000.0,58.982907495513885,67.75971267331802,193.0195273802589,1.525865777417724,1.3282228694490852,0.4662740667823475,0.0410592996362587,0.0598517224527144,2016-10-27,0.2,amc,470098373.0,2025-03-05,2016-09-30,0.0499999999999999,10.429206349206348,4201633.492063492
2016-06-30,DECK,USD,910521,2016-08-09,2016-08-09 14:51:35,2017,Q1,174393000.0,98141000.0,76252000.0,0.4372423205,0,0.0,0.0,154571000.0,669000.0,154571000.0,252712000.0,204000.0,1435000.0,13021000.0,-63167000.0,-0.3622106392,-78319000.0,-0.4490948605,-562000.0,-78881000.0,-0.4523174669,-19963000.0,-58918000.0,-0.3378461291,-0.3066728,-0.3066728,192144000,192144000,https://www.sec.gov/Archives/edgar/data/910521/000091052116000070/0000910521-16-000070-index.htm,https://www.sec.gov/Archives/edgar/data/910521/000091052116000070/deck630201610-q.htm,0.9076161628778416,-0.3066346073777999,-0.2255287700890998,-0.3302106753268382,1.0529030310600382,4.773732200849363,3.687994420851029,4.773732200849363,0.7520037055541677,1842660960.0,1783409960.0,-7.818752164024577,10.566140613442052,-42.52229104167628,-29.04206531332745,2.008910344466685,2.008910344466685,10.226385003985252,-28.233254072537875,-41.154981307979874,-28.108213970495523,-0.031974411613952,-0.0344328128599414,0.1559650431073956,0.1053644093699479,0.9380056041920624,2.3088479185874293,-54.57770034843205,0.7354967921518042,0.0,0.0,0.0,0.0,0.1536503540797425,-0.4641620898140028,0.1153371981673576,1.5447354273865297,0.0118697424781958,,-0.0533610541090851,-0.0512719655877896,0.3830603609792655,486932000.0,708626000.0,418462000.0,940661000.0,131552500.0,156658000.0,384537000.0,53.13051555968416,195.07718486667144,430.24495368908,1.6939417781274586,0.4613558477456598,0.2091831623550877,-0.0642337262495039,0.1046819052377383,2016-07-28,-0.34,amc,201528888.0,2025-03-05,2016-06-30,-0.1176470588235295,9.228387096774194,7093632.693548387
2016-03-31,DECK,USD,910521,2016-05-31,2016-05-31 16:50:00,2016,Q4,378635000.0,223693000.0,154942000.0,0.409212038,22176000,73082000.0,109738000.0,182820000.0,-73000.0,182820000.0,406513000.0,190000.0,1172000.0,11897000.0,-15864000.0,-0.04189787,-27878000.0,-0.0736276361,-1055000.0,-28933000.0,-0.0764139607,-5227000.0,-23706000.0,-0.062609109,-0.1216691,-0.1216691,193536000,193536000,https://www.sec.gov/Archives/edgar/data/910521/000091052116000058/0000910521-16-000058-index.htm,https://www.sec.gov/Archives/edgar/data/910521/000091052116000058/deckfy2016331201610-k.htm,1.9564060433201056,-0.1224888392857142,-0.1035982969576719,-0.1801783647486772,1.2708540013227514,4.99892009755291,3.908890335648149,4.99892009755291,0.523303158068783,1933424640.0,1787574640.0,-20.38961275626424,5.106301953068258,-96.4301566084788,-55.445058644719104,1.99843162223984,1.99843162223984,4.721102486563577,-112.68120524457892,-89.15584239401497,-51.26250007169281,-0.012261145073645,-0.0180358723472149,0.1034718353314983,0.0783260358603767,9.19377206253152,3.294639787335743,-23.786689419795223,0.84577744031047,0.0,0.0,0.1930143806040117,0.0585682781570641,0.1650616399127433,-0.7392019950124689,0.0391432382109419,1.2457762461124653,0.0031824844507243,,-0.0206329417461205,-0.0222151834678401,1.0614562665343916,547267000.0,756511000.0,475168000.0,995473000.0,177738500.0,146418500.0,335259500.0,38.06795462648725,40.47229908848287,120.66533150344443,2.3641932140314945,2.2237432028073525,0.7458646064999284,-0.0245030600400425,0.0765800677910052,2016-05-26,0.01074,amc,351420606.0,2025-03-05,2016-03-31,0.86219739292365,9.624920634920636,4735101.158730159
2015-12-31,DECK,USD,910521,2016-02-09,2016-02-09 14:24:51,2016,Q3,795902000.0,404885000.0,391017000.0,0.4912878721,0,0.0,0.0,188517000.0,184000.0,188517000.0,593402000.0,49000.0,2075000.0,13064000.0,214582000.0,0.2696085699,202500000.0,0.254428309,-1842000.0,200658000.0,0.2521139537,43737000.0,156921000.0,0.1971612083,0.8083495,0.7966826000000001,194046000,197058000,https://www.sec.gov/Archives/edgar/data/910521/000091052116000050/0000910521-16-000050-index.htm,https://www.sec.gov/Archives/edgar/data/910521/000091052116000050/deck1231201510-q.htm,4.101615080960185,0.8086793853003927,2.442812528987972,2.3704018634756707,1.3553951124990982,5.2487966770765695,4.150325180627274,5.2487966770765695,0.3009028786988652,1527142020.0,1320447020.0,2.4329790467815013,1.9187563544255448,3.2216962646988088,3.3201121384795,1.4993912860772818,1.4993912860772818,1.6590572959987535,6.153577746502503,2.7856474226717127,2.870742944602548,0.1027546868234298,0.3011946459308349,0.0552906800928416,0.0399914497805988,-0.9632448201619892,2.848857018714697,97.59036144578312,3.020742921597492,0.0,0.0,0.0,0.0,0.1513715503521994,0.0296423342573488,0.0176541835552618,1.0755511328842622,-0.0010277647248028,9.77258193026096,0.1424388354904822,0.131314974012487,1.057286674293724,591466000.0,805354000.0,521732000.0,1050020000.0,240425500.0,219288500.0,482807000.0,22.086978045035693,42.73302295713598,82.38072539116045,4.074799178796148,2.1060995401677034,1.0924885593403273,0.1540694820266507,0.0724106655123012,2016-02-04,0.78,amc,790904811.0,2025-03-05,2015-12-31,0.0256410256410256,10.47390625,2833315.515625
2015-09-30,DECK,USD,910521,2015-11-09,2015-11-09 16:17:28,2016,Q2,486855000.0,272742000.0,214113000.0,0.4397880272,0,0.0,0.0,162900000.0,96000.0,162900000.0,435642000.0,65000.0,1532000.0,13158000.0,51213000.0,0.1051914841,51213000.0,0.1051914841,-1371000.0,49842000.0,0.1023754506,13465000.0,36377000.0,0.0747183453,0.1866704,0.1850037,195066000,196650000,https://www.sec.gov/Archives/edgar/data/910521/000091052115000038/0000910521-15-000038-index.htm,https://www.sec.gov/Archives/edgar/data/910521/000091052115000038/deck930201510-q.htm,2.495847559287626,0.1864855997457271,-1.5449488890939478,-1.6358360759947914,0.5114935457742508,4.43178206350671,3.3249669342684016,4.43178206350671,1.8008058810864016,1888238880.0,2138207880.0,12.976873299062596,3.87844200018486,-6.265579443004708,-5.917463333918319,2.184222929125843,2.184222929125843,4.391878238900699,41.75127174740789,-7.095029913693271,-6.7008294682478,0.0192650412960461,-0.1689913301647511,0.4045668544459739,0.2223892422167198,4.880967723039072,1.6821428906682687,33.42885117493473,-8.284547928636226,0.0,0.0,0.0,0.0,0.1372840768478494,-0.0588286043262865,0.0364153598093888,1.3473932208542332,0.00811535262039,4.312241825460002,0.0298941316409136,0.0268115899301573,-0.4959962269180687,436008000.0,648588000.0,367006000.0,897559000.0,201463500.0,237091500.0,484314000.0,52.78269710694149,81.28550058296852,196.34137756561148,1.7051042279566275,1.1072085347882743,0.458385293593678,0.0420791449293803,0.0908871869008438,2015-10-29,0.18,amc,464967567.0,2025-03-05,2015-09-30,0.0555555555555556,9.23640625,3824699.765625
2015-06-30,DECK,USD,910521,2015-08-10,2015-08-10 14:44:45,2016,Q1,213805000.0,127209000.0,86596000.0,0.4050232689,0,0.0,0.0,150304000.0,-55000.0,150304000.0,277513000.0,116000.0,1035000.0,11905000.0,-53872000.0,-0.2519679147,-63708000.0,-0.2979724515,-974000.0,-64682000.0,-0.3025280045,-17355000.0,-47327000.0,-0.2213559084,-0.2383381,-0.2383381,198702000,198702000,https://www.sec.gov/Archives/edgar/data/910521/000091052115000032/0000910521-15-000032-index.htm,https://www.sec.gov/Archives/edgar/data/910521/000091052115000032/deck630201510-q.htm,1.0760082938269369,-0.2381807933488339,-0.1359825265976185,-0.2540236132499924,0.8492315125162303,4.267335004177109,3.169837243711689,4.267335004177109,0.3898199313544906,2384424000.0,2292103000.0,-12.595474042301436,11.15233039451837,-88.24663212435232,-47.23970282317979,2.8120595144870792,2.8120595144870792,10.72053038984121,-42.54720448470449,-84.829866765359,-45.41065874195146,-0.0198483994457361,-0.0211686344374993,0.0901291147361568,0.0609677877427806,1.7137102762102765,2.249643741980499,-61.553623188405794,0.5709214613222896,0.0,0.0,0.0,0.0,0.1739731535271695,-0.8680606957809031,0.1097027665396038,1.9701805963880723,0.010682631369706,,-0.0486247765499949,-0.045707889432628,0.1914135237692625,422677000.0,629853000.0,355345000.0,880133000.0,130252000.0,156782000.0,306266500.0,49.41844203830593,161.2032167535316,264.33648562601707,1.8211824632237072,0.5583015141540487,0.3404751326206701,-0.0558148805087224,0.1180410866523739,2015-07-30,-0.25,amc,222770629.0,2025-03-05,2015-06-30,-0.04,8.644754098360657,6378247.7049180325
2015-03-31,DECK,USD,910521,2015-06-01,2015-06-01 17:12:15,2015,Q4,340637000.0,188313000.0,152324000.0,0.4471739711,20872000,40425000.0,111162000.0,151587000.0,603000.0,151587000.0,339900000.0,85000.0,474000.0,11485000.0,8981000.0,0.0263653097,737000.0,0.0021635935,214000.0,951000.0,0.0027918283,-455000.0,1406000.0,0.004127561,0.0066668,0.0066668,203568000,204984000,https://www.sec.gov/Archives/edgar/data/910521/000091052115000018/0000910521-15-000018-index.htm,https://www.sec.gov/Archives/edgar/data/910521/000091052115000018/deckfy2015331201510-k.htm,1.673332743849721,0.0069067829914328,-0.1133429615656684,-0.2336172679399512,1.1059842411380965,4.602943488171029,3.543459679320915,4.602943488171029,0.1916362100133616,2473351200.0,2286745200.0,439.7850640113798,7.260958733196922,-107.1967754518268,-52.008141808776834,2.639615287744447,2.639615287744447,6.713143903921183,254.62033181160228,-99.10914055389416,-48.08430304687007,0.0005684595054677,-0.0192277586781852,0.0411275415896488,0.0329394931162724,-20.777864380358533,4.0980351195521125,1.5548523206751057,-16.410384068278805,0.0,0.0,0.118674718248458,0.0612734377064147,0.1843498730269169,-1.0611537294673428,0.0718771008434198,2.131824118415324,0.0119599456312731,0.8457596971830057,0.0010812077300132,0.0014733991717107,1.075838294820404,519051000.0,721335000.0,453672000.0,967045000.0,166326500.0,128440500.0,266408000.0,37.809897339396485,40.96509534657723,114.1821860413248,2.380329128961252,2.1969923233077444,0.7882140211208358,0.0015005144010962,0.1202743063742828,2015-05-28,,amc,,2025-03-05,2015-03-31,,8.8553125,6321047.34375
2014-12-31,DECK,USD,910521,2015-02-09,2015-02-09 14:20:27,2015,Q3,784678000.0,369539000.0,415139000.0,0.5290565047,0,0.0,0.0,200558000.0,5000.0,200558000.0,570097000.0,38000.0,1308000.0,13035000.0,227616000.0,0.2900756744,214581000.0,0.2734637648,-1265000.0,213316000.0,0.2718516385,56610000.0,156706000.0,0.1997073959,0.7566818000000001,0.7500150000000001,207222000,209118000,https://www.sec.gov/Archives/edgar/data/910521/000091052115000006/0000910521-15-000006-index.htm,https://www.sec.gov/Archives/edgar/data/910521/000091052115000006/deck1231201410-q.htm,3.786653926706624,0.7562227948769918,2.1817036801111853,2.045748038335698,1.782831938693768,4.986092210286553,3.9245881228827058,4.986092210286553,0.1928221858682958,3143557740.0,2812764739.0,5.015056443275944,4.006175450312103,6.953281574529359,7.415380445551561,3.0424627865292075,3.0424627865292075,3.584610170031529,12.35750008347392,6.221595673052464,6.635068406129401,0.0498498875990106,0.1348548476160644,0.0374060701026298,0.0272782895187251,-1.453294148917475,3.194657742581233,164.05275229357798,2.8850012124615523,0.0,0.0,0.0,0.0,0.1552517184355901,0.0623162728352543,0.0359038994339079,2.1613348676639816,0.0032076851906132,9.210777556888948,0.1398744545047863,0.1309294044318783,1.3268016909401512,647931000.0,813261000.0,559549000.0,1083953000.0,227234000.0,193111000.0,387778000.0,21.740535608236755,41.68715615943107,71.57958970501083,4.139732416063477,2.158938346760766,1.2573416580187475,0.1516664279326537,0.1359556417754871,2015-01-29,0.75,amc,788187555.0,2025-03-05,2014-12-31,0.0,11.15484375,3807729.0625
2014-09-30,DECK,USD,910521,2014-11-10,2014-11-10 15:36:10,2015,Q2,480273000.0,256400000.0,223873000.0,0.4661369679,0,0.0,0.0,164290000.0,29000.0,164290000.0,420690000.0,30000.0,2000000.0,13642000.0,73225000.0,0.1524653687,59583000.0,0.1240606905,-1941000.0,57642000.0,0.1200192391,16912000.0,40730000.0,0.0848059333,0.1966706,0.1950039,207792000,209724000,https://www.sec.gov/Archives/edgar/data/910521/000091052114000030/0000910521-14-000030-index.htm,https://www.sec.gov/Archives/edgar/data/910521/000091052114000030/deck930201410-q.htm,2.311316123816124,0.196013321013321,-0.935603873103873,-1.0763455763455765,0.5517584892584892,4.312037999537999,3.234267921767921,4.312037999537999,0.9144432894432896,3366230400.0,3439593400.0,20.66186103609133,7.008993634870167,-17.315020240624246,-15.050928211181455,3.756924220458099,3.756924220458099,7.1617463401024,46.972938204165246,-17.692380575173214,-15.378945344636406,0.0120995877168716,-0.0664410849596034,0.2098354142322548,0.1341038499917617,1.0018846022533288,2.228755872447356,29.7915,-4.77316474343236,0.0,0.0,0.0,0.0,0.1597371760260142,-0.1504287308845693,0.0608924507519681,2.143747251136197,0.0082078317956662,4.3608921098858096,0.0370750642467679,0.0345740549432919,0.231820763070763,517348000.0,672055000.0,432386000.0,944077000.0,197805500.0,216156000.0,418815000.0,49.64426482438113,75.48732449297971,169.066263650546,1.81289823342896,1.1922531445444189,0.5323356538240344,0.0454572341510724,0.1407417032417032,2014-10-23,0.17,amc,422828205.0,2025-03-05,2014-09-30,0.1764705882352941,12.283015873015874,4849160.746031746
2014-06-30,DECK,USD,910521,2014-08-11,2014-08-11 15:02:34,2015,Q1,211469000.0,124697000.0,86772000.0,0.4103296464,0,0.0,0.0,137254000.0,96000.0,137254000.0,261951000.0,54000.0,438000.0,11131000.0,-39327000.0,-0.1859705205,-50482000.0,-0.238720569,-288000.0,-50770000.0,-0.2400824707,-13708000.0,-37062000.0,-0.1752597307,-0.1783369,-0.1783369,207756000,207756000,https://www.sec.gov/Archives/edgar/data/910521/000091052114000022/0000910521-14-000022-index.htm,https://www.sec.gov/Archives/edgar/data/910521/000091052114000022/deck630201410-q.htm,1.0178719266832246,-0.1783919597989949,-0.3126696701900306,-0.4028427578505554,0.761595332986773,4.1157993030285525,3.069278384258457,4.1157993030285525,0.0177419665376691,2989608840.0,2834630840.0,-20.16626760563381,14.137338522431184,-46.023012053756986,-35.72113366709283,3.4962832102652146,3.4962832102652146,13.404474603842644,-72.07849162153228,-43.63723025292877,-33.869389793650605,-0.0123969395273797,-0.027994632234229,0.003798466112022,0.0027793632280318,3.940753172120935,2.7950707263706125,-115.25570776255708,1.7527116723328475,0.0,0.0,0.0,0.0,0.1860504717986194,-0.2883972967564155,0.0885898169471648,1.683047345251999,0.014143917075316,,-0.0403957172361048,-0.0389637423359321,0.5809832207012072,465986000.0,637661000.0,412047000.0,871211000.0,118445000.0,146698000.0,283749000.0,55.62134402678407,156.80513564881272,256.92767267857283,1.618083877237147,0.5739607929779017,0.3502931352692153,-0.043343211528251,0.0901730876605248,2014-07-24,-0.22,amc,253009345.0,2025-03-05,2014-06-30,-0.1818181818181818,12.851311475409837,6056881.606557377
2014-03-31,DECK,USD,910521,2014-03-31,2014-03-30 20:00:00,2014,Q4,294716000.0,150456000.0,144260000.0,0.4894881852,4486000,123510000.0,21158000.0,144668000.0,117000.0,144668000.0,295124000.0,65000.0,516000.0,10569000.0,10343000.0,0.0350948031,-408000.0,-0.0013843836,-334000.0,-742000.0,-0.002517678,1943000.0,-2685000.0,-0.0091104657,-0.012933592,-0.012933592,207726000,207726000,,,1.4187728064854663,-0.0129256809450911,0.230635548751721,0.1457496894948153,1.1798619335085645,4.27894919268652,3.223014933133069,4.27894919268652,0.0347476964847924,2760678540.0,2522292540.0,-257.0464189944134,9.36725030198564,57.62338057567472,91.18372770511296,3.105902734885228,3.105902734885228,8.558383460687578,243.86469496277675,52.64757227243315,83.30996630994848,-0.0009725869785621,0.0109668690364797,0.0075400883614652,0.0062976647334533,-23.04805182248864,5.104627091600867,-0.7906976744186046,-17.84320297951583,0.0,0.0,0.4190814207576107,0.0152214335156557,0.2061117981138954,0.3680519317873468,0.0598304808697186,1.668369760620683,0.0097212231436365,,-0.0015562371100408,-0.003178045093915,1.2282610265445828,501647000.0,669504000.0,448507000.0,905562000.0,145106000.0,113588000.0,236155000.0,32.43091654338414,45.54494337214867,126.52675865369278,2.775129709319297,1.9760700823493875,0.7113119861572719,-0.0030207605566299,0.0848858592569057,2014-04-24,-0.0069,amc,515753000.0,2025-03-05,2014-03-31,0.4492753623188406,15.22734375,4758249.359375
2013-12-31,DECK,USD,910521,2014-03-03,2014-03-03 15:58:44,2014,Q3,736048000.0,359848000.0,376200000.0,0.5111079712,19257000,88191000.0,86510000.0,174701000.0,173000.0,174701000.0,534549000.0,18000.0,1293000.0,14030000.0,215529000.0,0.2928192183,201499000.0,0.2737579614,-1102000.0,200397000.0,0.2722607765,59500000.0,140897000.0,0.1914236572,0.6800136000000001,0.6733468,207246000,209358000,https://www.sec.gov/Archives/edgar/data/910521/000144530514000820/0001445305-14-000820-index.htm,https://www.sec.gov/Archives/edgar/data/910521/000144530514000820/deck-20131231x10k.htm,3.551566737114347,0.6798538934406454,2.0149435936037365,1.8762871177248297,1.1441716607316907,4.28533723208168,3.214131997722513,4.28533723208168,0.053178348436158,2918023680.0,2690626680.0,5.177583057126838,3.964447536030258,6.987788663015549,7.504181991652373,3.2856223997009413,3.2856223997009413,3.655504369280264,12.483826677616468,6.443241273117827,6.919392881114457,0.0482850776591367,0.1332590282475021,0.0109534870890049,0.0077222958271183,-1.0550645156800245,2.587386667831448,155.8383604021655,2.963789150940048,0.0,0.0,0.1198169141142968,0.0261626959111362,0.1762307607429852,0.0688140731676361,0.039040932113123,2.048182466143978,0.0045037823620198,8.096392532701215,0.1492949541362522,0.1357747613531895,0.646189793771653,508786000.0,666116000.0,457694000.0,904855000.0,205094000.0,147671500.0,352693000.0,22.500122274634265,37.77519952868989,65.22528956670594,3.9999782624053735,2.382515542549177,1.379832893006277,0.1586465327281591,0.1386564758789072,2014-02-27,0.64,amc,692277227.0,2025-03-05,2013-12-31,0.046875,15.2775,3882041.703125
2013-09-30,DECK,USD,910521,2013-11-12,2013-11-12 16:38:41,2014,Q2,386725000.0,219833000.0,166892000.0,0.4315521365,0,0.0,0.0,120395000.0,265000.0,120395000.0,340228000.0,7000.0,1067000.0,9559000.0,46497000.0,0.1202327235,46497000.0,0.1202327235,-795000.0,45702000.0,0.1181769992,12642000.0,33060000.0,0.0854871032,0.1600032,0.1583365,206976000,208764000,https://www.sec.gov/Archives/edgar/data/910521/000144530513002976/0001445305-13-002976-index.htm,https://www.sec.gov/Archives/edgar/data/910521/000144530513002976/deck930201310-q.htm,1.86845334724799,0.1597286641929499,-0.7635764533085961,-0.8930407390228818,0.4063611239950526,3.651771219851577,2.5902423469387754,3.651771219851577,1.191080125231911,2274666240.0,2436017240.0,17.201045372050817,5.881870166138729,-14.392795839080753,-12.306269490039927,3.009498497676061,3.009498497676061,6.299094291809426,52.3908475815644,-15.413733311398236,-13.17920146290265,0.0145340003815241,-0.0812593939056307,0.3247533502948418,0.1923745511145526,3.4701378583564533,1.820551049365721,43.577319587628864,-4.780459770114943,0.0,0.0,0.0,0.0,0.1721956709495289,-0.1695498664911859,0.0692895468356067,2.803222094361335,0.0088305643545154,3.622717505535853,0.0320576594277634,0.0313000898481103,-0.2129389397804576,387456000.0,536118000.0,339537000.0,771579000.0,179475500.0,156763000.0,403327500.0,52.63624022238025,59.07911914953624,182.0179408914949,1.7098485685862717,1.5233808712042465,0.4944567527749974,0.0437400523134201,0.1294642857142857,2013-10-24,0.12,amc,312835955.0,2025-03-05,2013-09-30,0.3333333333333334,13.282222222222222,3586208.3174603176
2013-06-30,DECK,USD,910521,2013-08-09,2013-08-09 15:25:16,2014,Q1,170085000.0,100253000.0,69832000.0,0.410571185,0,0.0,0.0,112583000.0,70000.0,112583000.0,212836000.0,9000.0,380000.0,8880000.0,-33792000.0,-0.198677132,-42751000.0,-0.2513507952,-301000.0,-43052000.0,-0.2531204986,-13777000.0,-29275000.0,-0.1721198224,-0.1416695,-0.1416695,206712000,206712000,https://www.sec.gov/Archives/edgar/data/910521/000110465913062290/0001104659-13-062290-index.htm,https://www.sec.gov/Archives/edgar/data/910521/000110465913062290/a13-13733_110q.htm,0.8228114478114478,-0.1416221603003212,-0.0638037462750106,-0.1487576918611401,0.2376543209876543,3.4745539688068425,2.401732845698363,3.4745539688068425,0.1276171678470529,1785991680.0,1762865680.0,-15.251850384286936,10.500583120204604,-135.4152460383653,-58.08103024390244,2.4866501074861604,2.4866501074861604,10.364615809742189,-52.16813683712121,-133.66181514898778,-57.32896520325203,-0.0163914537384631,-0.0172173254468912,0.0362000022276924,0.0254374507760868,0.6843631628787878,2.4387143543860192,-112.50263157894736,0.4505209222886422,0.0,0.0,0.0,0.0,0.2169667796676499,-1.3314883615133823,0.1032483758120939,1.97759009009009,0.0235294117647058,,-0.0367904719391366,-0.0365777472355844,0.1250774023762529,371125000.0,496467000.0,325198000.0,735025000.0,125398500.0,113355000.0,309578000.0,70.25804744686481,151.91365844413633,325.0316698752157,1.2809920467554377,0.5924417917503841,0.2768960945699608,-0.0407598102006037,0.0849539455861295,2013-07-25,-0.18,amc,208122352.0,2025-03-05,2013-06-30,-0.2222222222222221,13.222295081967212,7808193.786885246
2013-03-31,DECK,USD,910521,2013-05-10,2013-05-10 15:14:04,2013,Q4,263760000.0,140201000.0,123559000.0,0.468452381,0,0.0,0.0,120907000.0,171000.0,120907000.0,261108000.0,26000.0,339000.0,8970000.0,11819000.0,0.0448096755,2652000.0,0.0100545951,-142000.0,2510000.0,0.0095162269,1503000.0,1007000.0,0.0038178647,0.0050001,0.0050001,206424000,208728000,https://www.sec.gov/Archives/edgar/data/910521/000110465913040207/0001104659-13-040207-index.htm,https://www.sec.gov/Archives/edgar/data/910521/000110465913040207/a13-8405_110q.htm,1.277758400186025,0.0048783087237918,0.0763816222919815,0.0177450296477153,0.3129045072278417,3.608470914234779,2.530107933186064,3.608470914234779,0.0500862302833003,1857816000.0,1803225000.0,461.2254220456802,7.043585077343039,117.82939049914378,507.1842751842752,2.49413123007216,2.49413123007216,6.836612829845314,152.5700143836196,114.3670324094628,492.28091728091727,0.0005420343026435,0.0019716699608572,0.0134250713206913,0.0108998597188054,-4.618918690244522,4.2249591040644265,7.823008849557522,15.657398212512414,0.0,0.0,0.0,0.0,0.2426308773406086,0.7676793302467179,0.0458902032150439,1.349386845039019,0.0091143463754928,0.6293431422208092,0.0013294785535705,0.0014492482474458,0.5284596267875828,410060000.0,522275000.0,364644000.0,762496000.0,154388500.0,95473500.0,278634500.0,40.27104185623294,36.90487229049721,165.0390510766685,2.234856508587455,2.4387023830231342,0.5453254815321903,0.0013519046819936,0.0586365926442661,2013-04-25,0.00428,amc,791400000.0,2025-03-05,2013-03-31,1.3364485981308412,12.33375,8910146.421875
2012-12-31,DECK,USD,910521,2013-03-01,2013-03-01 16:08:28,2013,Q3,617264000.0,331270000.0,285994000.0,0.4633252547,0,0.0,0.0,141880000.0,0.0,141880000.0,473150000.0,22000.0,3009000.0,10468000.0,154788000.0,0.2507646647,144114000.0,0.2334722258,-2803000.0,141311000.0,0.2289312191,43254000.0,98057000.0,0.1588574743,0.4683427,0.4616759,209580000,212238000,https://www.sec.gov/Archives/edgar/data/910521/000104746913002068/0001047469-13-002068-index.htm,https://www.sec.gov/Archives/edgar/data/910521/000104746913002068/a2213206z10-k.htm,2.9452428666857524,0.4678738429239431,1.6570808283233134,1.5590466647580876,0.5260377898654451,3.5251503006012026,2.4530537265006203,3.5251503006012026,0.1718150586888061,1406281800.0,1329034800.0,3.585368204207757,2.2782501490448173,4.049289500735694,4.303912225129689,1.903464938461101,1.903464938461101,2.153105964384769,8.586161717962632,3.8268621991355953,4.067498508010834,0.0697278454432106,0.2323467458655868,0.0446669671535366,0.0308970248973844,-0.4990503139778277,2.5900448286064184,47.89431704885344,3.5417257309524053,0.0,0.0,0.0,0.0,0.2103712886119184,0.0591607614363746,0.0332855957904559,0.0,0.0042639778117628,6.091783515983025,0.1198997507680773,0.1162675159537761,0.3537432006870885,424569000.0,514111000.0,362323000.0,774629000.0,223426000.0,150707000.0,393170500.0,27.81312372015864,36.25782594258459,81.55151387086062,3.235882488624211,2.4822227384101248,1.1035969257728044,0.132724509035586,0.0980341635652257,2013-02-28,0.43,amc,581643682.0,2025-03-05,2012-12-31,0.0697674418604651,9.70234375,4937678.890625
2012-09-30,DECK,USD,910521,2012-11-08,2012-11-08 17:09:59,2013,Q2,376392000.0,217099000.0,159293000.0,0.4232103764,0,0.0,0.0,99684000.0,101000.0,99684000.0,316783000.0,24000.0,732000.0,8233000.0,67967000.0,0.1805750388,59609000.0,0.1583694659,-607000.0,59002000.0,0.1567567855,15941000.0,43061000.0,0.1144046632,0.1983373,0.1966706,216774000,219462000,https://www.sec.gov/Archives/edgar/data/910521/000110465912076068/0001104659-12-076068-index.htm,https://www.sec.gov/Archives/edgar/data/910521/000110465912076068/a12-19865_110q.htm,1.7363336931550832,0.1986446714089328,-0.9869864467140892,-1.079414505429618,0.2843329919639809,3.1451142664710714,2.1136759943535663,3.1451142664710714,1.271979111886112,1309314960.0,1522678960.0,7.60151273774413,3.4785940190014664,-6.119638238304675,-5.595626119176543,1.920438969226098,1.920438969226098,4.045460477374652,22.403209792987777,-7.116885297238179,-6.507480949959186,0.032888190630618,-0.1787110108327182,0.4033565128876072,0.2188892682969539,3.1392293318816487,1.723995292459806,81.43306010928961,-4.968602679919185,0.0,0.0,0.0,0.0,0.1779681185790823,-0.0936467354979832,0.0532317371251248,2.433620794364144,0.0081617037556589,3.749280500996236,0.0428727018549355,0.0416953117586569,-0.3587699631874671,374029000.0,458190000.0,316083000.0,712932000.0,198068000.0,179865000.0,416212500.0,61.235732959255245,69.6278195661887,201.5445488003169,1.4697301012120454,1.2925867930482209,0.4465513978706949,0.0631597629143754,0.0924280587155286,2012-10-25,0.17,amc,331742372.0,2025-03-05,2012-09-30,0.1764705882352941,9.07375,5458436.734375
2012-06-30,DECK,USD,910521,2012-08-09,2012-08-09 14:14:45,2013,Q1,174436000.0,100857000.0,73579000.0,0.4218108647,0,0.0,0.0,102287000.0,160000.0,102287000.0,203144000.0,69000.0,50000.0,6248000.0,-22231000.0,-0.1274450228,-28708000.0,-0.1645761196,179000.0,-28529000.0,-0.1635499553,-8390000.0,-20139000.0,-0.1154520856,-0.0883351,-0.0883351,227238000,227238000,https://www.sec.gov/Archives/edgar/data/910521/000110465912056452/0001104659-12-056452-index.htm,https://www.sec.gov/Archives/edgar/data/910521/000110465912056452/a12-13199_110q.htm,0.7676356947341554,-0.0886251419216856,0.0153935521347661,-0.0495735748422358,0.5034413258345876,3.169029827757681,2.244118501307,3.169029827757681,0.0002200336211373,1667926920.0,1553525920.0,-20.70518546104573,9.561827375083125,476.8230188679245,-148.06275366178428,2.3161662713643763,2.3161662713643763,8.905993716893303,-69.88106337996491,444.1183304745569,-137.90731646693297,-0.0120742700165784,-0.0067538930302773,0.0,0.0,5.146012325131573,2.7367830958168,-574.16,-0.1736928347981528,0.0,0.0,0.0,0.0,0.2050481803467892,4.22041166380789,0.0846327592928065,2.362836107554417,0.0285892820289389,,-0.0261398777675518,-0.0247156455104635,0.3858531583625978,433739000.0,509949000.0,378597000.0,747194000.0,124101000.0,116701500.0,277355000.0,72.25343392418996,171.1291234123561,308.9833130075255,1.2456155384175949,0.5259186642540921,0.2912778658626396,-0.0279660169637451,0.064967126977002,2012-07-26,-0.6,amc,197433962.0,2025-03-05,2012-06-30,-0.8500000000000001,7.238666666666666,11810086.65
2012-03-31,DECK,USD,910521,2012-05-09,2012-05-09 14:49:26,2012,Q4,246306000.0,133018000.0,113288000.0,0.4599481945,0,0.0,0.0,101355000.0,348000.0,101355000.0,234373000.0,102000.0,49000.0,8418000.0,20801000.0,0.0844518607,11933000.0,0.0484478657,401000.0,12334000.0,0.0500759218,4299000.0,7887000.0,0.0320211444,0.033334,0.033334,231684000,234564000,https://www.sec.gov/Archives/edgar/data/910521/000110465912035072/0001104659-12-035072-index.htm,https://www.sec.gov/Archives/edgar/data/910521/000110465912035072/a12-8459_110q.htm,1.063111824726783,0.0340420572849225,0.1168401788643151,0.0685502667426322,0.9865635952417948,3.5961007233991125,2.6796196543567965,3.57174858859481,0.000211494967283,2434998840.0,2206427840.0,77.18393685812096,9.886071959270176,89.95193350572589,153.31814884775218,2.942536334600981,2.942536334600981,8.9580758893409,106.07316186721792,81.5082319911341,138.92632162196196,0.0032390159167385,0.0065223850373579,0.0,0.0,-10.988462093168598,6.807590838860218,243.53061224489795,3.3690105787181084,0.0,0.0,0.0,0.0,0.2165853539119374,0.4132988548208349,0.0454231728013121,1.329056783083868,0.0161181619611377,1.654015591328096,0.0087816364555713,0.0102690365177719,1.1511671069214966,552540000.0,620825000.0,500469000.0,858893000.0,150768500.0,76241500.0,230861500.0,39.52230152736839,28.166864634861447,141.03933302259844,2.27719531813391,3.19524381455681,0.6381198639501471,0.0095309220233542,0.0482899121216829,2012-04-26,0.25,amc,307875000.0,2025-03-05,2012-03-31,-0.88,5.956612903225807,13482984.177419355
2011-12-31,DECK,USD,910521,2012-02-29,2012-02-29 16:49:12,2012,Q3,603852000.0,296100000.0,307752000.0,0.5096480595,0,0.0,0.0,130972000.0,0.0,130972000.0,427072000.0,59000.0,146000.0,9082000.0,186301000.0,0.3085209621,176780000.0,0.2927538536,293000.0,177073000.0,0.2932390718,49865000.0,124729000.0,0.2065555798,0.5383441,0.5300106000000001,231798000,235128000,https://www.sec.gov/Archives/edgar/data/910521/000104746912001917/0001047469-12-001917-index.htm,https://www.sec.gov/Archives/edgar/data/910521/000104746912001917/a2207209z10-k.htm,2.605078559780498,0.5380935124548097,1.0886590911051863,0.9426008852535396,1.1372229268587304,3.63001406396949,2.70466526889792,3.606312392686736,0.0006298587563309,2920654800.0,2657048800.0,5.854001074329146,4.8367063452634085,11.573871107077895,13.367269431972648,3.493873693679898,3.493873693679898,4.400165603492247,14.262128490990388,10.529262251881324,12.160795998041127,0.0427058343218103,0.0748095940677412,0.0,0.0,-1.4149467796737538,3.524239590828985,1210.8219178082193,1.9837510219483048,0.0,0.0,0.0,0.0,0.1871355335387665,0.1341634006871436,0.0560667183349562,0.0,0.0064734405119135,6.607722701792017,0.1389291642723022,0.1338722037733095,0.994427259941846,585823000.0,626936000.0,513136000.0,890574000.0,210525000.0,121523000.0,305071500.0,28.82121778184058,33.69392097264438,76.98176291793312,3.12269941822883,2.6711049768612485,1.1691080664903069,0.1492087911036251,0.1460582058516467,2012-02-23,3.14,amc,596303773.0,2025-03-05,2011-12-31,-0.8312101910828026,7.492222222222222,11969246.682539685
2011-09-30,DECK,USD,910521,2011-11-09,2011-11-09 06:03:07,2012,Q2,414358000.0,211505000.0,202853000.0,0.4895597527,0,0.0,0.0,112192000.0,0.0,112192000.0,323697000.0,34000.0,148000.0,8356000.0,99115000.0,0.2392013669,90661000.0,0.2187987199,-50000.0,90611000.0,0.2186780513,28266000.0,62484000.0,0.1507971368,0.2700054,0.2650053,231618000,235140000,https://www.sec.gov/Archives/edgar/data/910521/000110465911062315/0001104659-11-062315-index.htm,https://www.sec.gov/Archives/edgar/data/910521/000110465911062315/a11-25653_110q.htm,1.7889714961704186,0.2697717793953837,-0.6211909264392232,-0.6528767194259514,0.3904057543023426,3.101291782158554,2.186332668445458,3.088274659137028,0.1949244013850391,3597027540.0,3551602540.0,14.391794459381602,8.680965590141858,-25.000365167953625,-23.787032892909576,5.028697805116734,5.028697805116734,8.571338166513016,35.83314876658427,-24.68464848935564,-23.486638759935985,0.0173710096197929,-0.0420397114891147,0.0629106668530686,0.0430342389968623,-0.4583060081723251,2.873732570446841,612.5743243243244,-2.307787312535087,0.0,0.0,0.0,0.0,0.2026635324989791,-0.0510081387832831,0.0177117371934414,0.0,0.0098079438553135,4.3295970223895015,0.0751636041714887,0.074942609246328,0.4846503725962576,488602000.0,506394000.0,422002000.0,759589000.0,175456000.0,119784000.0,283458500.0,49.451802547555495,56.25101061440628,151.8572610576582,1.819953881629516,1.5999712541511275,0.5926618152676162,0.0873535579477142,0.0316857929867281,2011-10-27,1.36,amc,354455345.0,2025-03-05,2011-09-30,-0.8014705882352942,9.233015873015871,11410951.285714284
2011-06-30,DECK,USD,910521,2011-08-08,2011-08-08 16:28:21,2012,Q1,154222000.0,88310000.0,65912000.0,0.4273839011,0,0.0,0.0,76710000.0,0.0,76710000.0,165020000.0,35000.0,13000.0,5662000.0,-5080000.0,-0.0329395287,-10798000.0,-0.070015951,43000.0,-10755000.0,-0.0697371322,-3227000.0,-7339000.0,-0.0475872444,-0.0316673,-0.0316673,232020000,232020000,https://www.sec.gov/Archives/edgar/data/910521/000110465911044870/0001104659-11-044870-index.htm,https://www.sec.gov/Archives/edgar/data/910521/000110465911044870/a11-13837_110q.htm,0.6646926989052668,-0.0316308938884578,-0.3532540298250151,-0.3927333850530127,1.4014740108611328,2.810537884665115,2.707723472114473,2.7969442289457804,5.602965261615378e-05,3408373800.0,3083203800.0,-116.10484398419403,22.100438329161857,-41.58480515360777,-37.40451043655758,5.252160500010016,5.252160500010016,19.9919842823981,-606.9298818897638,-37.61747883165369,-33.83599789293475,-0.0021532262687854,-0.0267347437068082,0.0,0.0,64.00984251968504,5.198958309846452,-830.6153846153846,10.887619553666312,0.0,0.0,0.0,0.0,0.0300014966162638,-0.1117591078792611,0.0593948982635421,0.0,0.0259560892739038,,-0.0114157903813316,-0.0095154498024043,1.636038919058702,558684000.0,628246000.0,548711000.0,637080000.0,100732000.0,75192500.0,158581000.0,71.91794944949488,109.4298493941796,214.0636394519307,1.251426113910595,0.8224447031431897,0.420435718230466,-0.0113090899564987,0.0394793552279975,2011-07-28,-0.23,amc,186663157.0,2025-03-05,2011-06-30,-0.8695652173913043,13.059032258064516,13100145.29032258
2011-03-31,DECK,USD,910521,2011-05-10,2011-05-10 13:26:42,2011,Q4,204851000.0,102373000.0,102478000.0,0.5002562838,0,0.0,0.0,74283000.0,0.0,74283000.0,176656000.0,110000.0,0.0,5877000.0,34210000.0,0.1669994289,28195000.0,0.1376366237,138000.0,28333000.0,0.1383102841,8500000.0,19178000.0,0.0936192647,0.083335,0.0816683,231654000,236382000,https://www.sec.gov/Archives/edgar/data/910521/000110465911027709/0001104659-11-027709-index.htm,https://www.sec.gov/Archives/edgar/data/910521/000110465911027709/a11-8744_110q.htm,0.8842972709299214,0.0827872603106356,0.0154670327298471,-0.0242819031831956,1.890319182919354,2.914721956020617,2.8005301009263817,2.90029095115992,0.0,3326551440.0,2888651440.0,43.36415997497132,16.23888309063661,928.4263019815796,-591.3869226666667,4.951227391257754,4.951227391257754,14.101231822153665,84.43880268927214,806.2102818866871,-513.5380337777777,0.0057651295480944,-0.0016909403330916,0.0,0.0,-12.800350774627304,9.513957307060757,0.0,0.180658498462159,0.0,0.0,0.0,0.0,0.0350868117729762,2.569913480323751,0.0449497439602442,0.0,0.0138002743457439,2.3243086485836586,0.0288075112967708,0.0263623454762143,2.0349583862139227,585905000.0,648754000.0,575999000.0,661942000.0,97445000.0,55041500.0,116056500.0,34.36854103714408,37.81172770164008,94.17151006613072,2.618673859409155,2.380213903743316,0.955703056442428,0.0285444673326744,0.0397489359130427,2011-04-28,0.45,bmo,188173469.0,2025-03-05,2011-03-31,-0.8222222222222222,16.87253968253968,8636211.61904762
2010-12-31,DECK,USD,910521,2011-03-01,2011-03-01 15:36:48,2011,Q3,430124000.0,196789000.0,233335000.0,0.5424830979,0,0.0,0.0,92598000.0,0.0,92598000.0,289387000.0,67000.0,226000.0,3447000.0,144656000.0,0.3363123192,140737000.0,0.3272009932,246000.0,140983000.0,0.3277729213,49628000.0,89231000.0,0.2074541295,0.39,0.38,231690000,235560000,https://www.sec.gov/Archives/edgar/data/910521/000104746911001618/0001047469-11-001618-index.htm,https://www.sec.gov/Archives/edgar/data/910521/000104746911001618/a2202162z10-k.htm,1.8564633777892872,0.3851309940006042,0.8711985843152488,0.8366999007294229,1.9216453019120376,2.829966765937244,2.72241788596832,2.818365056756873,0.0009754413224567,3079160100.0,2633934100.0,8.626934865685692,7.158773051492128,15.254845725496413,15.88383121405174,4.71549984915473,4.71549984915473,6.123662246235969,18.208260286472736,13.049096845150808,13.587135229939904,0.0289790063205872,0.0629571031399114,0.0,0.0,-3.0778260148213694,4.940750916383065,622.7300884955753,0.0,0.0,0.0,0.0,0.0,0.0308012173143434,0.0395991042764852,0.0185830132705917,0.0,0.0059750211566896,4.941901866156413,0.1373156733564074,0.1138040189981583,1.9072974664422289,570869000.0,630757000.0,562413000.0,643524000.0,129447500.0,70137500.0,161154000.0,24.41079781644363,30.675342625858157,57.16554278948518,3.686893016637666,2.933952559151969,1.574374974999,0.136650499933383,0.0344986835858258,2011-02-24,1.99,amc,377048017.0,2025-03-05,2010-12-31,-0.8090452261306532,15.33734375,8395370.0625
2010-09-30,DECK,USD,910521,2010-11-09,2010-11-09 14:00:56,2011,Q2,277879000.0,146926000.0,130953000.0,0.4712590732,0,0.0,0.0,64639000.0,0.0,64639000.0,211565000.0,95000.0,216000.0,2600000.0,69343000.0,0.2495438662,66314000.0,0.2386434383,213000.0,66527000.0,0.239409959,24555000.0,42143000.0,0.1516595353,0.1816703,0.1783369,231690000,235368000,https://www.sec.gov/Archives/edgar/data/910521/000110465910057224/0001104659-10-057224-index.htm,https://www.sec.gov/Archives/edgar/data/910521/000110465910057224/a10-17227_110q.htm,1.199356899305106,0.1818939099659027,-0.2852950062583624,-0.3188009840735465,1.0813414476239802,2.42704475808192,2.318110406146144,2.424610470887824,0.000932280201994,1929977700.0,1679441700.0,11.448981444130698,6.945388820313878,-29.197847201210287,-26.129153974249625,3.435603409297242,3.435603409297242,6.0437877637388935,24.2193400920064,-25.40759001512859,-22.737252751716017,0.0218360035973472,-0.0382714266594893,0.0,0.0,-3.61299626494383,4.795598154064607,307.00925925925924,-1.5748594300962546,0.0,0.0,0.0,0.0,0.0362016586868776,-0.1174432677760968,0.02793661989571,0.0,0.0131532069713796,3.1500781372239377,0.0733461858855994,0.0627184908153865,1.3855172860287452,481149000.0,537083000.0,473058000.0,549295000.0,111939500.0,76577500.0,158886500.0,46.06638141061397,44.84012359963519,120.86472101602168,1.9537024017098823,2.00713095270621,0.7446341599387775,0.0750198484044731,0.033505977815184,2010-10-28,0.93,amc,241539252.0,2025-03-05,2010-09-30,0.1505376344086021,14.615714285714285,6651711.063492063
2010-06-30,DECK,USD,910521,2010-08-09,2010-08-09 13:46:56,2011,Q1,137059000.0,76316000.0,60743000.0,0.4431886998,0,0.0,0.0,47527000.0,0.0,47527000.0,123843000.0,53000.0,106000.0,2341000.0,16160000.0,0.1179054276,13216000.0,0.0964256269,497000.0,13713000.0,0.1000518025,4803000.0,8966000.0,0.0654170832,0.012783589,0.012783589,231738000,234864000,https://www.sec.gov/Archives/edgar/data/910521/000110465910043090/0001104659-10-043090-index.htm,https://www.sec.gov/Archives/edgar/data/910521/000110465910043090/a10-11328_110q.htm,0.5914394704364412,0.0386902450180807,-0.0752703484107051,-0.0903520354883532,1.440182447419068,2.2567770499443336,2.146963381059645,2.253605364679077,0.0004574131130846,1839999720.0,1506254720.0,51.30492192728084,13.424873375699516,-105.48642550020064,-87.87848505110325,3.523243299134891,3.523243299134891,10.989827154728983,93.20883168316831,-86.35296221980164,-71.93880599866272,0.0048728268284736,-0.0113793495577271,0.0,0.0,-20.652537128712872,5.278389223273144,124.67924528301889,-1.9576879910213243,0.0,0.0,0.0,0.0,0.0401045163283123,-0.2003669093619217,0.0254999671674242,0.0,0.0263755025208122,1.4006542164301763,0.0162059422620648,0.0147202238078194,1.4829214457706548,447819000.0,497533000.0,440928000.0,510634000.0,68114500.0,54705500.0,94642000.0,53.6136262485499,94.28913989202788,142.05933225011793,1.67867772239029,0.9545107750803598,0.6335381039349162,0.0171681544712645,0.015081687077648,2010-07-22,0.1,amc,101766307.0,2025-03-05,2010-06-30,-0.6,13.676129032258064,8866741.177419355
2010-03-31,DECK,USD,910521,2010-05-10,2010-05-10 06:00:51,2010,Q4,155927000.0,78020000.0,77907000.0,0.499637651,0,0.0,0.0,49086000.0,0.0,49086000.0,127106000.0,19000.0,18000.0,3895000.0,32799000.0,0.2103484323,28821000.0,0.184836494,65000.0,28886000.0,0.1852533557,10746000.0,17895000.0,0.1147652427,0.0766682,0.0766682,231786000,234360000,https://www.sec.gov/Archives/edgar/data/910521/000110465910026996/0001104659-10-026996-index.htm,https://www.sec.gov/Archives/edgar/data/910521/000110465910026996/a10-6020_110q.htm,0.6727196638278412,0.0772048354948098,0.0932627509858231,0.0792929685140603,1.541628916327992,2.214180321503456,2.102038086855979,2.210767690887284,7.765783955890347e-05,1777798620.0,1420470620.0,24.83652724224644,11.40148030809289,82.24076513854835,96.72988845965504,3.469383070693272,3.469383070693272,9.109843837180218,43.30835147413031,65.7108118610353,77.28769900429839,0.0100658194908487,0.0103380662990952,0.0,0.0,-10.894478490197873,8.309113053924186,1601.1666666666667,1.19167585446527,0.0,0.0,0.0,0.0,0.0448990449474107,0.1497895175093676,0.0207661277392626,0.0,0.0188678035234436,1.959679567575871,0.0348741888842487,0.0323640691012211,1.5832341038716746,438079000.0,487223000.0,432310000.0,500216000.0,65504500.0,38394500.0,77090000.0,31.50435780846165,33.981286849525766,79.39195078185081,2.856747645744018,2.6485165320116777,1.1336161804021854,0.034922183734205,0.0139697824717627,2010-04-22,0.3,amc,101673913.0,2025-03-05,2010-03-31,-0.7333333333333333,11.096875,10294036.3125
2009-12-31,DECK,USD,910521,2010-03-01,2010-03-01 16:22:10,2010,Q3,347989000.0,174548000.0,173441000.0,0.4984094325,0,0.0,0.0,67825000.0,0.0,67825000.0,242373000.0,0.0,0.0,2834000.0,108447000.0,0.311639161,105616000.0,0.3035038464,34000.0,105650000.0,0.3036015506,37602000.0,67742000.0,0.1946670728,0.29,0.29,233856000,235809000,https://www.sec.gov/Archives/edgar/data/910521/000104746910001651/0001047469-10-001651-index.htm,https://www.sec.gov/Archives/edgar/data/910521/000104746910001651/a2196208z10-k.htm,1.48804820060208,0.2896739874110564,0.9403479064039408,0.9299226874657908,1.4623614532019704,2.103448275862069,2.0010775862068964,2.101113505747126,0.0,1321286400.0,1005424400.0,4.87617135602728,3.796920017586763,6.008414504379145,6.075773906965623,2.6890503461834343,2.6890503461834343,2.8892419013244672,9.27111307827787,4.572064427528126,4.623321132304523,0.0512697322851427,0.1645880862771311,0.0,0.0,-2.912593248314845,5.164935064935065,0.0,3.231630613684458,0.0,0.0,0.0,0.0,0.0399637421687591,0.0110865551644793,0.0070059685794665,0.0,0.016201661546773,3.700588245440495,0.1365511598880653,0.1177910739467538,1.431826636904762,420117000.0,467964000.0,413848000.0,479499000.0,94678000.0,49643500.0,136557000.0,19.76622824284676,24.40469097325664,44.01104567225061,4.553220720426028,3.687815596543491,2.044941187497071,0.137866891350095,0.0104252189381499,2010-02-25,1.43,amc,286000000.0,2025-03-05,2009-12-31,-0.7972027972027972,7.90640625,6083343.140625
2009-09-30,DECK,USD,910521,2009-11-09,2009-11-09 13:23:53,2010,Q2,228414000.0,130463000.0,97951000.0,0.4288309823,0,0.0,0.0,44871000.0,0.0,44871000.0,175334000.0,101000.0,8000.0,2637000.0,55830000.0,0.2444245974,53080000.0,0.2323850552,105000.0,53185000.0,0.2328447468,19434000.0,33825000.0,0.1480863695,0.1450029,0.1433362,233568000,235260000,https://www.sec.gov/Archives/edgar/data/910521/000110465909063593/0001104659-09-063593-index.htm,https://www.sec.gov/Archives/edgar/data/910521/000110465909063593/a09-31083_110q.htm,0.9779336210439786,0.1448186395396629,-0.1050529182079736,-0.1251669749280723,0.5375351075489793,1.804455233593643,1.6973857720235648,1.8034276955747364,3.4251267296889986e-05,1100105280.0,1024493280.0,8.130859423503326,4.816277811342562,-44.834547010637,-37.62973422267829,2.611693283605121,2.611693283605121,4.4852473140875775,18.35022890918861,-41.752996698862944,-35.04338224730631,0.0307470572271046,-0.0265747292840917,0.0,0.0,-1.354325631380978,4.7238081036172295,6635.0,-0.72700068146129,0.0,0.0,0.0,0.0,0.0479606924842787,-0.1914659493825651,0.0205679161522498,0.0,0.010966928471985,2.424112986450686,0.0787859171985564,0.0681380043874227,0.8741041152897657,349606000.0,396455000.0,343526000.0,408994000.0,87998500.0,51699000.0,166701000.0,44.49644067351388,35.841886205284254,129.52499942512435,2.022633690194724,2.511028562629918,0.6948465578031295,0.0803018828506515,0.0201140567200986,2009-10-22,0.75,amc,199186046.0,2025-03-05,2009-09-30,-0.8133333333333334,7.9944444444444445,9065789.095238095
2009-06-30,DECK,USD,910521,2009-08-10,2009-08-10 14:08:12,2010,Q1,102548000.0,61763000.0,40785000.0,0.3977161914,0,0.0,0.0,36560000.0,0.0,36560000.0,98323000.0,1216000.0,0.0,2617000.0,7081000.0,0.0690505909,3225000.0,0.0314486874,1239000.0,4464000.0,0.0435308343,1697000.0,2879000.0,0.0280746577,0.012216911,0.012216911,236088000,237780000,https://www.sec.gov/Archives/edgar/data/910521/000110465909048534/0001104659-09-048534-index.htm,https://www.sec.gov/Archives/edgar/data/910521/000110465909048534/a09-18748_110q.htm,0.4343634576937413,0.0121946054013757,-0.2092143607468401,-0.2263689810579106,0.742549388363661,1.7154450882721697,1.6098319270780388,1.714115075734472,0.0,920743200.0,812580200.0,79.95338659256686,8.978655848968288,-18.64116777681048,-17.228508878618342,2.2752264741204207,2.2752264741204207,7.923901002457386,114.7550063550346,-16.451323061972346,-15.204614261923918,0.0031268218977886,-0.0580433284763873,0.0,0.0,-15.27510238666855,5.9027673896783845,0.0,-17.850740874593424,0.0,0.0,0.0,0.0,0.0521230517091444,-0.0819954244528577,0.0394937005109802,0.0,0.0240862815462027,0.6857962755989946,0.0048734796018322,0.0063493253703956,0.9405730066754768,334305000.0,380062000.0,329120000.0,391876000.0,59683000.0,35467000.0,106021500.0,55.35086008503335,74.96041319236437,212.2299758755242,1.6259909938479102,1.2006337234166635,0.4240682760704183,0.0071142279617082,0.0171546203110704,2009-07-23,0.00206,amc,34166666.0,2025-03-05,2009-06-30,3.854368932038834,6.370655737704919,8336944.901639344
2009-03-31,DECK,USD,910521,2009-05-11,2009-05-11 15:25:21,2009,Q4,134226000.0,75313000.0,58913000.0,0.4389090042,0,0.0,0.0,39587000.0,0.0,39587000.0,114900000.0,596000.0,17000.0,2106000.0,22047000.0,0.1642528273,19326000.0,0.1439810469,598000.0,19924000.0,0.1484362195,7571000.0,12340000.0,0.0919344985,0.0516677,0.0516677,235620000,237618000,https://www.sec.gov/Archives/edgar/data/910521/000110465909031458/0001104659-09-031458-index.htm,https://www.sec.gov/Archives/edgar/data/910521/000110465909031458/a09-11397_110q.htm,0.5696715049656226,0.05237246413717,0.1676343264578558,0.1569688481453187,0.976232917409388,1.6954036159918513,1.5844113402936932,1.6935956200662083,7.215007215007215e-05,695079000.0,516006000.0,14.081827390599678,5.17842295829422,17.597827738113324,18.793537920778693,1.7418561816336504,1.7418561816336504,3.844307362210004,23.4048169819023,13.064104511620842,13.951764228741382,0.0177533776736169,0.0532097790323114,0.0,0.0,-8.122329568648796,8.679918664983873,1136.8235294117646,3.197441916943253,0.0,0.0,0.0,0.0,0.0586429511630149,0.0636234746063091,0.0187221551711292,0.0,0.0179026418130615,1.4126924496091422,0.0297202806735511,0.0293948799550263,1.099062049062049,328593000.0,373319000.0,324897000.0,384868000.0,82213500.0,31226000.0,79569500.0,37.74842429931608,23.293189754756813,79.34765578319812,2.3842054779921136,3.863790272932486,1.1342490097742437,0.0309238306456665,0.0106654783125371,2009-04-23,0.21,bmo,90909677.0,2025-03-05,2009-03-31,0.4761904761904762,5.1784375,9310748.5625
2008-12-31,DECK,USD,910521,2009-03-02,2009-03-02 15:19:30,2009,Q3,303506000.0,166016000.0,137490000.0,0.4530058714,0,0.0,0.0,52843000.0,0.0,73768000.0,239784000.0,0.0,0.0,1751000.0,65473000.0,0.2157222592,63722000.0,0.2099530158,924000.0,64646000.0,0.2129974366,24306000.0,40460000.0,0.133308732,0.17,0.17,235188000,237564000,https://www.sec.gov/Archives/edgar/data/910521/000104746909002106/0001047469-09-002106-index.htm,https://www.sec.gov/Archives/edgar/data/910521/000104746909002106/a2190215z10-k.htm,1.2904825076109323,0.1720325866966001,0.5710282837559739,0.546915658962192,0.8281885130193717,1.6355638893140807,1.5333733013589128,1.63380784733915,0.0,1044234720.0,867430720.0000001,6.452265941670787,3.44057356361983,7.775446727079131,8.118253568429893,2.7175778395428,2.7175778395428,2.858034832919284,13.248678386510472,6.458951444165631,6.743716142675002,0.0387460780848198,0.1231792024689621,0.0,0.0,-2.7004108563835474,4.337447090086021,0.0,3.3193030153237766,0.0,0.0,0.0,0.0,0.0496856659107212,0.0422266733184908,0.018684968336705,3.238720731010851,0.0,2.514763264845531,0.1023479614356003,0.0880164111667286,0.9489886813953092,317755000.0,360631000.0,313908000.0,370107000.0,110544500.0,45650500.0,125336500.0,32.06397896581946,23.289321511179644,50.27587702390131,2.806888068880689,3.864432029795158,1.7901229243045071,0.1052954831725013,0.0241126247937819,2009-02-26,1.32,bmo,296755555.0,2025-03-05,2008-12-31,0.0227272727272727,3.93515625,9348094.421875
2008-09-30,DECK,USD,910521,2008-11-10,2008-11-10 16:57:15,2009,Q2,197288000.0,111948000.0,85340000.0,0.4325655894,0,0.0,0.0,42259000.0,0.0,42259000.0,154207000.0,455000.0,14000.0,1608000.0,45124000.0,0.228721463,43081000.0,0.2183660436,421000.0,43502000.0,0.2204999797,17445000.0,26014000.0,0.1318579944,0.1100022,0.1100022,234972000,237582000,https://www.sec.gov/Archives/edgar/data/910521/000110465908069790/0001104659-08-069790-index.htm,https://www.sec.gov/Archives/edgar/data/910521/000110465908069790/a08-25738_110q.htm,0.8396234444955144,0.1107110634458573,-0.2283548678140374,-0.2573498118924808,0.2891578571063786,1.4580588325417496,1.2671552355174234,1.4557904771632364,5.95815671654495e-05,1358138160.0,1323051160.0,13.051992773122166,6.884038360163822,-25.31148144696871,-22.45970167024971,3.970351565469056,3.970351565469056,6.706191760269251,29.320343054693733,-24.657568630374417,-21.879463535637505,0.0191541632259268,-0.0445241889087337,0.0,0.0,-0.7775684779718111,4.48452077760856,3077.214285714286,-2.059216333422881,0.0,0.0,0.0,0.0,0.1057618854507558,-0.1269731815047431,0.0345332711568873,4.236940298507463,0.0155660759904302,1.9043036830622937,0.0745815048051149,0.0685887548612484,0.6388059002774799,272270000.0,297746000.0,268878000.0,342533000.0,85961000.0,49403000.0,135367500.0,51.530757065812416,38.8634901918748,126.9693965055204,1.7465297450424928,2.315798183736373,0.7088322263238208,0.0760487619493086,0.0289949440784433,2008-10-23,0.62,bmo,185342424.0,2025-03-05,2008-09-30,0.0645161290322581,3.38968253968254,12853007.53968254
2008-06-30,DECK,USD,910521,2008-08-11,2008-08-11 16:47:50,2009,Q1,91116000.0,54776000.0,36340000.0,0.3988322578,0,0.0,0.0,28384000.0,0.0,28384000.0,83160000.0,663000.0,39000.0,1527000.0,-4748000.0,-0.052109399,-6944000.0,-0.0762105448,630000.0,-6314000.0,-0.0692962817,-2494000.0,-3820000.0,-0.0419245797,-0.016283659,-0.016283659,234576000,234576000,https://www.sec.gov/Archives/edgar/data/910521/000110465908051911/0001104659-08-051911-index.htm,https://www.sec.gov/Archives/edgar/data/910521/000110465908051911/a08-19079_110q.htm,0.3884284837323511,-0.0162847009071686,-0.2077493008662437,-0.2225163699611213,0.5320706295614215,1.331214617011118,1.1392981379169225,1.331214617011118,0.0001662574176386,1813272480.0,1733636480.0,-118.66966492146597,19.90070327933623,-37.208308127962574,-34.73901718489569,5.806727105623001,5.806727105623001,19.026696518723387,-365.1298399326032,-35.57417930355201,-33.21333563231603,-0.0021066883450412,-0.028786076320973,0.0,0.0,16.772535804549285,4.906422866616716,-178.05128205128204,12.757329842931938,0.0,0.0,0.0,0.0,0.1192117339575626,-0.0710811975458108,0.0380174722331972,2.2685003274394235,0.0151565037973572,,-0.0133408052883303,-0.0114845769947688,0.6823609405906828,245046000.0,267252000.0,242407000.0,309178000.0,49831000.0,37926000.0,81121500.0,58.2398261556697,82.91678837447057,185.33992989630497,1.5453342830975882,1.0854255424551669,0.4855942270527118,-0.0122329643162509,0.0147670690948775,2008-08-07,0.08,bmo,56061538.0,2025-03-05,2008-06-30,0.625,3.0229508196721318,14102376.475409836
2008-03-31,DECK,USD,910521,2008-05-09,2008-05-09 15:48:30,2008,Q4,97535000.0,51387000.0,46148000.0,0.4731429743,0,0.0,0.0,29088000.0,0.0,29088000.0,80475000.0,1389000.0,32000.0,1122000.0,19822000.0,0.2032296099,17060000.0,0.1749115702,1608000.0,18668000.0,0.1913979597,7374000.0,11294000.0,0.1157943302,0.0483343,0.0483343,234144000,237150000,https://www.sec.gov/Archives/edgar/data/910521/000110465908031833/0001104659-08-031833-index.htm,https://www.sec.gov/Archives/edgar/data/910521/000110465908031833/a08-11788_110q.htm,0.4165598947656143,0.0482352740194068,0.0912558083914172,0.0642510591772584,0.7833299166324996,1.3348751195845292,1.1038378092114254,1.3348751195845292,0.000136668033347,1402522560.0,1321457560.0,31.045744643173368,14.379684831086276,65.63965741564094,93.22803509704866,4.487311144029973,4.487311144029973,13.548547290716153,66.66620724447583,61.84572284363738,87.83950810954533,0.0080526333922215,0.0107263871748344,0.0,0.0,-4.089647866007467,6.505831169422805,533.125,1.8918894988489463,0.0,0.0,0.0,0.0,0.1506902737695967,0.2959236205363411,0.0648280104577843,5.635472370766489,0.0205977341467165,1.2036326314262529,0.0327566824902999,0.0370426249294832,0.8209584700013667,241717000.0,258457000.0,239184000.0,311632000.0,56454500.0,30804000.0,50608500.0,37.55574921822935,44.463191079455896,86.59174499387005,2.3964373464373465,2.0241462165675346,1.039360045306527,0.0361346715597034,0.0270047492141588,2008-04-24,0.25,bmo,84051724.0,2025-03-05,2008-03-31,0.1599999999999999,4.10625,14785383.0625
2007-12-31,DECK,USD,910521,2008-02-29,2008-02-29 16:42:56,2008,Q3,194243000.0,100593000.0,93650000.0,0.4821280561,0,0.0,0.0,36693000.0,0.0,36693000.0,137286000.0,0.0,0.0,670000.0,57627000.0,0.2966747836,56957000.0,0.2932254959,1763000.0,58720000.0,0.302301756,23331000.0,35389000.0,0.1821893196,0.15,0.15,232272000,236214000,https://www.sec.gov/Archives/edgar/data/910521/000104746908002087/0001047469-08-002087-index.htm,https://www.sec.gov/Archives/edgar/data/910521/000104746908002087/a2183018z10-k.htm,0.836273851346697,0.1523601639457188,0.4080087139216091,0.39659537094441,0.7236860232830474,1.2857253564786113,1.05267531170352,1.2857253564786113,0.0,1999861920.0,1945336920.0,14.127708610020065,10.295670474611695,21.10249047684369,21.70978440695629,6.6966090048821645,6.6966090048821645,10.014965378417754,33.75738664167837,20.527144108305457,21.117880544518982,0.017695721712627,0.0460621801329163,0.0,0.0,-0.9461710656463116,4.223982407485223,0.0,2.6779225182966457,0.0,0.0,0.0,0.0,0.1462873481212435,0.0279732824024733,0.0136478534619008,3.956716417910448,0.0,2.099428454913528,0.1149434641834327,0.1120256029578887,0.7609300733622649,230173000.0,244507000.0,230173000.0,294883000.0,73281500.0,33683500.0,69913000.0,33.45711299763698,32.40672810235305,46.323700456294176,2.690010940464485,2.777201071201789,1.9428499690976515,0.118501329368667,0.0114133429771991,2008-02-28,0.8,bmo,172622222.0,2025-03-05,2007-12-31,0.1249999999999999,6.4384375,11892816.71875
2007-09-30,DECK,USD,910521,2007-11-09,2007-11-09 16:21:33,2008,Q2,129381000.0,70666000.0,58715000.0,0.4538147023,0,0.0,0.0,28055000.0,0.0,28055000.0,98721000.0,0.0,0.0,1035000.0,30660000.0,0.2369745171,30660000.0,0.2369745171,644000.0,31304000.0,0.2419520641,11974000.0,19330000.0,0.1494036992,0.083335,0.0816683,233514000,236106000,https://www.sec.gov/Archives/edgar/data/910521/000110465907081791/0001104659-07-081791-index.htm,https://www.sec.gov/Archives/edgar/data/910521/000110465907081791/a07-28855_110q.htm,0.5540609984840309,0.0827787627294295,-0.1195945425113697,-0.1267418655840763,0.3199508380653836,1.109008453454611,0.877048057075807,1.109008453454611,0.0,1468803060.0,1429495060.0,18.99641826176927,11.3525406357966,-52.59437318723816,-49.62843154480336,5.671733141804617,5.671733141804617,11.048724774116756,46.62410502283105,-51.186846421026246,-48.30027909176915,0.0131603756326596,-0.0201497401564509,0.0,0.0,-1.282061317677756,4.89415153212257,0.0,-1.4447490946714951,0.0,0.0,0.0,0.0,0.1753143559950156,-0.0597629534142586,0.0128998848362588,1.61256038647343,0.0,1.4372031247365986,0.073106566909318,0.0758637200302984,0.533190729463758,194692000.0,204803000.0,194692000.0,257569000.0,52277500.0,27469500.0,77153000.0,51.72212303197533,39.66744969292163,112.140208869895,1.7400677838448504,2.2688627753162525,0.8025667234525837,0.0746421386343539,0.0071473230727065,2007-10-25,0.41,bmo,108273469.0,2025-03-05,2007-09-30,0.1951219512195122,7.245,9514196.65625
2007-06-30,DECK,USD,910521,2007-10-11,2007-10-11 06:10:18,2008,Q1,52730000.0,31041000.0,21689000.0,0.4113218282,0,0.0,0.0,18825000.0,0.0,18825000.0,49866000.0,0.0,0.0,910000.0,2864000.0,0.054314432,2864000.0,0.054314432,1252000.0,4116000.0,0.0780580315,1849000.0,2267000.0,0.0429926038,0.0100002,0.009450189,230166000,234324000,https://www.sec.gov/Archives/edgar/data/910521/000110465907074345/0001104659-07-074345-index.htm,https://www.sec.gov/Archives/edgar/data/910521/000110465907074345/a07-26269_210q.htm,0.2290955223621212,0.0098494130323331,-0.075940842696141,-0.0781349113248698,0.4198752204930354,1.0002302685887576,0.7645568850308039,1.0002302685887576,0.0,1291231260.0,1260646260.0,142.39427216585796,24.48760212402807,-73.8732913782253,-71.79889123665481,5.608708490611114,5.608708490611114,23.90757178076996,440.16978351955305,-72.12347731563591,-70.09821285587189,0.0017556885975638,-0.0139277916800124,0.0,0.0,-10.679120111731844,5.871140507477538,0.0,-7.710189677988531,0.0,0.0,0.0,0.0,0.2051681619438098,-0.0288918130327821,0.0095770908401289,0.554945054945055,0.0,0.4708108149377786,0.0068518524873879,0.0107878407187452,0.5137628928686252,166442000.0,175975000.0,166442000.0,228820000.0,33300500.0,19536000.0,50206500.0,51.54731651811113,68.9852131052479,192.1020585677008,1.7459686765338895,1.304627411423528,0.4685009659502536,0.0098471455440254,0.0021940686287288,2007-07-26,0.03762,bmo,48940027.0,2025-03-05,2007-06-30,0.8607123870281767,6.554918032786886,15414806.852459015
2007-03-31,DECK,USD,910521,2007-05-10,2007-05-10 17:11:55,2007,Q4,72575000.0,39158000.0,33417000.0,0.4604478126,0,0.0,0.0,18345000.0,0.0,18345000.0,57503000.0,0.0,0.0,901000.0,15973000.0,0.2200895625,15072000.0,0.2076748192,827000.0,15899000.0,0.2190699277,6448000.0,9451000.0,0.1302239063,0.0416675,0.0400008,226710000,232776000,https://www.sec.gov/Archives/edgar/data/910521/000110465907038396/0001104659-07-038396-index.htm,https://www.sec.gov/Archives/edgar/data/910521/000110465907038396/a07-13411_110q.htm,0.3201226236160734,0.0416876185435137,0.0515680825724493,0.0446870451237263,0.4831591019363945,0.9936394512813728,0.7540293767368004,0.9936394512813728,0.0,895504500.0,870201500.0,23.68808856205693,12.339021701687908,76.5977675134719,88.39250814332247,3.975284993873964,3.975284993873964,11.99037547364795,54.47952795342139,74.43345308356855,85.89492646333038,0.0105538274793705,0.0113131759806902,0.0,0.0,-1.5841106867839478,7.245093864911941,0.0,1.2370119564067297,0.0,0.0,0.0,0.0,0.2163335364372389,0.1334359763920964,0.0214950051670685,1.7314095449500555,0.0,0.9654042698958264,0.039772174481705,0.0480280108343793,0.5649530236866481,161342000.0,170946000.0,161342000.0,223888000.0,42985500.0,18166000.0,33266000.0,45.13951085084396,35.11696205117728,78.50579702742735,1.993818681318681,2.5628640617841483,1.146412155634277,0.0419544720066764,0.006881037448723,2007-04-26,0.17,bmo,49368000.0,2025-03-05,2007-03-31,0.4705882352941175,7.4996875,8550733.640625
2006-12-31,DECK,USD,910521,2007-03-16,2007-03-16 16:38:38,2007,Q3,124376000.0,64091000.0,60285000.0,0.4846996205,0,0.0,0.0,23305000.0,0.0,38605000.0,102696000.0,0.0,0.0,818000.0,22498000.0,0.1808869878,21680000.0,0.1743101563,444000.0,22124000.0,0.1778799768,9581000.0,12543000.0,0.1008474304,0.0556,0.0542,225450000,231417000,https://www.sec.gov/Archives/edgar/data/910521/000095012407001573/0000950124-07-001573-index.htm,https://www.sec.gov/Archives/edgar/data/910521/000095012407001573/v28346e10vk.htm,0.5516788644932358,0.0556353958749168,0.2441029053005101,0.2342825460190729,0.4386427145708583,0.9332889776003548,0.6919982257706808,0.9332889776003548,0.0,750748500.0,716493500.0,14.96349557522124,6.036120312600501,13.64178765467992,14.213606846021316,3.5680267097571408,3.5680267097571408,5.760705441564289,31.846986398791003,13.01934293969073,13.56507128116776,0.0167073260885636,0.0703551189246465,0.0,0.0,-1.5225797848697662,4.737330333897834,0.0,4.387546838874273,0.0,0.0,0.0,0.0,0.2176195029063138,0.0402304072102193,0.0178008619026178,2.706601466992665,0.0,1.08087362305964,0.0584158464420151,0.0641342918792886,0.4998658239077401,147860000.0,156011000.0,147860000.0,210029000.0,49754000.0,15678500.0,41952500.0,35.870183958319934,29.56374529965205,45.46270147134543,2.50904762865385,3.044269225288557,1.979644787644788,0.0596121857326172,0.0098203592814371,2007-02-27,0.44,bmo,89731147.0,2025-03-05,2006-12-31,0.3863636363636363,5.544126984126984,9674625.746031746
2006-09-30,DECK,USD,910521,2006-11-08,2006-11-08 16:53:44,2007,Q2,82322000.0,45266000.0,37056000.0,0.4501348364,0,0.0,0.0,19865000.0,0.0,19865000.0,65131000.0,0.0,0.0,781000.0,17972000.0,0.2183134521,17191000.0,0.2088263162,525000.0,17716000.0,0.2152037123,7336000.0,10380000.0,0.126090231,0.0466676,0.0450009,225558000,230958000,https://www.sec.gov/Archives/edgar/data/910521/000095012406006606/0000950124-06-006606-index.htm,https://www.sec.gov/Archives/edgar/data/910521/000095012406006606/v24867e10vq.htm,0.3649704288919036,0.0460192057031894,-0.0814602009239308,-0.0892098706319439,0.2006180228588655,0.8871908777343299,0.5778380726908379,0.8871908777343299,0.0,593217540.0,576076540.0,14.287513005780346,7.206063263769102,-32.28570480026124,-29.481042639896632,2.9644128067641784,2.9644128067641784,6.997844318651151,32.05411417760961,-31.35281049308806,-28.629188947420733,0.0174977968453191,-0.0339201029018798,0.0,0.0,-0.9537614066325396,5.897137201157301,0.0,-1.7701348747591523,0.0,0.0,0.0,0.0,0.3024341403791641,-0.095134429084576,0.0212336920871698,2.238156209987196,0.0,0.9584497580781736,0.0492658190439952,0.0644956847540403,0.3452050027044042,128638000.0,130336000.0,124301000.0,204398000.0,37277000.0,12511000.0,48388000.0,54.59451908359856,20.486899659788804,102.45438077143992,1.648517131585798,4.393051242236025,0.8784397438385406,0.0518706930584219,0.007749669708013,2006-10-26,0.18,bmo,52907142.0,2025-03-05,2006-09-30,0.5555555555555558,4.588571428571428,6823383.650793651
2006-06-30,DECK,USD,910521,2006-08-09,2006-08-09 15:39:01,2007,Q1,41721000.0,22775000.0,18946000.0,0.4541118382,0,0.0,0.0,15033000.0,0.0,15033000.0,37808000.0,0.0,0.0,756000.0,4669000.0,0.1119100693,3913000.0,0.0937896982,612000.0,4525000.0,0.10845857,1995000.0,2530000.0,0.0606409242,0.011116889,0.011116889,225180000,230508000,https://www.sec.gov/Archives/edgar/data/910521/000095012406004371/0000950124-06-004371-index.htm,https://www.sec.gov/Archives/edgar/data/910521/000095012406004371/v22861e10vq.htm,0.1852784439115374,0.0112354560795807,0.0012390087929656,-0.0044630961897148,0.2883604227728928,0.8372812860822453,0.5270672351008082,0.8372812860822453,0.0,481885200.0,472386200.0,47.61711462450594,11.550183360897387,1727.1870967741938,-479.4877611940299,2.5558913540434607,2.5558913540434607,11.322504254452197,101.17502677232812,1693.1405017921147,-470.0360199004976,0.0052502131212994,-0.0020855589671564,0.0,0.0,-2.034482758620689,5.762498486865997,0.0,0.1187739463601532,0.0,0.0,0.0,0.0,0.3209332028540055,4.602150537634409,0.0307758682677788,1.6984126984126984,0.0,0.4600682939637543,0.0113431479005948,0.0171171475931125,0.3414990230038192,118029000.0,118685000.0,113692000.0,192822000.0,26405000.0,11820000.0,38263500.0,53.10347307111526,58.16114160263447,178.798682766191,1.6948044034610228,1.547424921864384,0.5033594129867833,0.0134189743236147,0.0057021049826805,2006-07-27,0.01762,bmo,11914285.0,2025-03-05,2006-06-30,2.972758229284904,3.566229508196721,5858712.868852459
2006-03-31,DECK,USD,910521,2006-05-10,2006-05-10 15:21:55,2006,Q4,56004000.0,31304000.0,24700000.0,0.4410399257,0,0.0,0.0,15786000.0,0.0,15786000.0,47090000.0,0.0,0.0,727000.0,8914000.0,0.1591672023,8914000.0,0.1591672023,580000.0,9494000.0,0.1695236055,3845000.0,5649000.0,0.1008677952,0.0250005,0.0250005,224424000,229734000,https://www.sec.gov/Archives/edgar/data/910521/000095012906005270/0000950129-06-005270-index.htm,https://www.sec.gov/Archives/edgar/data/910521/000095012906005270/v20386e10vq.htm,0.2495455031547428,0.025171104694685,0.0515096424624817,0.0501862545895269,0.2911453320500481,0.8220288382704167,0.5104222364809468,0.8220288382704167,0.0,504954000.0,494402000.0,22.34705257567711,9.01639168630812,43.681141868512114,44.83299298588298,2.7371302504837844,2.7371302504837844,8.827976573101921,55.46354049809289,42.76833910034602,43.89612003906597,0.0111871576420822,0.0223050020397897,0.0,0.0,-1.1837558896118463,7.353959709195848,0.0,2.0463798902460613,0.0,0.0,0.0,0.0,0.338098714459072,0.0256920415224913,0.0053031926290979,0.4085281980742778,0.0,0.6823165789268845,0.0280896924246102,0.0412615863323277,0.3554399262111004,114492000.0,114551000.0,110155000.0,188768000.0,33938000.0,11714000.0,32327500.0,45.30694236125992,25.651035011500127,89.93387426526961,1.9864505373674315,3.508630351939027,1.000735270611553,0.0306207075990741,0.0013233878729547,2006-04-27,0.08,bmo,38984034.0,2025-03-05,2006-03-31,0.8749999999999999,2.989523809523809,5834484.53968254
2005-12-31,DECK,USD,910521,2006-03-09,2006-03-09 16:52:37,2006,Q3,90963000.0,54047000.0,36916000.0,0.4058353396,0,0.0,0.0,17742000.0,0.0,17742000.0,71789000.0,0.0,0.0,705000.0,19879000.0,0.2185394061,19174000.0,0.2107890021,76000.0,19250000.0,0.2116245067,7174000.0,12076000.0,0.1327572749,0.0541,0.0524,223353000,230661000,https://www.sec.gov/Archives/edgar/data/910521/000095012906002462/0000950129-06-002462-index.htm,https://www.sec.gov/Archives/edgar/data/910521/000095012906002462/v18036e10vk.htm,0.4072611516299311,0.0540668806776716,0.2118037366858739,0.2095427417585615,0.2384073641276365,0.7949523847899961,0.4815068523816559,0.7949523847899961,0.0,341730090.0,290981090.0,7.074571257038754,3.7568032056990206,7.223668590272051,7.301612965257895,1.9246435752302105,1.9246435752302105,3.198895045238174,14.637612052920169,6.150909801932061,6.217278962437502,0.0353378305082821,0.1369560403650729,0.0,0.0,-2.552895014839781,5.042416694969622,0.0,3.917439549519708,0.0,0.0,0.0,0.0,0.3359502089821537,0.0106749529667913,0.0055517078372525,0.7163120567375887,0.0,0.9833938193773658,0.0661289299401585,0.0872656848434045,0.3083112830362699,107120000.0,107546000.0,102783000.0,181840000.0,41902000.0,15024000.0,50071000.0,39.26288710794499,24.155642311321625,55.574962532610506,2.292241010004284,3.725837584447815,1.6194342901659975,0.0680127284503393,0.0022609949273123,2006-02-28,0.22,bmo,64580645.0,2025-03-05,2005-12-31,0.409090909090909,2.3304761904761904,4935051.206349206
2005-09-30,DECK,USD,910521,2005-11-08,2005-11-08 07:08:43,2006,Q2,69193000.0,40123000.0,29070000.0,0.4201292038,0,0.0,0.0,15052000.0,0.0,15052000.0,55175000.0,0.0,0.0,658000.0,14018000.0,0.2025927478,14018000.0,0.2025927478,-167000.0,13851000.0,0.2001792089,5701000.0,8150000.0,0.1177864813,0.0366674,0.0350007,222444000,231408000,https://www.sec.gov/Archives/edgar/data/910521/000095012905010673/0000950129-05-010673-index.htm,https://www.sec.gov/Archives/edgar/data/910521/000095012905010673/v14025e10vq.htm,0.311058064052076,0.0366384348420276,-0.0180449910988833,-0.0236508964053874,0.0857788926651202,0.7299814784844725,0.4149044253834673,0.7299814784844725,0.0593407779036521,298074960.0,292193960.0,9.143403680981596,4.307877386440825,-74.25883408071749,-56.65747196350504,1.835663012686292,1.835663012686292,4.222883239634067,20.844197460408047,-72.7937120079721,-55.53962364569473,0.0273421155537519,-0.0176499226905876,0.081290799359527,0.0629293617913891,-0.4195320302468255,4.267198783732421,0.0,-0.4925153374233129,0.0,0.0,0.0,0.0,0.33413107423281,-0.3106626806178376,0.018022054254043,1.8951367781155013,0.0,0.7757390178372866,0.0462899294745038,0.0583509937568016,0.1716240941540342,103152000.0,92293000.0,87345000.0,178116000.0,35183000.0,14468500.0,66720000.0,57.38860867428786,34.862298432320614,149.76746504498666,1.5682554792502437,2.5815853815467764,0.6009315839923317,0.050190910210617,0.0056059053065041,2005-10-27,0.2,bmo,65904761.0,2025-03-05,2005-09-30,0.0499999999999999,2.158412698412698,6062587.984126984
2005-06-30,DECK,USD,910521,2005-08-09,2005-08-09 15:16:02,2006,Q1,40341000.0,24372000.0,15969000.0,0.3958503755,0,0.0,0.0,11292000.0,0.0,11292000.0,35664000.0,0.0,0.0,562000.0,4677000.0,0.1159366401,4677000.0,0.1159366401,-2000.0,4675000.0,0.1158870628,1943000.0,2732000.0,0.0677226643,0.012216911,0.0116669,222318000,231948000,https://www.sec.gov/Archives/edgar/data/910521/000095012905007997/0000950129-05-007997-index.htm,https://www.sec.gov/Archives/edgar/data/910521/000095012905007997/v11393e10vq.htm,0.1814562923380023,0.0122887035687618,-0.0257558992074415,-0.029840138900134,0.0499374769474356,0.6931737421171476,0.3775717665686089,0.6931737421171476,0.0,304575660.0,293473660.0,27.87112554904832,7.550027515430951,-53.19169752008383,-45.911314440759725,1.976416469290419,1.976416469290419,7.2748236285664705,62.74827025871285,-51.25282221446036,-44.23781429002111,0.0089698566195342,-0.0217811232847693,0.0,0.0,-2.373743852897156,4.038104089219331,0.0,-2.095900439238653,0.0,0.0,0.0,0.0,0.382131886804784,-0.1585749214111072,0.0225081182915644,1.6156583629893235,0.0,0.4377895034909558,0.0174407114327778,0.0240815175234468,0.1556992686152268,81725000.0,83941000.0,79118000.0,156100000.0,32725500.0,13532000.0,56059000.0,58.55209340373317,49.46454948301329,246.2038404726736,1.5370927795770624,1.819484882418813,0.3655507559395248,0.017728172350021,0.0040842396926924,2005-07-21,0.05,bmo,28785714.0,2025-03-05,2005-06-30,0.4000000000000001,1.8801612903225808,6306981.548387097
2005-03-31,DECK,USD,910521,2005-05-10,2005-05-10 16:17:50,2005,Q4,64263000.0,34696000.0,29567000.0,0.4600936775,0,0.0,0.0,15168000.0,0.0,15168000.0,49864000.0,0.0,0.0,572000.0,14399000.0,0.2240636136,14399000.0,0.2240636136,68000.0,14467000.0,0.2251217652,5580000.0,8887000.0,0.1382910851,0.0400008,0.0383341,221130000,232596000,https://www.sec.gov/Archives/edgar/data/910521/000095012905005044/0000950129-05-005044-index.htm,https://www.sec.gov/Archives/edgar/data/910521/000095012905005044/v08971e10vq.htm,0.2906118572785239,0.0401890290779179,-0.0359969248858137,-0.042527020304798,0.079744946411613,0.683783294894406,0.3661330439108217,0.683783294894406,0.0,440048700.0,422414700.0,12.379000225047823,6.847621492927501,-55.2825,-46.793779242875374,2.910278760622995,2.910278760622995,6.573217870314178,29.33639141607056,-53.06717336683417,-44.91861973628243,0.0201954919989537,-0.02137036196221,0.0,0.0,-1.2246683797485935,3.87157826039665,0.0,-0.8956903341960166,0.0,0.0,0.0,0.0,0.3872365526784385,-0.1814070351758794,0.0224701616793489,2.5244755244755246,0.0,0.7863289395881862,0.057506748284253,0.0799542964075896,0.1789603400714511,79201000.0,80963000.0,76594000.0,153230000.0,39716000.0,15096500.0,37853000.0,54.907800756267214,35.456824994235646,117.88505879640304,1.639111360506045,2.5382983393079237,0.7634555296395722,0.0587745114248867,0.0065300954189843,2005-04-21,0.23,bmo,64300000.0,2025-03-05,2005-03-31,0.0,1.2757311111111111,11072868.111111112
2004-12-31,DECK,USD,910521,2005-03-16,2005-03-16 15:11:48,2005,Q3,74172000.0,45286000.0,28886000.0,0.3894461522,0,0.0,0.0,14684000.0,0.0,14684000.0,59970000.0,0.0,0.0,453000.0,14655000.0,0.1975812975,14202000.0,0.1914738715,22000.0,14224000.0,0.1917704794,4976000.0,9248000.0,0.1246831689,0.0454,0.0413,203904000,224010000,https://www.sec.gov/Archives/edgar/data/910521/000095012905002490/0000950129-05-002490-index.htm,https://www.sec.gov/Archives/edgar/data/910521/000095012905002490/v06639e10vk.htm,0.3637594161958569,0.0453546767106089,0.0404307909604519,0.0392194365976145,0.1267949623352165,0.6914822661644695,0.3466189971751412,0.6914822661644695,0.0,532189440.0,521810440.0,14.386608996539792,7.1750719948228445,64.55475982532751,66.5486357384019,3.774500269511192,3.774500269511192,7.035140484279782,35.606307744797,63.29578360019408,65.2507740402651,0.0173772707703482,0.0150266040603887,0.0,0.0,-0.7082224496758786,3.237691001697793,0.0,0.8914359861591695,0.0,0.0,0.0,0.0,0.4022365862029516,0.0299611838913148,0.0033300976109583,0.5452538631346578,0.0,0.8400261777127525,0.0643001628654276,0.0884967607965474,0.1830738975204017,69854000.0,70677000.0,67247000.0,143011000.0,37437500.0,13973000.0,28645000.0,48.81006309658631,32.839288080201385,60.13779092876386,1.8438820663252624,2.7406197046719925,1.4965631196298743,0.0655905132060484,0.0012113543628374,2005-02-24,0.17,bmo,52558333.0,2025-03-05,2004-12-31,0.4117647058823528,1.40609375,7454819.578125
2004-09-30,DECK,USD,910521,2004-11-10,2004-11-10 16:16:50,2005,Q2,55797000.0,33562000.0,22235000.0,0.3984981271,0,0.0,0.0,12877000.0,0.0,12877000.0,46439000.0,0.0,0.0,457000.0,9358000.0,0.1677151101,9358000.0,0.1677151101,23000.0,9381000.0,0.1681273187,3559000.0,5822000.0,0.1043425274,0.0283339,0.0250005,209718000,229464000,https://www.sec.gov/Archives/edgar/data/910521/000095012904008847/0000950129-04-008847-index.htm,https://www.sec.gov/Archives/edgar/data/910521/000095012904008847/v03123e10vq.htm,0.266057276914714,0.0277610887000638,-0.0409979114811318,-0.0422615130794686,0.075043630017452,0.5878608417017137,0.2522577937992923,0.5878608417017137,0.0,396367020.0,380629020.0,17.020225867399517,7.103733534060971,-46.09990928122819,-44.72154123885817,3.215046599342985,3.215046599342985,6.821675358890263,40.67418465484078,-44.26948360083741,-42.94584452217082,0.0146884067196105,-0.0223605889309357,0.0,0.0,-1.6817696088907883,2.619010593838079,0.0,-1.4768120920645826,0.0,0.0,0.0,0.0,0.4548991726990692,-0.0308211211909746,0.0047493592845493,0.5798687089715536,0.0,0.6059639278207479,0.0468920884338925,0.0690317531836183,0.1135083779170123,49974000.0,52903000.0,49406000.0,123328000.0,27138000.0,9479000.0,23313000.0,55.88848862842089,30.62928311781181,72.48376139681783,1.6103495050362204,2.9383645596217827,1.241657417684055,0.0472239120736504,0.0012636015983368,2004-10-21,0.12,bmo,44640000.0,2025-03-05,2004-09-30,0.25,1.44609375,14251774.84375
2004-06-30,DECK,USD,910521,2004-08-06,2004-08-05 21:10:05,2005,Q1,40546000.0,21640000.0,18906000.0,0.4662852069,0,0.0,0.0,9632000.0,0.0,9632000.0,31272000.0,0.0,0.0,444000.0,9274000.0,0.2287278646,9274000.0,0.2287278646,-1172000.0,8102000.0,0.1998224239,3015000.0,5087000.0,0.1254624377,0.0266672,0.0233338,192834000,214560000,https://www.sec.gov/Archives/edgar/data/910521/000095012904005619/0000950129-04-005619-index.htm,https://www.sec.gov/Archives/edgar/data/910521/000095012904005619/v00950e10vq.htm,0.2102637501685387,0.0263802026613564,0.0282056068950496,0.0257630915709885,0.1265025877179335,0.6077507078627213,0.2424313139798998,0.6077507078627213,0.0,316247760.0,291853760.0,15.541957931983488,7.799727716667489,58.14446773303916,63.65695652173913,2.6984748496096245,2.6984748496096245,7.198090070537168,31.47010567177054,53.65945210516639,58.74673107890499,0.0160854894276563,0.015709202177432,0.0,0.0,-2.63036445978003,2.876396288021997,0.0,1.0691959897778651,0.0,0.0,0.0,0.0,0.4994788675472741,0.0865968008825151,0.011616435653332,1.0608108108108107,0.0,0.6006106924810208,0.0494456089233761,0.0720609692179111,0.129999118412728,43675000.0,46749000.0,43107000.0,117242000.0,21979000.0,11033000.0,18626500.0,43.56607310215558,31.34195933456562,81.49907578558226,2.065827686350436,2.871549893842888,1.104307001428863,0.0434062886641921,0.0024425153240611,2004-07-22,0.12,bmo,34714285.0,2025-03-05,2004-06-30,0.1666666666666668,2.2040983606557374,9677399.475409836
2004-03-31,DECK,USD,910521,2004-05-12,2004-05-11 20:52:40,2004,Q4,44272000.0,23866000.0,20406000.0,0.4609233827,0,0.0,0.0,10778000.0,0.0,10778000.0,34644000.0,0.0,0.0,433000.0,9628000.0,0.2174737983,9628000.0,0.2174737983,-1112000.0,8516000.0,0.1923563426,3134000.0,5382000.0,0.1215666787,0.0300006,0.0266672,175446000,198918000,https://www.sec.gov/Archives/edgar/data/910521/000095014804000924/0000950148-04-000924-index.htm,https://www.sec.gov/Archives/edgar/data/910521/000095014804000924/v98955e10vq.htm,0.2523397512624967,0.0306761054683492,0.0417849366756722,0.0391744468383434,0.0618309907321911,0.4344926644095619,0.0326083239287302,0.4344926644095619,0.1558941212680825,252642240.0,269145240.0,11.735518394648828,5.706591976870256,34.46217978447688,36.758655608904405,3.3142101534828807,3.3142101534828807,6.079355800505963,27.95442874948068,36.71330514254536,39.15979048450458,0.0213028510196869,0.0272044769710718,0.3587957497048406,0.209393661001378,1.7140631491483174,1.8004046502665554,0.0,1.3621330360460795,0.0,0.0,0.0,0.0,0.5398024804777216,0.0624744236802619,0.0103451391398626,1.0577367205542725,0.0,0.5476241530188979,0.0584236946614328,0.089534361431352,-0.0938479646158932,24923000.0,5721000.0,1671000.0,98488000.0,21538000.0,12875000.0,17830500.0,49.4621882905674,54.793429984077775,66.58551914857958,1.819571739755867,1.6425326909841709,1.3516452398482188,0.0706021251475796,0.0026104898373288,2004-04-15,0.15,bmo,41531250.0,2025-03-05,2004-03-31,0.0666666666666667,2.260625,6862904.796875
2003-12-31,DECK,USD,910521,2004-03-26,2004-03-26 17:26:10,2004,Q3,35717000.0,21946000.0,13771000.0,0.3855586975,0,0.0,0.0,8880000.0,0.0,8880000.0,30826000.0,0.0,0.0,2280000.0,7171000.0,0.2007727413,4891000.0,0.1369375927,-1157000.0,3734000.0,0.1045440547,1270000.0,2464000.0,0.068986757,0.0141,0.0119,174213000,206379000,https://www.sec.gov/Archives/edgar/data/910521/000095014804000712/0000950148-04-000712-index.htm,https://www.sec.gov/Archives/edgar/data/910521/000095014804000712/v97221e10vk.htm,0.2050191432327094,0.014143605815869,0.0488884296809078,0.0373967499555142,0.0382405446206655,0.4048147956811489,-0.0002755247886208,0.4048147956811489,0.1738504015199784,198602820.0,222227820.0,20.15044845779221,5.560456365316235,23.318400845368085,30.48393246354566,2.8161026033690657,2.8161026033690657,6.221906095136768,30.989795007669777,26.092264882000705,34.11017958557175,0.0124066717683062,0.032804166627644,0.4294566388747093,0.2502520119643713,3.2945195928043507,1.972865736592858,0.0,-1.681872037914692,0.0,0.0,0.0,0.0,0.5831143721183878,0.2350592931783491,0.0560517400677548,0.8780701754385964,0.0,0.3589215376893387,0.0318358206692854,0.04883656399889,-0.1192749679989438,22803000.0,-48000.0,-4260000.0,96344000.0,18379500.0,8519000.0,20218000.0,47.233810230422485,46.01294085482548,73.83395607399981,1.90541477727394,1.9559714795008911,1.2189513441457454,0.0349384606658726,0.0114916797253936,2004-02-26,0.02684,bmo,17850000.0,2025-03-05,2003-12-31,1.2354694485842026,1.66890625,7067449.125
2003-09-30,DECK,USD,910521,2003-11-14,2003-11-14 16:11:17,2004,Q2,24894000.0,15392000.0,9502000.0,0.3816984012,0,0.0,0.0,7720000.0,0.0,7720000.0,23112000.0,0.0,0.0,444000.0,1782000.0,0.0715835141,1782000.0,0.0715835141,-980000.0,802000.0,0.0322165984,321000.0,481000.0,0.019321925,0.002783389,0.002216711,173826000,216666000,https://www.sec.gov/Archives/edgar/data/910521/000095014803002739/0000950148-03-002739-index.htm,https://www.sec.gov/Archives/edgar/data/910521/000095014803002739/v94562e10vq.htm,0.1432121776949363,0.0027671349510429,-0.012777144961053,-0.0139277208242725,0.0111663387525456,0.4212258235246741,0.0148366757562159,0.4212258235246741,0.1987964976470723,96569034.3,129184034.3,50.19180576923077,3.879209219088937,-43.47997942368303,-39.88807695167286,1.3188887503414368,1.3188887503414368,5.189364276532498,72.49384640852973,-58.16480607834309,-53.35978285832301,0.0049808927208046,-0.0250701481851724,0.471947555312756,0.2842477584930493,18.30246913580247,2.588520334583213,0.0,-4.617463617463618,0.0,0.0,0.0,0.0,0.5810726330509172,-0.090049527239982,0.0080340644331967,0.4504504504504504,0.0,0.1619436498215734,0.0099164527443268,0.0094445208034714,-0.1247368057712885,27537000.0,2579000.0,-3478000.0,101400000.0,16918000.0,7084500.0,22694500.0,65.12653651482285,34.018970893970895,131.16424116424116,1.3819251693127568,2.6455826744585766,0.6861626248216833,0.0065692433761267,0.0011505758632195,2003-10-22,,bmo,,2025-03-05,2003-09-30,,1.4562903225806452,6141201.0
2003-06-30,DECK,USD,910521,2003-08-08,2003-08-08 15:23:05,2004,Q1,24342000.0,12510000.0,11832000.0,0.4860734533,0,0.0,0.0,7154000.0,0.0,7154000.0,19664000.0,0.0,0.0,436000.0,4678000.0,0.1921781283,4678000.0,0.1921781283,-1335000.0,3343000.0,0.1373346479,1337000.0,2006000.0,0.082409005,0.0116669,0.009450189,171648000,208998000,https://www.sec.gov/Archives/edgar/data/910521/000095014803001948/0000950148-03-001948-index.htm,https://www.sec.gov/Archives/edgar/data/910521/000095014803001948/v92089e10vq.htm,0.1418134787472035,0.0116867076808351,0.0057384880686055,0.0048005219985085,0.0128868381804623,0.4232790361670395,0.0113313292319164,0.4232790361670395,0.1887234340044742,61887686.4,92069686.4,7.712822333000996,2.542424057185112,62.83013847715736,75.10641553398058,0.8518021664028628,0.8518021664028628,3.7823386081669534,19.681420778110304,93.4717628426396,111.73505631067962,0.0324135561803777,0.013314441820853,0.4458605739453582,0.2685735605024251,6.451902522445489,2.272229750860002,0.0,0.4910269192422732,0.0,0.0,0.0,0.0,0.586245491854247,0.1634517766497462,0.0066140826554925,0.3692660550458715,0.0,0.3336189640442699,0.0267216238934372,0.0401963731089069,-0.1305171047725578,24409000.0,1945000.0,-4365000.0,98516000.0,20588000.0,10532500.0,19835000.0,58.498890806014295,60.07913669064748,165.15827338129498,1.5384907091391733,1.4980241887199135,0.5449318290717429,0.0276099373752666,0.0009379660700969,2003-07-24,0.03646,bmo,12150000.0,2025-03-05,2003-06-30,0.6456390565002742,1.2950353225806452,4875612.870967742
2003-03-31,DECK,USD,910521,2003-05-01,2003-05-01 14:41:23,2003,Q4,36102000.0,19862000.0,16240000.0,0.4498365742,0,0.0,0.0,8153000.0,0.0,8153000.0,28015000.0,0.0,0.0,417000.0,8087000.0,0.2240042103,8087000.0,0.2240042103,-1082000.0,7005000.0,0.1940335715,2802000.0,4203000.0,0.1164201429,0.0250005,0.0200004,170532000,202788000,https://www.sec.gov/Archives/edgar/data/910521/000095014803001117/0000950148-03-001117-index.htm,https://www.sec.gov/Archives/edgar/data/910521/000095014803001117/v89741e10vq.htm,0.2117022025191753,0.024646400675533,0.0224825839138695,0.0219430957239696,0.0279654258438298,0.4118757769802735,-0.0030786010836675,0.4118757769802735,0.2126169868411793,39790231.56,71279231.56,2.366775610278373,1.1021614193119496,10.378255492957749,10.633413030464991,0.5665057598450981,0.5665057598450981,1.974384564844053,8.814051138864846,18.591348868022955,19.048431737039017,0.1056289404514337,0.0940431822910457,0.5162162931746348,0.2855792632499232,3.893780140966984,1.959055991130118,0.0,0.91220556745182,0.0,0.0,0.0,0.0,0.5573513543315769,0.0239958268127282,0.002548335272284,0.2206235011990407,0.0,0.4779155230059512,0.045562274639423,0.0747864768683274,-0.1441606267445406,24220000.0,-525000.0,-7251000.0,98586000.0,23102500.0,12815000.0,16890000.0,63.20591656971913,57.610512536501865,75.73104420501461,1.423917330598722,1.562214881233286,1.188416202955783,0.0598394031720721,0.0005394881898998,2003-04-24,0.1,bmo,30083333.0,2025-03-05,2003-03-31,0.1999999999999999,0.89008,2653936.265625
2002-12-31,DECK,USD,910521,2003-03-31,2003-03-31 11:02:21,2003,Q3,25752000.0,16105000.0,9647000.0,0.3746116806,0,0.0,0.0,7098000.0,0.0,6808000.0,22913000.0,0.0,0.0,471000.0,3310000.0,0.1285337061,2839000.0,0.1102438646,-489000.0,2350000.0,0.0912550482,987000.0,1363000.0,0.0529279279,0.0081,0.0078,168003000,175239000,https://www.sec.gov/Archives/edgar/data/910521/000095014803000685/0000950148-03-000685-index.htm,https://www.sec.gov/Archives/edgar/data/910521/000095014803000685/v88494e10vk.htm,0.1532829770896948,0.0081129503639815,0.0164758962637571,0.013053338333244,0.023457914442004,0.3882490193627494,-0.033011315274132,0.3882490193627494,0.232305375499247,31172956.65,66259956.65,5.717710317314746,1.2105062383504193,11.261906304190752,14.214754514363884,0.4779149225014181,0.4779149225014181,2.573002355156881,20.018113791540785,23.93784561054913,30.21429851801185,0.0437237960872088,0.0703494386054651,0.5983411777331473,0.3188249518021109,10.600302114803624,2.015605210783427,0.0,2.0308143800440206,0.0,0.0,0.0,0.0,0.5781541025389668,0.2077312138728323,0.0223283628456042,1.2208067940552016,0.0,0.266217041183461,0.0157941585535465,0.0263947791397974,-0.1730460170354101,22453000.0,-5546000.0,-12624000.0,97090000.0,18317000.0,9906500.0,17562500.0,72.87162162162163,72.1788264514126,95.37597019559144,1.235048678720445,1.246903065964695,0.9436339134001288,0.0208962546184862,0.0034225579305131,2003-03-31,,amc,,2025-03-05,2002-12-31,,0.46987875,523858.0625
2002-09-30,DECK,USD,910521,2002-11-14,2002-11-13 17:58:02,2003,Q2,17727000.0,11029000.0,6698000.0,0.3778417104,0,0.0,0.0,7489000.0,0.0,11007000.0,22036000.0,0.0,0.0,670000.0,-3639000.0,-0.2052800812,-4309000.0,-0.2430755345,-14000.0,-4323000.0,-0.2438652902,-1776000.0,-2547000.0,-0.1436791335,-0.015150303,-0.014633626,168102000,173970000,https://www.sec.gov/Archives/edgar/data/910521/000095014802002686/0000950148-02-002686-index.htm,https://www.sec.gov/Archives/edgar/data/910521/000095014802002686/v85994e10vq.htm,0.1054538316022414,-0.0151515151515151,-0.0085840739550986,-0.0088636661074823,0.1218962296700812,0.3446478923510725,0.2901036275594579,0.3446478923510725,0.0011719075323315,41464039.32,21170039.32,-4.06989,2.3390330749703843,-28.73460798336798,-27.82821430872483,0.7156869531897265,0.7156869531897265,1.194225718959779,-5.817543094256664,-14.67085191961192,-14.208080080536911,-0.0614267216067264,-0.0359347527263535,0.0034003037834852,0.0027025543940516,5.576806815059082,4.001139639337668,0.0,0.5665488810365136,0.0,0.0,0.0,0.0,0.1257853870003018,-0.0325710325710325,0.0026513228408642,0.0701492537313432,0.0,,-0.0436714355257028,-0.0399686151431934,0.1570430452939286,44768000.0,48767000.0,44727000.0,57529000.0,16598500.0,7523500.0,17416500.0,80.13030969707226,56.28162118052408,147.3587813945054,1.123170499904961,1.599101058431202,0.6107542363495404,-0.0439623032311516,0.0002795921523836,2003-02-27,0.02182,bmo,12900000.0,2025-03-05,2002-09-30,0.8331805682859763,0.3196853968253968,433377.0476190476
2002-06-30,DECK,USD,910521,2002-08-09,2002-08-08 20:07:14,2003,Q1,22369000.0,12298000.0,10071000.0,0.4502212884,0,0.0,0.0,8967000.0,0.0,8967000.0,21265000.0,0.0,0.0,724000.0,1104000.0,0.0493540167,1104000.0,0.0493540167,-1000.0,1103000.0,0.049309312,461000.0,642000.0,0.0287004336,0.003883411,0.003883411,167526000,175176000,https://www.sec.gov/Archives/edgar/data/910521/000095014802001862/0000950148-02-001862-index.htm,https://www.sec.gov/Archives/edgar/data/910521/000095014802001862/v83518e10vq.htm,0.1335255423038812,0.0038322409655814,0.0539378962071559,0.0537110657450186,0.1312990222413237,0.360982772823323,0.3043467879612717,0.360982772823323,0.0013967981089502,41043870.0,19281870.0,15.982815420560748,1.834854933166436,4.542260956175299,4.561443654145366,0.6787027482885206,0.6787027482885206,0.8619907014171397,17.46546195652174,2.1338944223107568,2.142906201378084,0.0156417998595161,0.2192288397755864,0.0038694314912193,0.0031466838792964,-19.71195652173913,4.379679918893475,0.0,14.074766355140186,0.0,0.0,0.0,0.0,0.1275886181485665,0.0042054006197432,0.0016987795609995,0.0524861878453038,0.0,0.1764253151403202,0.0105848001739044,0.0098958012207904,0.1764144073158793,46670000.0,50986000.0,46589000.0,60054000.0,21027000.0,7494000.0,16065000.0,70.06392775716394,59.64384452756546,122.76386404293382,1.2845411737682324,1.508957055214724,0.7331147540983607,0.0106161325528326,0.0002268304621372,2002-08-08,,amc,,2025-03-05,2002-06-30,,0.2334770491803278,200299.9180327869
2002-03-31,DECK,USD,910521,2002-05-03,2002-05-03 12:13:31,2002,Q4,33259000.0,18145000.0,15114000.0,0.4544333865,0,0.0,0.0,11400000.0,0.0,11400000.0,29545000.0,0.0,0.0,719000.0,3714000.0,0.1116690219,3714000.0,0.1116690219,0.0,3714000.0,0.1116690219,1552000.0,-6811000.0,-0.2047866743,-0.0400008,-0.0383341,168192000,176256000,https://www.sec.gov/Archives/edgar/data/910521/000095014802001181/0000950148-02-001181-index.htm,https://www.sec.gov/Archives/edgar/data/910521/000095014802001181/v81246e10-q.htm,0.1977442446727549,-0.0404953862252663,-0.0173611111111111,-0.022218654870624,0.0770904680365296,0.3557660292998478,0.2974576674277017,0.3557660292998478,0.0020333904109589,46812879.36000001,34188879.36000001,-1.7182821670826605,1.4075251619110618,-16.031808,-12.52686094728392,0.7823400130354129,0.7823400130354129,1.0279587287651464,9.205406397415189,-11.708520328767126,-9.148750163232542,-0.1454941480446461,-0.079828458558632,0.0057155271821782,0.0047344158810581,-3.3990306946688205,4.680048859934853,0.0,0.428718249889884,0.0,0.0,0.0,0.0,0.1357614518875368,-0.2797945205479452,0.0245647794581917,1.1363004172461753,0.0,,0.0359261536416357,-0.1090981899727695,0.1588868673896499,45191000.0,50030000.0,45071000.0,59262000.0,22517500.0,10376500.0,16890000.0,66.67668901650681,33.91678148250207,76.16147699090658,1.3497970779220778,2.653553670663937,1.181699772061218,-0.1138258936778247,0.0048575437595129,2002-05-03,,amc,,2025-03-05,2002-03-31,,0.19612671875,148308.703125
2001-12-31,DECK,USD,910521,2002-03-29,2002-03-29 00:00:00,2002,Q3,20941000.0,12462000.0,8479000.0,0.4048994795,0,0.0,0.0,7974000.0,0.0,5794000.0,18256000.0,0.0,0.0,903000.0,3588000.0,0.1713385225,2685000.0,0.1282173726,-2137000.0,548000.0,0.0261687598,42000.0,506000.0,0.024163125,0.003,0.0029,167319000,175077000,https://www.sec.gov/Archives/edgar/data/910521/000095014802000814/0000950148-02-000814-index.htm,https://www.sec.gov/Archives/edgar/data/910521/000095014802000814/v79832e10-k.htm,0.1251561388724532,0.003024163424357,-0.0411848026823014,-0.0442508023595646,0.099743603535761,0.3976356540500481,0.2784561227356128,0.3976356540500481,0.00268349679355,39505689.09,23265689.09,19.51862109189723,1.886523522754405,-5.732939934697432,-5.335722459481361,0.5937847816088498,0.5937847816088498,1.111011369562103,6.4843057664437005,-3.3762427934987658,-3.142313491356023,0.0128082818362503,-0.1874160448924851,0.0067486322371189,0.0052279819291136,-4.526198439241917,3.1968947011931435,0.0,-13.618577075098814,0.0,0.0,0.0,0.0,0.2321852731591449,-0.0744449281671745,0.0244973974499785,0.5681063122923588,0.0,0.1644888811651573,0.0370137102830228,0.0076732936020502,0.1305634745605699,42165000.0,46591000.0,42006000.0,65963000.0,16404500.0,10169000.0,15100000.0,87.65340719163363,100.49350024073183,133.06451612903226,1.0267712674675165,0.8955803090190442,0.6763636363636364,0.0076053628329225,0.0030659996772631,2002-03-29,,amc,,2025-03-05,2001-12-31,,0.245264375,109040.59375
2001-09-30,DECK,USD,910521,2001-11-08,2001-11-08 00:00:00,2002,Q2,14023000.0,9275000.0,4748000.0,0.3385866077,0,0.0,0.0,6165000.0,0.0,8345000.0,17620000.0,0.0,0.0,929000.0,-2668000.0,-0.1902588604,-3597000.0,-0.2565071668,129000.0,-3468000.0,-0.247307994,-1370000.0,-2098000.0,-0.1496113528,-0.012550251,-0.012133576,167148000,172872000,https://www.sec.gov/Archives/edgar/data/910521/000095014801502164/0000950148-01-502164-index.htm,https://www.sec.gov/Archives/edgar/data/910521/000095014801502164/v76883e10-q.htm,0.0838957091918539,-0.0125517505444276,0.0173139971761552,0.0127790939765955,0.1445724746930863,0.3928853471175246,0.2704668916170101,0.3928853471175246,0.0033024624883336,34196809.32,10583809.32,-4.074929613918017,2.4386229280467804,11.816451043538354,16.009742191011235,0.5207371603471904,0.5207371603471904,0.7547464394209513,-3.966945022488756,3.65715595024188,4.95496691011236,-0.0613507529421168,0.0624619677237186,0.0084056646870717,0.0070314888413329,8.850449775112443,4.239911378382655,0.0,-1.3794089609151572,0.0,0.0,0.0,0.0,0.260649138897381,0.2619212163096061,0.054054054054054,0.8159311087190527,0.0,,-0.0328597715621325,-0.0361462389304296,0.1587156292626893,40946000.0,45208000.0,40750000.0,65134000.0,14226000.0,7084500.0,12120000.0,79.67339371033302,62.32560646900269,114.2587601078167,1.1296117286934106,1.4440292698116146,0.7876857749469215,-0.0319476168722399,0.0045349031995596,2001-10-25,-0.02728,bmo,14000000.0,2025-03-05,2001-09-30,0.0997067448680352,0.274923125,229387.953125
2001-06-30,DECK,USD,910521,2001-08-09,2001-08-09 00:00:00,2002,Q1,21586000.0,11989000.0,9597000.0,0.4445937182,0,0.0,0.0,8248000.0,0.0,8248000.0,20237000.0,0.0,0.0,883000.0,2232000.0,0.1034003521,1349000.0,0.0624942092,19000.0,1368000.0,0.0633744093,637000.0,731000.0,0.0338645418,0.004450089,0.004450089,165852000,170856000,https://www.sec.gov/Archives/edgar/data/910521/000095014801501420/0000950148-01-501420-index.htm,https://www.sec.gov/Archives/edgar/data/910521/000095014801501420/v74885e10-q.htm,0.1301521838747799,0.0044075440754407,0.0636410775872464,0.0606926657501869,0.1328413284132841,0.4084424667776089,0.2819200250826038,0.4084424667776089,0.0039493041989243,36210467.16,14833467.159999996,12.383880697674416,1.677497783748726,3.4306458702036946,3.597304506258692,0.5345428493822058,0.5345428493822058,0.6871799851755765,6.645818620071683,1.405349801989578,1.4736208185972577,0.0201875329796214,0.2779859192515317,0.0096691811458348,0.0081930302954494,-9.577508960573477,4.550493228557097,0.0,14.439124487004104,0.0,0.0,0.0,0.0,0.2624771720911615,0.046328754144955,0.0226535717594737,0.5537938844847112,0.0,0.2012588729189133,0.0105393184136824,0.0123978155422136,0.1693558112051708,42471000.0,46757000.0,42228000.0,66830000.0,21818500.0,9372500.0,13952500.0,66.86834059112388,58.148302610726496,93.573275502544,1.345928420002494,1.547766589207333,0.9618130766145206,0.0107911014009241,0.0029484118370595,2001-07-26,0.02624,bmo,14400000.0,2025-03-05,2001-06-30,0.1432926829268292,0.2712195,532802.2166666667
2001-03-31,DECK,USD,910521,2001-05-15,2001-05-15 00:00:00,2001,Q4,34911000.0,18315000.0,16596000.0,0.4753802526,0,0.0,0.0,11653000.0,0.0,11653000.0,29968000.0,0.0,0.0,862000.0,5805000.0,0.1662799691,4081000.0,0.116897253,282000.0,4363000.0,0.1249749363,1876000.0,2487000.0,0.0712382917,0.0150003,0.014450289,165222000,172512000,https://www.sec.gov/Archives/edgar/data/910521/000095014801500706/0000950148-01-500706-index.htm,https://www.sec.gov/Archives/edgar/data/910521/000095014801500706/v72615e10-q.txt,0.2112975269637215,0.0150524748520172,0.0271816101971892,0.0229751485879604,0.072266405200276,0.4047766036000048,0.2746183922237958,0.4047766036000048,0.0045635569113072,32125765.68,20939765.68,3.229369288299156,0.9202190048981695,7.153365771543086,8.463057344573235,0.4803637321690242,0.4803637321690242,0.5998042359141817,3.6071947769164514,4.662606475172567,5.516271253951528,0.0774144972845982,0.1181606078376899,0.0112742605939172,0.0088560018792576,-1.926959517657192,3.305189732142857,0.0,1.805790108564536,0.0,0.0,0.0,0.0,0.2525839793281654,0.1547539523491427,0.019907765460743,0.8062645011600929,0.0,0.3702566907476702,0.0343957621081983,0.0390822660485581,0.133742782438174,41309000.0,45373000.0,40967000.0,66062000.0,25371000.0,9509500.0,16293000.0,71.1497808713586,54.04914004914005,75.87223587223588,1.2649371354034566,1.6651513773979452,1.1862046632124352,0.0371871168396184,0.0042064616092287,2001-04-26,0.08,bmo,30547125.0,2025-03-05,2001-03-31,0.1249999999999999,0.2219409375,152381.3125
2000-12-31,DECK,USD,910521,2001-03-30,2001-03-30 00:00:00,2001,Q3,24802000.0,14066000.0,10736000.0,0.4328683171,0,0.0,0.0,8584000.0,0.0,9359000.0,23425000.0,0.0,0.0,775000.0,2152000.0,0.0867671962,1377000.0,0.0555197162,44000.0,1421000.0,0.0572937666,627000.0,794000.0,0.0320135473,0.0048,0.0047,163728000,167175000,https://www.sec.gov/Archives/edgar/data/910521/000095014801000493/0000950148-01-000493-index.htm,https://www.sec.gov/Archives/edgar/data/910521/000095014801000493/v71055e10-k.txt,0.1514829473272745,0.004849506498583,-0.0316866998925046,-0.0319371152154793,0.0553173556141893,0.3914724420990911,0.2664419036450698,0.3914724420990911,0.0091309977523697,47752908.48,40190908.48,15.035550528967253,1.925365231836142,-9.20449276792598,-9.132321376936316,0.7450332862157735,0.7450332862157735,1.6204704652850574,18.67607271375465,-7.746898319198149,-7.686155762096003,0.0166272594753583,-0.1095011836229833,0.0233247523207738,0.0192376981675931,-3.5139405204460967,4.074270959902795,0.0,-6.534005037783375,0.0,0.0,0.0,0.0,0.2634213506279596,-0.0079028527370855,0.0016530924925409,0.0529032258064516,0.0,0.2066762768666336,0.0117306677364417,0.0138711762547824,0.1305228794097527,40482000.0,43624000.0,40033000.0,63951000.0,19784000.0,7124500.0,15888000.0,83.979920974115,51.31522820986777,109.70709512299162,1.0716847426867735,1.753865336658354,0.8203662661845328,0.0123878617676885,0.0002504153229746,2001-02-22,0.01875,bmo,20461650.0,2025-03-05,2000-12-31,0.6,0.2272483050847457,234457.8983050848
2000-09-30,DECK,USD,910521,2000-11-14,2000-11-14 00:00:00,2001,Q2,19023000.0,11087000.0,7936000.0,0.4171792041,0,0.0,0.0,8036000.0,0.0,8786000.0,19873000.0,0.0,0.0,750000.0,-100000.0,-0.0052567944,-850000.0,-0.0446827525,157000.0,-693000.0,-0.0364295852,-298000.0,-395000.0,-0.0207643379,-0.002416715,-0.002416715,163782000,163782000,https://www.sec.gov/Archives/edgar/data/910521/000095014800002367/0000950148-00-002367-index.htm,https://www.sec.gov/Archives/edgar/data/910521/000095014800002367/v67146e10-q.txt,0.1161482946843975,-0.0024117424381189,0.0308825145620397,0.024526504744111,0.0918171716061594,0.3860192206713802,0.2586364801992893,0.3860192206713802,0.0095126448571882,49475266.56,35995266.56,-31.313459848101267,2.600813045261,9.78158690391459,12.316471635548918,0.7825517068155577,0.7825517068155577,1.892197159228303,-359.95266560000005,7.116501890075129,8.960733522529251,-0.0079837872024594,0.081192084031088,0.0246429305790614,0.0210310335983585,134.8,4.801218804410912,0.0,-12.80506329113924,0.0,0.0,0.0,0.0,0.2816241681402789,0.2058125741399762,0.0547232297744835,1.388,0.0,,-0.0074788554435364,-0.0074223007253185,0.1453990670525454,39297000.0,42360000.0,38777000.0,62934000.0,21008500.0,6207000.0,13459000.0,77.70856331808864,50.564625236763774,118.7607107423108,1.1581735159817352,1.779900465564296,0.7578263841421736,-0.0062477263021368,0.0063560098179287,2000-11-14,,amc,,2025-03-05,2000-09-30,,0.2143752380952381,491030.4761904762
2000-06-30,DECK,USD,910521,2000-08-11,2000-08-11 00:00:00,2001,Q1,28940000.0,15189000.0,13751000.0,0.4751554941,0,0.0,0.0,9712000.0,0.0,9712000.0,24901000.0,0.0,0.0,681000.0,4720000.0,0.1630960608,4039000.0,0.1395646164,-124000.0,3915000.0,0.1352798894,1683000.0,2232000.0,0.0771250864,0.013883611,0.0133336,163494000,169578000,https://www.sec.gov/Archives/edgar/data/910521/000095014800001694/0000950148-00-001694-index.htm,https://www.sec.gov/Archives/edgar/data/910521/000095014800001694/e10-q.txt,0.1770095538674202,0.0136518771331058,0.0995449374288964,0.0985173767844691,0.0604609343462145,0.388711512349077,0.2587128579642066,0.388711512349077,0.002984819014765,28951517.52,19554517.52,3.2427775,1.0003979792674498,1.7788950857142856,1.7974494021233005,0.4555563557401812,0.4555563557401812,0.6756916903939184,4.142906254237288,1.2015064528417818,1.2140384627801577,0.0770944044110334,0.5563438941973636,0.0076787512588116,0.0065537664012033,-1.9908898305084743,4.767342683851402,0.0,7.291666666666667,0.0,0.0,0.0,0.0,0.2854380145310968,0.0103225806451612,0.0058051140290255,0.2466960352422907,0.0,0.3455422414890835,0.0359571244983379,0.0419493675644182,0.1487149375512251,39753000.0,42298000.0,39396000.0,63098000.0,31218500.0,7641000.0,15335500.0,79.58811333794057,36.64823227335572,72.81058660873,1.1308221319162235,2.455780113177042,1.236083984375,0.0351208459214501,0.0010275606444273,2000-10-26,0.00987,bmo,38400000.0,2025-03-05,2000-06-30,0.3333333333333332,0.2292206451612903,196781.01612903227
2000-03-31,DECK,USD,910521,2000-05-15,2000-05-15 00:00:00,2000,Q4,41923000.0,21763000.0,20160000.0,0.4808816163,0,0.0,0.0,11362000.0,0.0,11362000.0,33125000.0,0.0,0.0,734000.0,9532000.0,0.2273692245,8064000.0,0.1923526465,-372000.0,7692000.0,0.1834792357,3308000.0,4384000.0,0.1045726689,0.0266672,0.0266672,163278000,168480000,https://www.sec.gov/Archives/edgar/data/910521/000095014800001024/0000950148-00-001024-index.html,https://www.sec.gov/Archives/edgar/data/910521/000095014800001024/,0.2567584120334644,0.0268499124193094,-0.0091500385845,-0.0122429231127279,0.0138169257340241,0.3755558005365083,0.2429904824899864,0.3755558005365083,0.0549186050784551,36283637.16,42994637.16,2.0690942723540147,0.8654828413997089,-24.286236385542168,-18.150894027013504,0.5917096731898239,0.5917096731898239,1.0255620342055674,4.510557822073017,-28.77820425702811,-21.50807261630815,0.1208258141450337,-0.0550937049443253,0.1462328767123287,0.1054296195268776,0.7040495174150231,4.087155039280199,0.0,-0.3407846715328467,0.0,0.0,0.0,0.0,0.2544913699854206,-0.3380187416331994,0.0120458936621902,0.6880108991825613,0.0,0.4763212234845301,0.0653893141085667,0.0691406311605974,0.0940068472176288,45977000.0,39675000.0,37138000.0,69885000.0,30622500.0,8198500.0,18241500.0,79.09858550199175,37.62027294031154,76.02214768184533,1.1378205998100148,2.3923271408156537,1.1838655279334167,0.0714938030006523,0.0030928845282279,2000-05-15,,amc,,2025-03-05,2000-03-31,,0.2673738095238095,173343.11111111112
1999-12-31,DECK,USD,910521,2000-03-30,2000-03-30 00:00:00,2000,Q3,22100000.0,12900000.0,9200000.0,0.4162895928,0,0.0,0.0,7900000.0,0.0,8600000.0,21500000.0,0.0,0.0,700000.0,1300000.0,0.0588235294,600000.0,0.0271493213,-200000.0,400000.0,0.0180995475,100000.0,300000.0,0.0135746606,0.0019,0.0018,161145000,165069000,https://www.sec.gov/Archives/edgar/data/910521/000095014800000530/0000950148-00-000530-index.html,https://www.sec.gov/Archives/edgar/data/910521/000095014800000530/,0.1371435663532843,0.0018616773713115,-0.0260634831983617,-0.0260634831983617,0.0099289459803282,0.3524775823016537,0.21595457507214,0.3524775823016537,0.0397157839213131,23499775.35,28299775.35,19.583146125,1.0633382511312215,-5.595184607142857,-5.595184607142857,0.4137284392605633,0.4137284392605633,1.2805328212669682,21.76905796153846,-6.73804175,-6.73804175,0.012766079485096,-0.1787251127913442,0.1126760563380281,0.0870748299319727,3.692307692307693,4.721153846153846,0.0,-14.0,0.0,0.0,0.0,0.0,0.2993197278911564,0.0,0.0,0.0,0.0,0.1215092162120876,0.0071202531645569,0.0058252427184466,0.0760184926618883,38700000.0,34800000.0,32400000.0,62800000.0,21300000.0,6450000.0,17500000.0,99.36651583710407,50.93023255813953,126.27906976744184,0.9057377049180328,1.7671232876712328,0.712707182320442,0.005281690140845,0.0,2000-03-30,,amc,,2025-03-05,1999-12-31,,0.2500804761904762,546116.7777777778
1999-09-30,DECK,USD,910521,1999-11-15,1999-11-15 00:00:00,2000,Q2,18244000.0,11600000.0,6644000.0,0.3641745231,0,0.0,0.0,7800000.0,0.0,8700000.0,20300000.0,0.0,0.0,900000.0,-1156000.0,-0.0633632975,-2056000.0,-0.1126945845,-244000.0,-2300000.0,-0.1260688446,-1000000.0,-1300000.0,-0.0712563034,-0.007783489,-0.007783489,167142858,167142858,https://www.sec.gov/Archives/edgar/data/910521/000095014899002449/0000950148-99-002449-index.html,https://www.sec.gov/Archives/edgar/data/910521/000095014899002449/,0.1091521361923822,-0.0077777777378917,0.0490598288082402,0.0484615382130177,0.009572649523559,0.3374358957054569,0.20341880237563,0.3374358957054569,0.0125641024996712,28437685.86012,28937685.86012,-5.46878574233077,1.5587418252641965,3.468010470746341,3.51082541482963,0.5042142883,0.5042142883,1.5861480958188994,-25.0326002250173,3.528986080502439,3.5725538098913585,-0.0457139869395306,0.2848333032386138,0.0372340425531914,0.031578947368421,-0.4325259515570934,5.08641975308642,0.0,-6.307692307692308,0.0,0.0,0.0,0.0,0.3368421052631579,0.0121951219512195,0.0054812541109405,0.1111111111111111,0.0,,-0.0198647342995169,-0.0294784580498866,0.081367520950252,33100000.0,34000000.0,31100000.0,57900000.0,22950000.0,5500000.0,16650000.0,89.78294233720675,43.44827586206897,131.1206896551724,1.0024175824175825,2.071428571428572,0.6863905325443787,-0.0230496453900709,0.0005982905952224,1999-11-15,,amc,,2025-03-05,1999-09-30,,0.1927884126984126,122714.38095238096
1999-06-30,DECK,USD,910521,1999-08-13,1999-08-13 00:00:00,2000,Q1,31400000.0,16800000.0,14600000.0,0.4649681529,0,0.0,0.0,10000000.0,0.0,10800000.0,27600000.0,0.0,0.0,800000.0,4600000.0,0.1464968153,3800000.0,0.1210191083,-500000.0,3300000.0,0.1050955414,1600000.0,1700000.0,0.0541401274,0.010550211,0.010550211,161052630,161052630,https://www.sec.gov/Archives/edgar/data/910521/000095014899001808/0000950148-99-001808-index.html,https://www.sec.gov/Archives/edgar/data/910521/000095014899001808/,0.1949673221728822,0.0105555556590413,0.1521241844979495,0.1496405243428809,0.0298039218608227,0.3576470623298731,0.2166993485297322,0.3576470623298731,0.0776143798458926,32154157.5795,39854157.5795,4.728552585220588,1.024017757308917,1.3124145950816326,1.3341974099377591,0.558231902421875,0.558231902421875,1.2692406872452229,8.663947299891303,1.6267003093673469,1.6536994846265558,0.0528703013225213,0.7495142716898621,0.2170138888888889,0.1590330788804071,1.673913043478261,6.011627906976744,0.0,14.411764705882351,0.0,0.0,0.0,0.0,0.2888040712468193,0.0163265306122449,0.0127388535031847,0.5,0.0,0.2914466986193213,0.0279254744304672,0.0304114490161001,0.0793218962025022,43100000.0,34900000.0,30700000.0,68600000.0,36400000.0,6300000.0,20400000.0,79.39490445859873,28.92857142857143,87.85714285714286,1.1335740072202165,3.111111111111111,1.024390243902439,0.0295138888888888,0.0024836601550685,1999-08-13,,amc,,2025-03-05,1999-06-30,,0.181367619047619,278114.8095238095
1999-03-31,DECK,USD,910521,1999-05-14,1999-05-14 00:00:00,1999,Q4,38040000.0,20100000.0,17940000.0,0.4716088328,0,0.0,0.0,12700000.0,0.0,13400000.0,33500000.0,0.0,0.0,700000.0,5240000.0,0.1377497371,4540000.0,0.1193480547,-640000.0,3900000.0,0.1025236593,1700000.0,2200000.0,0.0578338591,0.014450289,0.014450289,152307690,152307690,https://www.sec.gov/Archives/edgar/data/910521/000095014899001171/0000950148-99-001171-index.html,https://www.sec.gov/Archives/edgar/data/910521/,0.2497575795417815,0.0144444446632996,-0.0676262636509029,-0.0702525263169574,0.0269191923270584,0.3565151569168963,0.2225757609481176,0.3565151569168963,0.23570707427839,21154015.0641,52954015.0641,2.403865348193182,0.556099239329653,-2.053787870300971,-1.9770107536542056,0.389576704679558,0.389576704679558,1.392061384440063,10.105728065667938,-5.141166511077669,-4.948973370476636,0.1039991695824009,-0.50581414296895,0.6611418047882136,0.3519607843137255,6.068702290076335,2.378461538461538,0.0,-4.681818181818182,0.0,0.0,0.0,0.0,0.2,-0.0388349514563106,0.010515247108307,0.5714285714285714,0.0,0.3403930489207416,0.0283927454659162,0.0269607843137254,0.0159217174129553,44800000.0,33900000.0,29600000.0,68200000.0,36150000.0,7550000.0,24050000.0,106.70347003154572,32.23880597014925,109.25373134328358,0.8434589800443459,2.7916666666666665,0.8237704918032787,0.0405156537753222,0.0026262626660544,1999-04-22,-0.05,bmo,157320000.0,2025-03-05,1999-03-31,-3.6,0.16761546875,206831.640625
1998-12-31,DECK,USD,910521,1999-03-31,1999-03-31 00:00:00,1999,Q3,25300000.0,15900000.0,9400000.0,0.371541502,0,0.0,0.0,9800000.0,0.0,10400000.0,26300000.0,0.0,0.0,600000.0,-400000.0,-0.0158102767,-1000000.0,-0.0395256917,-400000.0,-1400000.0,-0.0553359684,-500000.0,-900000.0,-0.0355731225,-0.0059,-0.0059,153841845,153841845,https://www.sec.gov/Archives/edgar/data/910521/000095014899000649/0000950148-99-000649-index.html,https://www.sec.gov/Archives/edgar/data/910521/,0.1644546059623765,-0.0058501638484639,-0.1007528218346575,-0.1027028764508121,0.0019500546161546,0.3380094668001414,0.2034556982854697,0.3380094668001414,0.1391038959523658,18696399.42285,39796399.42285,-5.193444284125,0.7389881194802372,-1.206219317603226,-1.1833164191677217,0.3595461427471154,0.3595461427471154,1.5729802143418972,-99.490998557125,-2.56750964018387,-2.518759457142405,-0.0481376108653335,-0.8450825018580778,0.4115384615384615,0.2535545023696682,-52.75,3.447674418604651,0.0,17.22222222222222,0.0,0.0,0.0,0.0,0.245260663507109,-0.0193548387096774,0.0118577075098814,0.5,0.0,,-0.0087582717010509,-0.0141287284144427,0.0009750273080773,42100000.0,31300000.0,26900000.0,65800000.0,21000000.0,5850000.0,20100000.0,96.7588932806324,44.71698113207548,134.1509433962264,0.9301470588235294,2.0126582278481013,0.6708860759493671,-0.0173076923076923,0.0019500546161546,1999-02-25,-0.03693,bmo,25300000.0,2025-03-05,1998-12-31,0.0831302464121311,0.17640390625,382670.046875
1998-09-30,DECK,USD,910521,1998-11-23,1998-11-23 00:00:00,1999,Q2,13600000.0,11600000.0,2000000.0,0.1470588235,0,0.0,0.0,9400000.0,0.0,10100000.0,21700000.0,0.0,0.0,700000.0,-7400000.0,-0.5441176471,-8100000.0,-0.5955882353,-200000.0,-8300000.0,-0.6102941176,-3200000.0,-5100000.0,-0.375,-0.033334,-0.033334,153000000,153000000,https://www.sec.gov/Archives/edgar/data/910521/0000950148-98-002642-index.html,https://www.sec.gov/Archives/edgar/data/910521/0000950148-98-002642.txt,0.0888888888888888,-0.0333333333333333,0.0111111111111111,0.0065359477124183,0.0248366013071895,0.3450980392156862,0.2084967320261438,0.3450980392156862,0.0601307189542483,42500340.00000001,47900340.00000001,-2.0833500000000003,3.1250250000000004,25.000200000000003,42.50034000000001,0.804930681818182,0.804930681818182,3.5220838235294125,-6.47301891891892,28.1766705882353,47.90034000000001,-0.1199990400076799,0.0235292235309176,0.1742424242424242,0.135693215339233,-0.7297297297297297,2.9791666666666665,0.0,-0.3269230769230769,0.0,0.0,0.0,0.0,0.308259587020649,0.4117647058823529,0.0514705882352941,1.0,0.0,,-0.0802759424795958,-0.1087420042643923,0.0532679738562091,28500000.0,31900000.0,27900000.0,52400000.0,19550000.0,4100000.0,16500000.0,97.94117647058825,29.48275862068965,128.01724137931035,0.918918918918919,3.0526315789473686,0.703030303030303,-0.096590909090909,0.0045751633986928,1998-10-22,-0.06,bmo,13599999.0,2025-03-05,1998-09-30,0.3333333333333334,0.1596382539682539,628659.9206349206
1998-06-30,DECK,USD,910521,1998-08-14,1998-08-14 00:00:00,1999,Q1,31100000.0,17500000.0,13600000.0,0.4372990354,0,0.0,0.0,10100000.0,0.0,10800000.0,28300000.0,0.0,0.0,700000.0,3500000.0,0.1125401929,2800000.0,0.0900321543,-300000.0,2500000.0,0.0803858521,1100000.0,1400000.0,0.0450160772,0.008883511,0.008883511,157500000,157500000,https://www.sec.gov/Archives/edgar/data/910521/000095014898002013/0000950148-98-002013-index.html,https://www.sec.gov/Archives/edgar/data/910521/,0.1974603174603174,0.0088888888888888,0.0939682539682539,0.078095238095238,0.0368253968253968,0.3701587301587301,0.2355555555555555,0.3701587301587301,0.0761904761904762,60155550.0,66355550.0,10.7420625,1.9342620578778136,4.0645641891891895,4.89069512195122,1.031827615780446,1.031827615780446,2.133618971061093,18.958728571428573,4.483483108108108,5.394760162601626,0.0232729980857959,0.2044699117537783,0.2058319039451115,0.1550387596899224,1.7714285714285714,7.352112676056338,0.0,10.571428571428571,0.0,0.0,0.0,0.0,0.2739018087855297,0.1689189189189189,0.0803858520900321,3.571428571428572,0.0,0.2720877542848006,0.0222727272727272,0.0249110320284697,0.0836507936507936,45100000.0,37100000.0,33100000.0,69100000.0,30850000.0,4150000.0,17900000.0,70.32154340836013,22.62857142857143,84.85714285714286,1.279835390946502,3.977272727272727,1.0606060606060606,0.0240137221269296,0.0158730158730158,1998-07-23,0.06,bmo,36283333.0,2025-03-05,1998-06-30,-0.1666666666666666,0.141477868852459,661370.2786885246
1998-03-31,DECK,USD,910521,1998-05-15,1998-05-15 00:00:00,1998,Q4,32200000.0,18000000.0,14200000.0,0.4409937888,0,0.0,0.0,10100000.0,0.0,10700000.0,28700000.0,0.0,0.0,600000.0,4100000.0,0.1273291925,3500000.0,0.1086956522,-400000.0,3100000.0,0.0962732919,1300000.0,1800000.0,0.0559006211,0.011116889,0.011116889,162000000,162000000,https://www.sec.gov/Archives/edgar/data/910521/000095014898001322/0000950148-98-001322-index.html,https://www.sec.gov/Archives/edgar/data/910521/,0.1987654320987654,0.0111111111111111,-0.0691358024691358,-0.0716049382716049,0.0129629629629629,0.3611111111111111,0.228395061728395,0.3611111111111111,0.1302469135802469,65248740.0,84248740.0,9.062325,2.026358385093168,-5.825780357142858,-5.624891379310345,1.115363076923077,1.115363076923077,2.61642049689441,20.548473170731707,-7.522208928571429,-7.262822413793104,0.0275867396060061,-0.177781210794262,0.3606837606837607,0.2384180790960452,4.634146341463414,7.0,0.0,-6.222222222222222,0.0,0.0,0.0,0.0,0.2429378531073446,-0.0357142857142857,0.0124223602484472,0.6666666666666666,0.0,0.3004626062886658,0.025530880207489,0.026865671641791,0.0604938271604938,54000000.0,37000000.0,33000000.0,78200000.0,30200000.0,3750000.0,19150000.0,104.53416149068325,19.5,96.5,0.8609625668449198,4.615384615384615,0.932642487046632,0.0307692307692307,0.0024691358024691,1998-04-23,0.05,bmo,31877998.0,2025-03-05,1998-03-31,0.4000000000000001,0.142468603125,1154734.109375
1997-12-31,DECK,USD,910521,1998-03-31,1998-03-31 00:00:00,1998,Q3,23400000.0,13300000.0,10100000.0,0.4316239316,0,0.0,0.0,9300000.0,0.0,9900000.0,23200000.0,0.0,0.0,600000.0,800000.0,0.0341880342,200000.0,0.0085470085,600000.0,800000.0,0.0341880342,300000.0,500000.0,0.0213675214,0.0031,0.0031,161649000,162108000,https://www.sec.gov/Archives/edgar/data/910521/000095014898000736/0000950148-98-000736-index.html,https://www.sec.gov/Archives/edgar/data/910521/,0.1447580869662045,0.0030931215163718,-0.0600065574176147,-0.0630996789339866,0.0197959777047801,0.3532344771696701,0.2177557547525812,0.3532344771696701,0.0624810546307122,67352672.33999999,74252672.33999999,33.67633617,2.87831933076923,-6.943574468041237,-6.603203170588234,1.1795564332749562,1.1795564332749562,3.173191125641025,92.815840425,-7.654914674226803,-7.279673758823528,0.0074236104170592,-0.151441652508008,0.1768826619964973,0.1352074966532797,8.625,5.083333333333333,0.0,-19.4,0.0,0.0,0.0,0.0,0.2931726907630522,-0.0515463917525773,0.0213675213675213,0.8333333333333334,0.0,0.1567910588563721,0.001860119047619,0.0094696969696969,0.0764001014543857,39200000.0,35200000.0,31200000.0,63600000.0,20300000.0,4150000.0,16650000.0,88.46153846153847,24.360902255639097,128.57142857142856,1.017391304347826,3.6944444444444446,0.7,0.0087565674255691,0.0030931215163718,1998-02-19,0.02799,bmo,23400000.0,2025-03-05,1997-12-31,-0.2854590925330475,0.31998484375,363460.421875
1997-09-30,DECK,USD,910521,1997-11-13,1997-11-13 00:00:00,1998,Q2,20800000.0,12700000.0,8100000.0,0.3894230769,0,0.0,0.0,6500000.0,0.0,7300000.0,20000000.0,0.0,0.0,800000.0,1600000.0,0.0769230769,800000.0,0.0384615385,100000.0,900000.0,0.0432692308,400000.0,500000.0,0.0240384615,0.002783389,0.002783389,180000000,180000000,https://www.sec.gov/Archives/edgar/data/910521/000095014897002815/0000950148-97-002815-index.html,https://www.sec.gov/Archives/edgar/data/910521/,0.1155555555555555,0.0027777777777777,0.0361111111111111,0.0361111111111111,0.0466666666666666,0.3244444444444444,0.1994444444444444,0.3244444444444444,0.0188888888888888,78123600.0,73123600.0,39.0618,3.755942307692308,12.019015384615386,12.019015384615384,1.3377328767123289,1.3377328767123289,3.5155576923076923,45.70225,11.249784615384616,11.249784615384616,0.0064001146900552,0.0832014909707181,0.0582191780821917,0.0481586402266288,-3.125,3.818965517241379,0.0,16.25,0.0,0.0,0.0,0.0,0.3186968838526912,0.0,0.0,0.0,0.0,0.1424000624219588,0.0072033135242211,0.0103950103950103,0.0919444444444444,32700000.0,35900000.0,32100000.0,57500000.0,19750000.0,4200000.0,14100000.0,76.15384615384615,33.30708661417322,101.33858267716536,1.181818181818182,2.702127659574468,0.8881118881118881,0.0085616438356164,0.0,1997-10-16,0.02,bmo,20800000.0,2025-03-05,1997-09-30,0.0,0.3960228571428571,381286.68253968254
1997-06-30,DECK,USD,910521,1997-08-06,1997-08-06 00:00:00,1998,Q1,28100000.0,15200000.0,12900000.0,0.4590747331,0,0.0,0.0,9600000.0,0.0,10000000.0,25200000.0,0.0,0.0,400000.0,3300000.0,0.1174377224,2900000.0,0.103202847,-100000.0,2800000.0,0.0996441281,1200000.0,1600000.0,0.0569395018,0.0100002,0.0100002,160000002,160000002,https://www.sec.gov/Archives/edgar/data/910521/000095014897001933/0000950148-97-001933-index.html,https://www.sec.gov/Archives/edgar/data/910521/,0.1756249978046875,0.009999999875,0.0843749989453125,0.081249998984375,0.0143749998203125,0.3631249954609375,0.233749997078125,0.3631249954609375,0.0081249998984375,65555200.81943999,64555200.81943999,10.2430001280375,2.33292529606548,4.855940801439999,5.042707755341538,1.1283167094567983,1.1283167094567983,2.2973381074533803,19.56218206649697,4.781866727365926,4.965784678418461,0.0244069117324026,0.1983061578257713,0.0223752151462994,0.0193164933135215,-0.303030303030303,5.325,0.0,8.4375,0.0,0.0,0.0,0.0,0.3075780089153046,0.037037037037037,0.0177935943060498,1.25,0.0,0.2858375814294228,0.0278980278980278,0.0343347639484978,0.1029687487128906,34600000.0,37400000.0,33400000.0,57600000.0,25450000.0,4050000.0,17600000.0,70.14234875444839,21.907894736842103,82.30263157894737,1.2831050228310503,4.108108108108108,1.0935251798561152,0.027538726333907,0.0031249999609375,1997-07-24,0.06,bmo,28100000.0,2025-03-05,1997-06-30,0.0,0.4330568852459016,445427.59016393445
1997-03-31,DECK,USD,910521,1997-05-15,1997-05-15 00:00:00,1997,Q4,34400000.0,18800000.0,15600000.0,0.4534883721,0,0.0,0.0,10800000.0,0.0,11500000.0,30300000.0,0.0,0.0,700000.0,4800000.0,0.1395348837,4100000.0,0.1191860465,-600000.0,3500000.0,0.101744186,1500000.0,2000000.0,0.0581395349,0.012216911,0.012216911,163636362,163636362,https://www.sec.gov/Archives/edgar/data/910521/000095014897001448/0000950148-97-001448-index.html,https://www.sec.gov/Archives/edgar/data/910521/,0.2102222243244444,0.0122222223444444,-0.0085555556411111,-0.0128333334616666,0.0091666667583333,0.3471111145822222,0.2212222244344444,0.3471111145822222,0.0788333341216666,62499272.10228,73899272.10227999,7.812409012784999,1.8168393052988367,-44.64233721591429,-29.761558143942857,1.100339297575352,1.100339297575352,2.148234654136046,15.395681687974998,-52.78519435877142,-35.19012957251428,0.0320003726879731,-0.0336003913223717,0.227112676056338,0.1588669950738916,2.375,4.810344827586207,0.0,-0.7,0.0,0.0,0.0,0.0,0.2536945812807882,-0.5,0.0203488372093023,1.0,0.0,0.3089588281060548,0.0336134453781512,0.033003300330033,0.0580555561361111,44200000.0,36200000.0,31400000.0,67500000.0,23450000.0,4950000.0,23100000.0,75.87209302325581,21.063829787234045,101.968085106383,1.186206896551724,4.2727272727272725,0.8826291079812206,0.0352112676056338,0.0042777778205555,1997-04-24,0.07,bmo,34400000.0,2025-03-05,1997-03-31,0.0,0.46025546875,763962.46875
1996-12-31,DECK,USD,910521,1997-03-31,1997-03-31 00:00:00,1997,Q3,22000000.0,13300000.0,8700000.0,0.3954545455,0,0.0,0.0,6600000.0,0.0,7400000.0,20700000.0,0.0,0.0,800000.0,2100000.0,0.0954545455,1300000.0,0.0590909091,-300000.0,1000000.0,0.0454545455,400000.0,600000.0,0.0272727273,0.0036,0.0036,165446181,166363635,https://www.sec.gov/Archives/edgar/data/910521/000095014897000781/0000950148-97-000781-index.html,https://www.sec.gov/Archives/edgar/data/910521/,0.1329737553748672,0.0036265569647691,-0.0132973755374867,-0.0151106540198712,0.007857540090333,0.332434388437168,0.206713746991839,0.332434388437168,0.0628603207226645,63190514.37114,72290514.37114,26.329380987975,2.872296107779091,-28.72296107779091,-25.276205748456,1.1489184431116364,1.1489184431116364,3.2859324714154545,34.42405446244762,-32.859324714154546,-28.916205748456,0.0094950959961488,-0.0395628999839536,0.1890909090909091,0.1388518024032042,4.333333333333333,5.135416666666667,0.0,-3.6666666666666665,0.0,0.0,0.0,0.0,0.2777036048064085,-0.1363636363636363,0.0136363636363636,0.375,0.0,0.1646991971780685,0.0119266055045871,0.011090573012939,0.0439720031978254,39700000.0,34200000.0,29400000.0,63300000.0,18200000.0,4800000.0,23100000.0,73.22727272727273,37.21804511278195,168.49624060150376,1.229050279329609,2.418181818181818,0.5341365461847389,0.0109090909090909,0.0018132784823845,1997-02-20,0.02708,bmo,29333333.0,2025-03-05,1996-12-31,-0.2614475627769571,0.4156325,318628.828125
1996-09-30,DECK,USD,910521,1996-11-14,1996-11-14 00:00:00,1997,Q2,23500000.0,13800000.0,9700000.0,0.4127659574,0,0.0,0.0,8000000.0,0.0,8500000.0,22300000.0,0.0,0.0,500000.0,1700000.0,0.0723404255,1200000.0,0.0510638298,-100000.0,1100000.0,0.0468085106,500000.0,600000.0,0.0255319149,0.0033334,0.0033334,180000000,180000000,https://www.sec.gov/Archives/edgar/data/910521/000095014896002672/0000950148-96-002672-index.html,https://www.sec.gov/Archives/edgar/data/910521/,0.1305555555555555,0.0033333333333333,0.0022222222222222,-0.0005555555555555,0.0127777777777777,0.315,0.1977777777777777,0.315,0.0361111111111111,90000000.0,94200000.0,37.5,3.8297872340425534,225.0,-900.0,1.5873015873015872,1.5873015873015872,4.008510638297873,55.41176470588236,235.5,-942.0,0.0066666666666666,-0.0011111111111111,0.1146384479717813,0.0895316804407713,2.4705882352941178,4.320754716981132,0.0,0.6666666666666666,0.0,0.0,0.0,0.0,0.290633608815427,1.25,0.0212765957446808,1.0,0.0,0.1537042614893939,0.0103567318757192,0.0116504854368932,0.0606944444444444,35200000.0,35600000.0,29900000.0,59300000.0,19750000.0,3300000.0,18700000.0,70.85106382978724,26.73913043478261,138.91304347826087,1.2702702702702702,3.365853658536585,0.647887323943662,0.0105820105820105,0.0027777777777777,1996-10-24,0.02333,bmo,23500000.0,2025-03-05,1996-09-30,-0.1427346763823403,0.4064092187499999,276919.625
1996-06-30,DECK,USD,910521,1996-08-07,1996-08-07 00:00:00,1997,Q1,27600000.0,16000000.0,11600000.0,0.4202898551,0,0.0,0.0,8500000.0,0.0,9000000.0,25000000.0,0.0,0.0,500000.0,3100000.0,0.1123188406,2600000.0,0.0942028986,-800000.0,1800000.0,0.0652173913,800000.0,1000000.0,0.0362318841,0.006116789,0.006116789,163636362,163636362,https://www.sec.gov/Archives/edgar/data/910521/000091052196000010/0000910521-96-000010-index.html,https://www.sec.gov/Archives/edgar/data/910521/,0.1686666683533333,0.0061111111722222,0.038500000385,0.0360555559161111,0.0378888892677777,0.3428333367616667,0.2248888911377778,0.3428333367616667,0.0641666673083333,72726544.72728,77026544.72728,18.18163618182,2.635019736495652,11.543895988457145,12.32653300462373,1.296373346297326,1.296373346297326,2.790816837944928,24.84727249267097,12.226435670996826,13.055346563945765,0.0137501376388763,0.0811258120693707,0.1871657754010695,0.1426630434782608,1.3870967741935485,5.698795180722891,0.0,6.3,0.0,0.0,0.0,0.0,0.2622282608695652,0.0634920634920634,0.0144927536231884,0.8,0.0,0.2171165223471604,0.0217209690893901,0.0184162062615101,0.0763888896527777,39000000.0,36800000.0,29800000.0,61300000.0,22900000.0,2750000.0,16850000.0,68.47826086956522,14.0625,90.5625,1.3142857142857145,6.4,0.9937888198757764,0.017825311942959,0.0024444444688888,1996-07-25,0.03636,bmo,27599998.0,2025-03-05,1996-06-30,0.1001100110011,0.3859260655737704,192482.37704918036
1996-03-31,DECK,USD,910521,1996-05-14,1996-05-14 00:00:00,1996,Q4,28800000.0,15700000.0,13100000.0,0.4548611111,0,0.0,0.0,9800000.0,0.0,10300000.0,26000000.0,0.0,0.0,500000.0,3300000.0,0.1145833333,2800000.0,0.0972222222,-100000.0,2700000.0,0.09375,1200000.0,1500000.0,0.0520833333,0.008883511,0.008883511,168750000,168750000,https://www.sec.gov/Archives/edgar/data/910521/000091052196000007/0000910521-96-000007-index.html,https://www.sec.gov/Archives/edgar/data/910521/,0.1706666666666666,0.0088888888888888,0.026074074074074,0.0248888888888888,0.0213333333333333,0.3259259259259259,0.2145185185185185,0.3259259259259259,0.0782222222222222,63281250.0,72881250.0,10.546875,2.197265625,14.382102272727272,15.066964285714286,1.1505681818181817,1.1505681818181817,2.530598958333333,22.085227272727277,16.563920454545453,17.352678571428573,0.0237037037037037,0.0663703703703703,0.24,0.1743725231175693,2.909090909090909,5.287234042553192,0.0,2.933333333333333,0.0,0.0,0.0,0.0,0.2483487450462351,0.0454545454545454,0.0069444444444444,0.4,0.0,0.2553138954016902,0.0228422254853972,0.0263620386643233,0.061037037037037,40300000.0,36200000.0,29000000.0,62300000.0,22250000.0,3000000.0,18600000.0,77.5,17.197452229299365,100.89171974522291,1.1612903225806452,5.233333333333333,0.8920454545454546,0.0272727272727272,0.0011851851851851,1996-05-02,0.03646,bmo,21600000.0,2025-03-05,1996-03-31,0.3713658804168953,0.44571625,716600.15625
1995-12-31,DECK,USD,910521,1995-12-31,1995-12-30 19:00:00,1996,Q3,22200000.0,17500000.0,4700000.0,0.2117117117,0,0.0,0.0,8800000.0,0.0,9400000.0,26900000.0,0.0,0.0,600000.0,-4100000.0,-0.1846846847,-4700000.0,-0.2117117117,-500000.0,-5200000.0,-0.2342342342,-2000000.0,-3200000.0,-0.1441441441,-0.0177,-0.0177,181298076,181298076,,,0.1224502790641859,-0.0176504906759187,-0.0077220896707144,-0.0104799788388267,0.0176504906759187,0.2950941409880158,0.2018774871058201,0.2950941409880158,0.0843914085442362,57913857.39744,70013857.39744,-4.5245201091750005,2.6087323152,-41.36704099817143,-30.4809775776,1.082502007428785,1.082502007428785,3.153777360245045,-17.076550584741465,-50.00989814102857,-36.849398630231576,-0.0552544786999708,-0.0328073467281077,0.2859813084112149,0.2042723631508678,-2.951219512195122,7.936507936507937,0.0,0.4375,0.0,0.0,0.0,0.0,0.2256341789052069,-0.3571428571428571,0.0225225225225225,0.8333333333333334,0.0,,-0.042100548650767,-0.0551724137931034,0.0351630868934317,43700000.0,36600000.0,28600000.0,63900000.0,22450000.0,2150000.0,19300000.0,79.86486486486487,15.428571428571429,100.8,1.1269035532994924,5.833333333333333,0.8928571428571429,-0.0598130841121495,0.0027578891681122,1996-02-29,-0.01176,bmo,226439999.0,2025-03-05,1995-12-31,0.5008503401360543,0.4354353125,547314.515625
1995-09-30,DECK,USD,910521,1995-09-30,1995-09-29 20:00:00,1996,Q2,22300000.0,16100000.0,6200000.0,0.2780269058,0,0.0,0.0,7100000.0,0.0,7500000.0,23600000.0,0.0,0.0,400000.0,-900000.0,-0.0403587444,-1300000.0,-0.0582959641,-800000.0,-2100000.0,-0.0941704036,-900000.0,-1200000.0,-0.0538116592,-0.0083335,-0.0083335,144000000,144000000,,,0.1548611111111111,-0.0083333333333333,0.0298611111111111,0.0277777777777777,0.0298611111111111,0.39375,0.2833333333333333,0.39375,0.1013888888888888,65000160.0,75300160.0,-13.5417,2.914805381165919,15.116316279069768,16.25004,1.1463873015873016,1.1463873015873016,3.376688789237668,-83.66684444444445,17.51166511627907,18.82504,-0.0184614930178633,0.0615383100595444,0.2574955908289241,0.1836477987421383,-11.444444444444445,6.511904761904762,0.0,-3.583333333333333,0.0,0.0,0.0,0.0,0.2,0.0697674418604651,0.0134529147982062,0.75,0.0,,-0.0104333868378812,-0.0188679245283018,0.06875,46300000.0,40800000.0,31900000.0,65500000.0,25900000.0,1400000.0,18500000.0,101.70403587443946,7.267080745341615,106.21118012422362,0.8849206349206349,12.384615384615383,0.8473684210526315,-0.0211640211640211,0.0020833333333333,1995-10-20,-0.02,bmo,22300000.0,2025-03-05,1995-09-30,-0.0,0.4223961904761905,715289.2380952381
1995-06-30,DECK,USD,910521,1995-06-30,1995-06-29 20:00:00,1996,Q1,21800000.0,12400000.0,9400000.0,0.4311926606,0,0.0,0.0,7100000.0,0.0,7400000.0,19800000.0,0.0,0.0,300000.0,2300000.0,0.1055045872,2000000.0,0.0917431193,-100000.0,1900000.0,0.0871559633,800000.0,1100000.0,0.0504587156,0.0066668,0.0066668,165000000,165000000,,,0.1321212121212121,0.0066666666666666,0.0309090909090909,0.0284848484848484,0.0127272727272727,0.3509090909090909,0.3363636363636363,0.3509090909090909,0.0151515151515151,92812500.0,93212500.0,21.09375,4.257454128440367,18.198529411764707,19.747340425531917,1.602979274611399,1.602979274611399,4.275802752293578,40.52717391304348,18.27696078431373,19.83244680851064,0.0118518518518518,0.0506397306397306,0.0431778929188255,0.0386398763523956,0.1739130434782608,12.25,0.0,4.636363636363637,0.0,0.0,0.0,0.0,0.0370942812982998,0.0784313725490196,0.018348623853211,1.3333333333333333,0.0,0.229426161621476,0.0191704426629487,0.0176565008025682,0.1469696969696969,49500000.0,55500000.0,47100000.0,55000000.0,32150000.0,1750000.0,17700000.0,109.81651376146787,10.887096774193548,130.6451612903226,0.8195488721804511,8.266666666666667,0.6888888888888889,0.0189982728842832,0.0024242424242424,1995-07-19,0.06,bmo,29066666.0,2025-03-05,1995-06-30,-0.3333333333333333,0.3427968253968254,345029.2698412698
1995-03-31,DECK,USD,910521,1995-03-31,1995-03-30 19:00:00,1995,Q4,36100000.0,18200000.0,17900000.0,0.4958448753,0,0.0,0.0,9400000.0,0.0,9800000.0,28000000.0,0.0,0.0,400000.0,8500000.0,0.2354570637,8100000.0,0.2243767313,-100000.0,8000000.0,0.2216066482,3300000.0,4700000.0,0.1301939058,0.0266672,0.0266672,172653060,172653060,,,0.209089835998273,0.0272222224152876,-0.0179550828696577,-0.0220094564208708,0.0144799055400466,0.3284042576482571,0.3139243521082105,0.3284042576482571,0.0359101657393155,143276141.841,146976141.841,7.621071374521277,3.968868195041551,-46.21811027129032,-37.70424785289473,2.526916081851852,2.526916081851852,4.071361269833795,17.291310804823528,-47.4116586583871,-38.67793206342105,0.0328037867268634,-0.0265222105451236,0.109347442680776,0.0852819807427785,0.4352941176470588,6.3,0.0,-0.6595744680851063,0.0,0.0,0.0,0.0,0.0343878954607978,-0.2258064516129032,0.0193905817174515,1.75,0.0,0.4484948263203671,0.0756558028616852,0.0669515669515669,0.1359663130210376,53000000.0,54200000.0,47000000.0,58500000.0,28300000.0,1900000.0,20400000.0,93.98891966759004,9.89010989010989,86.04395604395604,0.9575596816976129,9.1,1.0459770114942528,0.0828924162257495,0.004054373551213,1995-05-01,0.16,bmo,36100000.0,2025-03-05,1995-03-31,0.0,0.348804126984127,561887.5079365079
1994-12-31,DECK,USD,910521,1994-12-31,1994-12-30 19:00:00,1995,Q3,14000000.0,7100000.0,6900000.0,0.4928571429,0,0.0,0.0,4800000.0,0.0,5000000.0,12100000.0,0.0,0.0,200000.0,2100000.0,0.15,1900000.0,0.1357142857,200000.0,2100000.0,0.15,900000.0,1200000.0,0.0857142857,0.0069,0.0069,173023779,173023779,,,0.0809137338284583,0.0069354628995821,-0.0531718822301297,-0.0549057479550253,0.0167607020073235,0.32885653248852,0.3201872038640423,0.32885653248852,0.0011559104832636,120154633.08876,117454633.08876,25.032215226824995,8.582473792054286,-13.0602862053,-12.647856114606316,2.1116807221223195,2.1116807221223195,8.389616649197142,55.93077766131428,-12.766807944430434,-12.363645588290526,0.0099871304930334,-0.079064783069848,0.0035149384885764,0.0031897926634768,-1.2857142857142858,9.473684210526317,0.0,-7.666666666666667,0.0,0.0,0.0,0.0,0.0239234449760765,-0.0326086956521739,0.0214285714285714,1.5,0.0,0.2265333889476022,0.0189810189810189,0.0196078431372549,0.1327852167649164,48300000.0,55400000.0,48200000.0,52300000.0,16650000.0,1750000.0,20150000.0,121.5,22.816901408450704,296.61971830985914,0.7407407407407407,3.9444444444444446,0.3034188034188034,0.0210896309314587,0.0017338657248955,1995-02-21,0.03154,bmo,13999999.0,2025-03-05,1994-12-31,0.2682308180088777,0.4734463492063492,912661.8412698412
1994-09-30,DECK,USD,910521,1994-09-30,1994-09-29 20:00:00,1995,Q2,15000000.0,7600000.0,7400000.0,0.4933333333,0,0.0,0.0,4600000.0,0.0,4800000.0,12400000.0,0.0,0.0,200000.0,2800000.0,0.1866666667,2600000.0,0.1733333333,0.0,2600000.0,0.1733333333,1100000.0,1500000.0,0.1,0.008883511,0.008883511,168750000,168750000,,,0.0888888888888888,0.0088888888888888,0.0035555555555555,0.0017777777777777,0.016,0.3300740740740741,0.3205925925925926,0.3300740740740741,0.0011851851851851,152342437.5,149842437.5,25.39040625,10.1561625,253.9040625,507.808125,2.735052737881508,2.735052737881508,9.989495833333333,53.51515625,249.73739583333327,499.47479166666665,0.009846238675287,0.0019692477350574,0.0035906642728904,0.0032733224222585,-0.8928571428571429,9.796296296296296,0.0,0.4,0.0,0.0,0.0,0.0,0.0261865793780687,0.5,0.02,1.5,0.0,0.2569334832496824,0.0268336314847942,0.0252100840336134,0.098074074074074,47500000.0,54100000.0,47500000.0,51400000.0,18450000.0,2400000.0,13850000.0,86.4,20.13157894736842,200.13157894736844,1.0416666666666667,4.470588235294118,0.4497041420118343,0.0269299820466786,0.0017777777777777,1994-11-07,0.05,bmo,15000000.0,2025-03-05,1994-09-30,0.0,0.716484126984127,2087298.825396825
1994-06-30,DECK,USD,910521,1994-06-30,1994-06-29 20:00:00,1995,Q1,28300000.0,14500000.0,13800000.0,0.4876325088,0,0.0,0.0,7400000.0,0.0,7600000.0,22100000.0,0.0,0.0,200000.0,6400000.0,0.2261484099,6200000.0,0.2190812721,200000.0,6400000.0,0.2261484099,2700000.0,3700000.0,0.1307420495,0.0216671,0.0216671,175263156,175263156,,,0.161471473217109,0.0211111113393393,0.0216816819160782,0.0193993996091226,0.0245345347997727,0.3092492525924844,0.300120123364662,0.3092492525924844,0.0017117117302167,126578556.52632,122578556.52632,8.552605170697296,4.472740513297526,33.31014645429474,37.228987213623526,2.335397721887823,2.335397721887823,4.3313977571137805,19.1528994572375,32.25751487534737,36.05251662538824,0.0292308594878836,0.0268607897996768,0.0055350553505535,0.0048,-0.625,6.695121951219512,0.0,1.027027027027027,0.0,0.0,0.0,0.0,0.0256,0.1052631578947368,0.0141342756183745,2.0,0.0,0.3832667433648096,0.0657683486238532,0.0607553366174055,0.1042717728990341,46700000.0,52600000.0,46600000.0,50700000.0,23450000.0,2950000.0,11750000.0,71.5547703180212,19.241379310344826,67.03448275862068,1.257777777777778,4.67741935483871,1.3425925925925926,0.0682656826568265,0.0022822823069556,1994-07-28,0.12,amc,,2025-03-05,1994-06-30,0.1666666666666668,0.7368228571428571,841061.2857142857
1994-03-31,DECK,USD,910521,1994-03-31,1994-03-30 19:00:00,1994,Q4,28500000.0,14000000.0,14500000.0,0.5087719298,0,0.0,0.0,7500000.0,0.0,7700000.0,21700000.0,0.0,0.0,200000.0,7000000.0,0.2456140351,6800000.0,0.2385964912,200000.0,7000000.0,0.2456140351,2900000.0,4100000.0,0.1438596491,0.0233338,0.0233338,175714284,175714284,,,0.1621951235336109,0.0233333335609756,-0.0341463417965496,-0.0352845531897679,0.0210569107745389,0.2873983767876264,0.2777235799452707,0.2873983767876264,0.0017073170898274,161070255.57144,157670255.57144,9.821357047039026,5.651587914787369,-26.84504259524,-25.97907347926452,3.189510011315644,3.189510011315644,5.532289669173334,22.52432222449143,-26.278375928573336,-25.430686382490325,0.0254547308281976,-0.0384925197889817,0.0059405940594059,0.0049504950495049,-0.4857142857142857,5.3861386138613865,0.0,-1.4634146341463414,0.0,0.0,0.0,0.0,0.028052805280528,-0.0333333333333333,0.0070175438596491,1.0,0.0,0.3884380893856115,0.0785573400958016,0.0696095076400679,0.1038617896311719,44300000.0,48800000.0,44300000.0,48100000.0,17600000.0,2700000.0,12950000.0,77.05263157894737,18.0,81.64285714285714,1.1680327868852458,5.0,1.1023622047244095,0.0811881188118811,0.0011382113932183,1994-05-05,0.13,amc,,2025-03-05,1994-03-31,0.0769230769230769,0.8054388888888888,884633.3333333334
1993-12-31,DECK,USD,910521,1993-12-31,1993-12-30 19:00:00,1994,Q3,11800000.0,5600000.0,6200000.0,0.5254237288,0,0.0,0.0,3800000.0,0.0,4000000.0,9600000.0,0.0,0.0,200000.0,2400000.0,0.2033898305,2200000.0,0.186440678,200000.0,2400000.0,0.2033898305,1100000.0,1300000.0,0.1101694915,0.0085,0.0082,152288961,157857141,,,0.077484276749383,0.0085364033706947,-0.0564715915292113,-0.0590981771817328,0.0196993923939109,0.3040272892793588,0.3020573500399677,0.3040272892793588,0.0026265856525214,152287438.11039,149687438.11039,29.286045790459617,12.905715094100849,-17.707841640743023,-16.92082645671,3.289145531541901,3.289145531541901,12.68537611105,62.36976587932917,-17.405516059347676,-16.63193756782111,0.008536488735582,-0.0590987681694145,0.0086393088552915,0.0077071290944123,-1.0833333333333333,8.75925925925926,0.0,-6.615384615384615,0.0,0.0,0.0,0.0,0.0057803468208092,-0.0465116279069767,0.0338983050847457,2.0,0.0,0.2416490026509913,0.0255174875089222,0.0251937984496124,0.0794542159887741,41900000.0,46000000.0,41700000.0,44200000.0,7350000.0,2300000.0,11450000.0,82.3728813559322,41.785714285714285,212.1428571428572,1.0925925925925926,2.1538461538461537,0.4242424242424242,0.0280777537796976,0.0026265856525214,1993-12-30,,amc,,2025-03-05,1993-12-31,,0.83142796875,573921.125
1993-09-30,DECK,USD,910521,1993-09-30,1993-09-29 20:00:00,1994,Q2,9600000.0,4300000.0,5300000.0,0.5520833333,0,0.0,0.0,3900000.0,0.0,4000000.0,8300000.0,0.0,0.0,100000.0,1400000.0,0.1458333333,1300000.0,0.1354166667,-100000.0,1200000.0,0.125,500000.0,700000.0,0.0729166667,0.0050001,0.0050001,139999998,139999998,,,0.0685714295510204,0.0050000000714285,,,0.0050000000714285,0.0921428584591837,0.0900000012857143,0.0921428584591837,0.020714286010204,170799997.56,172999997.56,60.99999912857143,17.7916664125,0.0,0.0,13.240309888372092,13.240309888372092,18.020833079166668,123.57142682857145,0.0,0.0,0.0040983607142857,,0.2248062015503876,0.1428571428571428,1.5714285714285714,2.318840579710145,0.0,0.0,,,0.0,0.0,0.0147783251231527,0.0,,0.0,,0.1018139073248095,0.0483014861995753,0.035,0.0076785715382653,9100000.0,12600000.0,8600000.0,11100000.0,,,,36.5625,41.860465116279066,203.02325581395348,2.4615384615384617,2.15,0.4432989690721649,0.0542635658914728,,1994-02-25,0.04285,amc,,2025-03-05,1993-09-30,0.1668611435239207,0.8399919354838709,876807.7580645161
1993-06-30,DECK,USD,910521,1993-06-30,1993-06-29 20:00:00,1994,Q1,17900000.0,0.0,17900000.0,1.0,0,0.0,0.0,0.0,0.0,0.0,0.0,0.0,0.0,0.0,17900000.0,1.0,17900000.0,1.0,-17900000.0,0.0,0.0,-2100000.0,2100000.0,0.1173184358,0.016116989,0.016116989,130344828,130344828,,,0.1373280418920802,0.0161111110599647,,,,,,,,159020690.16,,18.93103454285714,8.883837439106145,0.0,0.0,0.0,0.0,,,0.0,0.0,0.013205828737676,,0.0,0.0,,0.0,0.0,0.0,,,0.0,0.0,0.0,0.0,,0.0,,,0.0,0.0,,,,,,,,,,0.0,0.0,0.0,0.0,0.0,0.0,,1993-06-29,,amc,,2025-03-05,1993-06-30,,0.9696914285714286,995319.5396825396
1993-03-31,DECK,USD,910521,1993-03-31,1993-03-30 19:00:00,1993,Q4,17800000.0,0.0,17800000.0,1.0,0,0.0,0.0,0.0,0.0,0.0,0.0,0.0,0.0,0.0,17800000.0,1.0,17800000.0,1.0,-17800000.0,0.0,0.0,-2200000.0,2200000.0,0.1235955056,0.016667,0.016667,132000000,132000000,,,0.1348484848484848,0.0166666666666666,,,,,,,,161040000.0,,18.3,9.047191011235956,0.0,0.0,0.0,0.0,,,0.0,0.0,0.0136612021857923,,0.0,0.0,,0.0,0.0,0.0,,,0.0,0.0,0.0,0.0,,0.0,,,0.0,0.0,,,,,,,,,,0.0,0.0,0.0,0.0,0.0,0.0,,1993-03-30,,amc,,2025-03-05,1993-03-31,,1.152817777777778,2400615.8703703703
