date,symbol,reportedCurrency,cik,fillingDate,acceptedDate,calendarYear,period,revenue,costOfRevenue,grossProfit,grossProfitRatio,researchAndDevelopmentExpenses,generalAndAdministrativeExpenses,sellingAndMarketingExpenses,sellingGeneralAndAdministrativeExpenses,otherExpenses,operatingExpenses,costAndExpenses,interestIncome,interestExpense,depreciationAndAmortization,ebitda,ebitdaratio,operatingIncome,operatingIncomeRatio,totalOtherIncomeExpensesNet,incomeBeforeTax,incomeBeforeTaxRatio,incomeTaxExpense,netIncome,netIncomeRatio,eps,epsdiluted,weightedAverageShsOut,weightedAverageShsOutDil,link,finalLink,revenuePerShare,netIncomePerShare,operatingCashFlowPerShare,freeCashFlowPerShare,cashPerShare,bookValuePerShare,tangibleBookValuePerShare,shareholdersEquityPerShare,interestDebtPerShare,marketCap,enterpriseValue,peRatio,priceToSalesRatio,pocfratio,pfcfRatio,pbRatio,ptbRatio,evToSales,enterpriseValueOverEBITDA,evToOperatingCashFlow,evToFreeCashFlow,earningsYield,freeCashFlowYield,debtToEquity,debtToAssets,netDebtToEBITDA,currentRatio,interestCoverage,incomeQuality,dividendYield,payoutRatio,salesGeneralAndAdministrativeToRevenue,researchAndDdevelopementToRevenue,intangiblesToTotalAssets,capexToOperatingCashFlow,capexToRevenue,capexToDepreciation,stockBasedCompensationToRevenue,grahamNumber,roic,returnOnTangibleAssets,grahamNetNet,workingCapital,tangibleAssetValue,netCurrentAssetValue,investedCapital,averageReceivables,averagePayables,averageInventory,daysSalesOutstanding,daysPayablesOutstanding,daysOfInventoryOnHand,receivablesTurnover,payablesTurnover,inventoryTurnover,roe,capexPerShare,report_date,epsEstimated,time,revenueEstimated,updatedFromDate,fiscalDateEnding,surprise(%),QuarterAvgPrice,QuarterAvgVolume
2025-03-31,DFS,USD,1393612,2025-04-30,2025-04-30 16:23:54,2025,Q1,5494000000.0,1243000000.0,4251000000.0,0.7737531853,0,1228000000.0,246000000.0,1228000000.0,89000000.0,1563000000.0,2806000000.0,4801000000.0,1243000000.0,11000000.0,2698000000.0,0.4910811795,2688000000.0,0.489261012,-1244000000.0,1444000000.0,0.2628321806,340000000.0,1104000000.0,0.2009464871,4.25,4.25,252000000,252000000,https://www.sec.gov/Archives/edgar/data/1393612/000139361225000020/0001393612-25-000020-index.htm,https://www.sec.gov/Archives/edgar/data/1393612/000139361225000020/dfs-20250331.htm,21.8015873015873,4.380952380952381,8.46031746031746,8.206349206349206,105.71428571428572,75.25,74.23809523809524,75.25,4.932539682539683,43016400000.0,31151400000.0,9.741032608695653,7.829705132872224,20.1765478424015,20.8009671179884,2.26843853820598,2.26843853820598,5.670076447033127,11.546108228317271,14.611350844277672,15.063539651837525,0.0256646302340502,0.0480746877934927,0.0,0.0,-4.39770200148258,0.0,2.162510056315366,1.931159420289855,0.0045099078490994,0.1757246376811594,0.2235165635238442,0.0,0.0017239747420798,0.0,0.0,0.0,0.0,86.12490928877662,0.0149711620364419,0.0074766861484907,-80.71329365079364,135935000000.0,18708000000.0,6984000000.0,137270000000.0,54647500000.0,0.0,0.0,1790.4168183472875,0.0,0.0,0.0502676243195022,0.0,0.0,0.0582186362917259,0.0,2025-04-23,3.37,amc,4221649860.0,2025-05-11,2025-03-31,0.2611275964391691,182.9148333333333,1995215.7333333332
2024-12-31,DFS,USD,1393612,2025-03-07,2025-03-07 16:28:45,2024,Q4,4759000000.0,1202000000.0,3557000000.0,0.7474259298,0,792000000.0,299000000.0,1091000000.0,1966000000.0,3057000000.0,3057000000.0,4989000000.0,1359000000.0,31000000.0,1702000000.0,0.3576381593,1702000000.0,0.3576381593,0.0,1702000000.0,0.3576381593,411000000.0,1291000000.0,0.271275478,5.11,5.12,252641878,251000000,https://www.sec.gov/Archives/edgar/data/1393612/000139361225000012/0001393612-25-000012-index.htm,https://www.sec.gov/Archives/edgar/data/1393612/000139361225000012/dfs-20241231.htm,18.836940406214048,5.110000013536948,7.837180501009417,7.58781566688639,64.03926430597544,70.95419073792667,69.94485688552395,70.95419073792667,69.71132473928175,43765152525.94,51544152525.94,8.47504890122773,9.19629176842614,22.103612386838385,22.830022183588937,2.4414343705199157,2.4414343705199157,10.830878866556,30.28446094356051,26.03240026562626,26.88792515698487,0.0294983548665759,0.0438019723309264,0.906671873256722,0.1100853427255486,4.570505287896593,0.1511928903176368,1.2523914643119942,1.5336948102246322,0.0043870520018455,0.1487219209914794,0.1664215171254465,0.0,0.0017271742075318,0.0318181818181818,0.0132380752258877,2.032258064516129,0.0,90.3214155209297,0.0317737687972237,0.0087593717135393,-449.3910546374263,-90830000000.0,17671000000.0,-113535000000.0,-89503000000.0,0.0,0.0,0.0,0.0,0.0,0.0,0.0,0.0,0.0,0.0720182974450518,0.2493648341230269,2025-01-22,3.61,amc,4386241245.0,2025-04-24,2024-12-31,0.4155124653739613,164.1175,1546132.953125
2024-09-30,DFS,USD,1393612,2024-12-23,2024-12-23 07:25:20,2024,Q3,3759000000.0,0.0,3759000000.0,1.0,0,323000000.0,263000000.0,1928000000.0,0.0,964000000.0,1314000000.0,0.0,0.0,0.0,0.0,0.0,1288000000.0,0.3426443203,0.0,1288000000.0,0.3426443203,323000000.0,965000000.0,0.256717212,3.7,3.7,251000000,251000000,https://www.sec.gov/Archives/edgar/data/1393612/000139361224000076/0001393612-24-000076-index.htm,https://www.sec.gov/Archives/edgar/data/1393612/000139361224000076/dfs-20240930.htm,14.97609561752988,3.8446215139442232,8.063745019920319,7.788844621513944,54.601593625498005,68.16334661354581,67.14741035856574,68.16334661354581,72.41832669322709,35212790000.0,42602790000.0,9.12248445595855,9.367595105081138,17.39762351778656,18.011657289002557,2.0581442515635047,2.0581442515635047,11.333543495610536,0.0,21.048809288537548,21.791708439897697,0.0274048151254132,0.0555195995545936,1.06242328598983,0.1198891930217986,0.0,0.1239127683043706,0.0,2.3264367816091958,0.0054525642529319,0.1989637305699481,0.085927108273477,0.0,0.0016818916334135,0.034090909090909,0.0183559457302474,0.7582417582417582,0.0,76.78802673066743,0.0231065775926058,0.0063755285412262,-481.2788844621514,-96897000000.0,16854000000.0,-120801000000.0,-95557000000.0,0.0,0.0,0.0,0.0,0.0,0.0,0.0,0.0,0.0,0.0564030627155298,0.2749003984063745,2024-10-16,3.42,amc,4348989980.0,2025-04-24,2024-09-30,0.0789473684210526,134.5146875,1241615.515625
2024-06-30,DFS,USD,1393612,2024-07-31,2024-07-31 16:25:23,2024,Q2,5985000000.0,0.0,5985000000.0,1.0,0,658000000.0,258000000.0,916000000.0,-966000000.0,966000000.0,3915000000.0,4971000000.0,1447000000.0,82000000.0,2152000000.0,0.3595655806,2070000000.0,0.3458646617,0.0,2070000000.0,0.3458646617,540000000.0,1530000000.0,0.2556390977,6.06,6.06,251000000,251000000,https://www.sec.gov/Archives/edgar/data/1393612/000139361224000047/0001393612-24-000047-index.htm,https://www.sec.gov/Archives/edgar/data/1393612/000139361224000047/dfs-20240630.htm,23.844621513944222,6.095617529880478,10.270916334661354,10.01195219123506,50.17131474103586,64.01195219123505,62.99601593625498,64.01195219123505,82.02390438247012,33370450000.0,41646450000.0,5.452687908496731,5.575680868838763,12.944317300232738,13.279128531635497,2.0769558722848074,2.0769558722848074,6.958471177944862,19.352439591078067,16.15455779674166,16.57240350179069,0.0458489471972958,0.0753061466057545,1.191323831455779,0.1268733387685842,3.845724907063197,0.1162251961236732,1.4305459571527297,1.6927117531188445,0.0057835600059333,0.1261437908496732,0.1099415204678362,0.0,0.0016902304678955,0.0252133436772692,0.010860484544695,0.7926829268292683,0.0,93.69807096585382,0.0359856057576969,0.0101585531033383,-486.8804780876494,-95757000000.0,15812000000.0,-122207000000.0,-94415000000.0,0.0,0.0,0.0,0.0,0.0,0.0,0.0,0.0,0.0,0.0952262401194996,0.2589641434262948,2024-07-17,3.07,amc,4175564462.0,2025-04-24,2024-06-30,0.973941368078176,124.65428571428572,1291854.111111111
2024-03-31,DFS,USD,1393612,2024-05-01,2024-05-01 16:27:51,2024,Q1,5671000000.0,0.0,5671000000.0,1.0,0,671000000.0,250000000.0,921000000.0,-1522000000.0,1522000000.0,5267000000.0,4948000000.0,1461000000.0,96000000.0,500000000.0,0.0881678716,404000000.0,0.0712396403,0.0,404000000.0,0.0712396403,96000000.0,308000000.0,0.0543114089,1.1,1.1,250000000,250000000,https://www.sec.gov/Archives/edgar/data/1393612/000139361224000032/0001393612-24-000032-index.htm,https://www.sec.gov/Archives/edgar/data/1393612/000139361224000032/dfs-20240331.htm,22.684,1.232,7.372,7.088,63.9,58.88,57.86,58.88,87.744,32345000000.0,38816000000.0,26.25405844155844,5.70357961558808,17.550189907759087,18.25338600451467,2.1973505434782608,2.1973505434782608,6.844648210192206,77.632,21.06131307650569,21.905191873589164,0.0095223373009738,0.0547843561601484,1.3909646739130437,0.1340961038450707,12.942,0.1446617766911165,0.2765229295003422,2.165687426556992,0.0059978358324315,0.6298701298701299,0.1183212837242109,0.0,0.0016700613665686,0.0385241454150841,0.0125198377711162,0.7395833333333334,0.0,40.39992079200156,0.0072883882723206,0.0020205465972158,-487.976,-94455000000.0,14465000000.0,-121994000000.0,-93093000000.0,0.0,0.0,0.0,0.0,0.0,0.0,0.0,0.0,0.0,0.0209239130434782,0.284,2024-04-17,2.95,amc,4072620507.0,2025-04-24,2024-03-31,-0.6271186440677966,114.61967213114754,2511160.950819672
2023-12-31,DFS,USD,1393612,2023-12-31,2023-12-30 19:00:00,2023,Q4,5596000000.0,0.0,5596000000.0,1.0,0,646000000.0,372000000.0,1018000000.0,-1104000000.0,1104000000.0,5084000000.0,4868000000.0,236000000.0,104000000.0,0.0,0.0,4492000000.0,0.8027162259,0.0,512000000.0,0.0914939242,124000000.0,388000000.0,0.0693352395,1.54,1.54,250102860,250649350,,,22.374794114709445,1.551361707738968,11.499268740869256,11.227380606523251,46.720777203427424,56.916582241402594,55.89700173760508,56.916582241402594,86.23252049176887,28111561464.0,37757561464.0,18.1131195,5.023509911365261,9.774534584144646,10.011239837606835,1.97481991317176,1.97481991317176,6.74724114796283,0.0,13.128498422809455,13.446425022792022,0.0138021504247239,0.0998877278160431,1.4984896382156656,0.1406010032100083,0.0,0.1065362277878575,19.033898305084747,7.450777202072539,0.0068299301070798,0.4948453608247423,0.1154395997140814,0.0,0.0016808052045638,0.0236439499304589,0.0121515368120085,0.6538461538461539,0.0132237312365975,44.57252113192022,0.079568364031602,0.0025617662982476,-502.9650600556907,-97996000000.0,13980000000.0,-125793000000.0,-96650000000.0,0.0,0.0,0.0,0.0,0.0,0.0,0.0,0.0,0.0,0.0272567615033368,0.2718881343460047,2024-01-17,2.5,amc,4100350000.0,2025-04-24,2023-12-31,-0.384,92.44158730158728,2305334.1904761903
2023-09-30,DFS,USD,1393612,2023-10-26,2023-10-26 16:26:02,2023,Q3,4044000000.0,0.0,4044000000.0,1.0,0,575000000.0,283000000.0,858000000.0,-4014000000.0,-3156000000.0,-3156000000.0,4610000000.0,1288000000.0,106000000.0,994000000.0,0.2457962413,888000000.0,0.2195845697,0.0,888000000.0,0.2195845697,205000000.0,683000000.0,0.168892186,2.59,2.59,250000000,250000000,https://www.sec.gov/Archives/edgar/data/1393612/000139361223000052/0001393612-23-000052-index.htm,https://www.sec.gov/Archives/edgar/data/1393612/000139361223000052/dfs-20230930.htm,16.176,2.732,9.556,9.248,44.148,56.944,55.924,56.944,83.02,21657500000.0,31930500000.0,7.92734260614934,5.355464886251236,9.065508580996234,9.367430795847753,1.521319190783928,1.521319190783928,7.8957715133531154,32.12323943661972,13.365634156550858,13.810769896193772,0.0315364192542999,0.1067528569779522,1.3674487215509974,0.1357228512465837,10.335010060362173,0.106105615320278,0.6894409937888198,3.497803806734993,0.0089114625418446,0.2825768667642752,0.1421859545004945,0.0,0.0017778459479056,0.0322310590205106,0.0190405539070227,0.7264150943396226,0.0,59.16373619033876,0.0173293075888666,0.0047703192551876,-472.636,-92982000000.0,13981000000.0,-118159000000.0,-91643000000.0,0.0,0.0,0.0,0.0,0.0,0.0,0.0,0.0,0.0,0.0479769598201742,0.308,2023-10-18,3.19,amc,3952530000.0,2025-04-24,2023-09-30,-0.1880877742946708,99.32063492063492,2383670.777777778
2023-06-30,DFS,USD,1393612,2023-07-28,2023-07-28 17:29:30,2023,Q2,3878000000.0,0.0,3878000000.0,1.0,0,588000000.0,268000000.0,856000000.0,-3565000000.0,-2709000000.0,-2709000000.0,4290000000.0,1113000000.0,119000000.0,1288000000.0,0.3321299639,1169000000.0,0.3014440433,0.0,1169000000.0,0.3014440433,268000000.0,901000000.0,0.2323362558,3.54,3.54,253000000,253000000,https://www.sec.gov/Archives/edgar/data/1393612/000139361223000041/0001393612-23-000041-index.htm,https://www.sec.gov/Archives/edgar/data/1393612/000139361223000041/dfs-20230630.htm,15.32806324110672,3.561264822134387,5.956521739130435,5.632411067193676,41.308300395256914,54.76679841897233,53.758893280632414,54.76679841897233,84.54150197628458,29563050000.0,41234050000.0,8.202844062153163,7.623272305312017,19.61715328467153,20.746,2.1335919457274826,2.1335919457274826,10.632813305827746,32.01401397515528,27.361678832116787,28.936175438596493,0.0304772342501873,0.0482020630482984,1.463337182448037,0.1468402833099173,9.061335403726709,0.1005387205387205,1.050314465408805,1.6875699888017917,0.0064945937580865,0.2130965593784683,0.151624548736462,0.0,0.0018467287553772,0.0544127405441274,0.0211449200618875,0.6890756302521008,0.0,66.24484232137816,0.0263975155279503,0.0065371806685192,-449.70355731225294,-93499000000.0,13601000000.0,-113775000000.0,-92191000000.0,0.0,0.0,0.0,0.0,0.0,0.0,0.0,0.0,0.0,0.0650259815242494,0.3241106719367589,2023-07-19,3.67,amc,3938770000.0,2025-04-24,2023-06-30,-0.0354223433242506,104.77935483870968,2064198.0322580645
2023-03-31,DFS,USD,1393612,2023-04-25,2023-04-24 18:26:41,2023,Q1,3753000000.0,0.0,3753000000.0,1.0,0,625000000.0,241000000.0,866000000.0,-607000000.0,473000000.0,473000000.0,4077000000.0,945000000.0,129000000.0,1397000000.0,0.3722355449,2084000000.0,0.5552891021,-252000000.0,1268000000.0,0.3378630429,292000000.0,968000000.0,0.2579269917,3.58,3.58,262000000,262000000,https://www.sec.gov/Archives/edgar/data/1393612/000139361223000031/0001393612-23-000031-index.htm,https://www.sec.gov/Archives/edgar/data/1393612/000139361223000031/dfs-20230331.htm,14.32442748091603,3.694656488549618,6.83587786259542,6.5458015267175576,45.6412213740458,54.63740458015267,53.66412213740458,54.63740458015267,72.93129770992367,25896080000.0,33929080000.0,6.688037190082645,6.900101252331468,14.459006141820211,15.099755102040817,1.8090171149144256,1.8090171149144256,9.040522248867571,24.287100930565497,18.9442099385818,19.78372011661807,0.0373801749145044,0.0662262396470817,1.2688089416695774,0.1365013039132428,5.750178954903364,0.1188868894345963,2.2052910052910053,1.835040983606557,0.0067577795558246,0.1807851239669421,0.1665334399147348,0.0,0.001916414276159,0.0424343941931881,0.0202504662936317,0.5891472868217055,0.0,67.39432417025459,0.0493899971696443,0.007288827312019,-407.587786259542,-88625000000.0,14060000000.0,-106788000000.0,-87339000000.0,0.0,0.0,0.0,0.0,0.0,0.0,0.0,0.0,0.0,0.0676213761788333,0.2900763358778626,2023-04-19,3.91,amc,3666260000.0,2025-04-24,2023-03-31,-0.0843989769820972,107.05403225806452,2561165.14516129
2022-12-31,DFS,USD,1393612,2023-02-23,2023-02-23 16:18:33,2022,Q4,3732000000.0,0.0,3732000000.0,1.0,0,573000000.0,313000000.0,886000000.0,2846000000.0,3732000000.0,3732000000.0,3856000000.0,789000000.0,137000000.0,0.0,0.0,0.0,0.0,1354000000.0,1354000000.0,0.3628081458,321000000.0,1033000000.0,0.276795284,3.78,3.76,272000000,273000000,https://www.sec.gov/Archives/edgar/data/1393612/000139361223000007/0001393612-23-000007-index.htm,https://www.sec.gov/Archives/edgar/data/1393612/000139361223000007/dfs-20221231.htm,13.720588235294118,3.797794117647059,7.996323529411764,7.783088235294118,38.83455882352941,51.08455882352941,50.14705882352941,51.08455882352941,76.82720588235294,26609760000.0,37861760000.0,6.4399225556631166,7.13016077170418,12.234372413793103,12.569560699102505,1.915060093558834,1.915060093558834,10.145166130760986,0.0,17.407705747126435,17.88462919225319,0.0388203426111321,0.0795572752253308,1.4471392587261604,0.1525054796702338,0.0,0.1089755493655215,0.0,2.1055179090029044,0.0067268551088021,0.1732817037754114,0.1535369774919614,0.0,0.0019340012589968,0.0266666666666666,0.0155412647374062,0.4233576642335766,0.0,66.06961731808647,0.0,0.0078497826681662,-394.8272058823529,-86367000000.0,13640000000.0,-107393000000.0,-85109000000.0,0.0,0.0,0.0,0.0,0.0,0.0,0.0,0.0,0.0,0.0743432889528607,0.213235294117647,2023-01-18,3.66,amc,3668260009.0,2025-04-24,2022-12-31,0.0300546448087431,100.62793650793652,1866767.476190476
2022-09-30,DFS,USD,1393612,2022-10-27,2022-10-27 16:21:42,2022,Q3,3479000000.0,0.0,3479000000.0,1.0,0,551000000.0,276000000.0,827000000.0,-670000000.0,517000000.0,517000000.0,3357000000.0,514000000.0,145000000.0,1463000000.0,0.4205231388,1832000000.0,0.5265881,-287000000.0,1318000000.0,0.3788444955,312000000.0,975000000.0,0.2802529462,3.57,3.56,273000000,274000000,https://www.sec.gov/Archives/edgar/data/1393612/000162828022027220/0001628280-22-027220-index.htm,https://www.sec.gov/Archives/edgar/data/1393612/000162828022027220/dfs-20220930.htm,12.743589743589745,3.571428571428572,5.930402930402931,5.641025641025641,42.91208791208791,52.32967032967033,51.3956043956044,52.32967032967033,75.79120879120879,24821160000.0,34994160000.0,6.3644,7.13456740442656,15.331167387276096,16.117636363636365,1.7374464510709786,1.7374464510709786,10.058683529749928,23.91945317840055,21.61467572575664,22.72348051948052,0.0392810005656464,0.0620438367908671,1.4123617527649448,0.1655399307549677,6.95352016404648,0.1340036374867025,3.5642023346303504,1.6093439363817097,0.0072921652332123,0.1856410256410256,0.1583788444955447,0.0,0.002092118865169,0.0487955528103767,0.0227076746191434,0.5448275862068965,0.0,64.84645552648585,0.0405746665828897,0.008016048540257,-351.2271062271062,-75708000000.0,14031000000.0,-95885000000.0,-74438000000.0,0.0,0.0,0.0,0.0,0.0,0.0,0.0,0.0,0.0,0.0682486350272994,0.2893772893772894,2022-10-24,3.72,amc,3374599218.0,2025-04-24,2022-09-30,-0.0483870967741935,101.195625,1620121.25
2022-06-30,DFS,USD,1393612,2022-07-27,2022-07-27 16:26:14,2022,Q2,3224000000.0,0.0,3224000000.0,1.0,0,515000000.0,254000000.0,769000000.0,-2541000000.0,-1772000000.0,-1772000000.0,2915000000.0,305000000.0,140000000.0,1592000000.0,0.4937965261,1452000000.0,0.4503722084,0.0,1452000000.0,0.4503722084,341000000.0,1097000000.0,0.3402605459,3.93,3.93,279000000,279000000,https://www.sec.gov/Archives/edgar/data/1393612/000139361222000029/0001393612-22-000029-index.htm,https://www.sec.gov/Archives/edgar/data/1393612/000139361222000029/dfs-20220630.htm,11.555555555555555,3.931899641577061,5.777777777777778,5.60573476702509,47.16487455197132,49.333333333333336,48.41935483870968,49.333333333333336,72.72401433691756,26387820000.0,34933820000.0,6.013632634457612,8.184807692307693,16.369615384615386,16.872007672634272,1.917162162162162,1.917162162162162,10.835552109181142,21.943354271356785,21.671104218362284,22.336202046035805,0.041572210209104,0.0592697691586497,1.4519761697181053,0.1743891797556719,5.368090452261306,0.1592116247837291,4.760655737704918,1.4509450945094509,0.0069350177468241,0.1668185961713764,0.1597394540942928,0.0,0.0022251308900523,0.0297766749379652,0.0148883374689826,0.3428571428571428,0.0,66.06367081952484,0.0329194939109306,0.0095937732301368,-314.2544802867383,-69492000000.0,13509000000.0,-87677000000.0,-68253000000.0,464000000.0,0.0,0.0,0.0,0.0,0.0,0.0,0.0,0.0,0.0797006684103458,0.1720430107526881,2022-07-20,3.78,amc,3178160315.0,2025-04-24,2022-06-30,0.0476190476190476,107.005,1860474.677419355
2022-03-31,DFS,USD,1393612,2022-04-28,2022-04-28 16:35:48,2022,Q1,2902000000.0,0.0,2902000000.0,1.0,0,500000000.0,192000000.0,692000000.0,-1976000000.0,-1284000000.0,-1284000000.0,2736000000.0,257000000.0,139000000.0,1757000000.0,0.605444521,1618000000.0,0.5575465196,0.0,1618000000.0,0.5575465196,376000000.0,1205000000.0,0.4152308753,4.23,4.23,285000000,285000000,https://www.sec.gov/Archives/edgar/data/1393612/000139361222000016/0001393612-22-000016-index.htm,https://www.sec.gov/Archives/edgar/data/1393612/000139361222000016/dfs-20220331.htm,10.182456140350878,4.228070175438597,6.08421052631579,5.905263157894737,39.49473684210526,47.13333333333333,46.23859649122807,47.13333333333333,61.0140350877193,31404150000.0,38911150000.0,6.515383817427385,10.82155410062026,18.110813148788925,18.6596256684492,2.337835926449788,2.337835926449788,13.408390764989662,22.146357427433124,22.44010957324106,23.120112893642304,0.0383707248882711,0.0535916431427056,1.2753666344078016,0.1594980076713961,4.272623790552077,0.1585488047679154,6.2957198443579765,1.396135265700483,0.0050948680349571,0.1327800829875518,0.1722949689869055,0.0,0.0023740364205116,0.0294117647058823,0.0175740868366643,0.3669064748201439,0.0,66.96169368417014,0.0406347129069196,0.0112451823026027,-287.8140350877193,-64663000000.0,13178000000.0,-81795000000.0,-63424000000.0,921000000.0,0.0,0.0,28.78015161957271,0.0,0.0,3.127155172413793,0.0,0.0,0.0897044591677212,0.1789473684210526,2022-04-27,3.62,amc,2982882443.0,2025-04-24,2022-03-31,0.165745856353591,117.50225806451614,1923818.161290323
2021-12-31,DFS,USD,1393612,2022-02-24,2022-02-24 16:14:48,2021,Q4,2936000000.0,0.0,2936000000.0,1.0,0,499000000.0,271000000.0,770000000.0,-601000000.0,601000000.0,1973000000.0,2742000000.0,259000000.0,189000000.0,1550000000.0,0.5279291553,1361000000.0,0.4635558583,-289000000.0,1361000000.0,0.4635558583,294000000.0,1062000000.0,0.3617166213,3.64,3.64,291000000,291000000,https://www.sec.gov/Archives/edgar/data/1393612/000139361222000007/0001393612-22-000007-index.htm,https://www.sec.gov/Archives/edgar/data/1393612/000139361222000007/dfs-20211231.htm,10.0893470790378,3.649484536082474,4.6116838487972505,4.446735395189004,36.99656357388316,46.07560137457045,45.19931271477663,46.07560137457045,70.39862542955326,33627960000.0,45104960000.0,7.916186440677967,11.45366485013624,25.05809239940388,25.98760432766615,2.508051909307876,2.508051909307876,15.362724795640329,29.099974193548388,33.61025335320417,34.857001545595054,0.0315808630675188,0.0384798840012894,1.508576968973747,0.1834781662161426,7.404516129032258,0.1490613474226935,5.254826254826255,1.2577319587628866,0.0048174197899604,0.1525423728813559,0.1699591280653951,0.0,0.002313093013552,0.0357675111773472,0.0163487738419618,0.3333333333333333,0.0350817438692098,61.50954707126279,0.0317229076854467,0.0096556865811414,-293.4106529209622,-66677000000.0,13153000000.0,-85154000000.0,-65439000000.0,457000000.0,0.0,0.0,28.017711171662125,0.0,0.0,3.212253829321663,0.0,0.0,0.0792064439140811,0.1649484536082474,2022-01-19,3.68,amc,3016140000.0,2025-04-24,2021-12-31,-0.0108695652173913,118.29078125,1782456.0625
2021-09-30,DFS,USD,1393612,2021-10-28,2021-10-28 16:28:23,2021,Q3,2777000000.0,0.0,2777000000.0,1.0,0,483000000.0,210000000.0,693000000.0,-545000000.0,545000000.0,1811000000.0,2674000000.0,269000000.0,139000000.0,1541000000.0,0.5549153763,1402000000.0,0.5048613612,0.0,1402000000.0,0.5048613612,311000000.0,1055000000.0,0.3799063738,3.54,3.54,298000000,298000000,https://www.sec.gov/Archives/edgar/data/1393612/000139361221000043/0001393612-21-000043-index.htm,https://www.sec.gov/Archives/edgar/data/1393612/000139361221000043/dfs-20210930.htm,9.318791946308725,3.540268456375839,5.439597315436242,5.275167785234899,51.54026845637584,44.506711409395976,43.647651006711406,44.506711409395976,63.03691275167785,36609300000.0,42409300000.0,8.675189573459715,13.183039250990277,22.584392350400982,23.288358778625955,2.7602578602126213,2.7602578602126213,15.271624054735328,27.520635950681378,26.162430598396053,26.9779262086514,0.0288178140527133,0.0429399087117207,1.3960642388599864,0.1705852004716981,3.763789746917586,0.2000781606200742,5.211895910780669,1.4857928505957836,0.0044797360233601,0.1554502369668246,0.17392870003601,0.0,0.0023584905660377,0.0302282541640962,0.0176449405833633,0.3525179856115107,0.0,59.54182056540943,0.0343308474149595,0.0097425384160756,-268.19463087248323,-61406000000.0,13007000000.0,-79922000000.0,-60163000000.0,0.0,0.0,0.0,0.0,0.0,0.0,0.0,0.0,0.0,0.0795445977531478,0.1644295302013423,2021-10-20,3.53,amc,2902140000.0,2025-04-24,2021-09-30,0.0028328611898017,125.3615625,1570626.34375
2021-06-30,DFS,USD,1393612,2021-07-29,2021-07-29 16:17:25,2021,Q2,3579000000.0,0.0,3579000000.0,1.0,0,498000000.0,175000000.0,673000000.0,-573000000.0,573000000.0,918000000.0,2589000000.0,290000000.0,129000000.0,2351000000.0,0.6568873987,2222000000.0,0.6208438111,0.0,2222000000.0,0.6208438111,524000000.0,1688000000.0,0.4716401229,5.56,5.55,304000000,304000000,https://www.sec.gov/Archives/edgar/data/1393612/000139361221000031/0001393612-21-000031-index.htm,https://www.sec.gov/Archives/edgar/data/1393612/000139361221000031/dfs-20210630.htm,11.773026315789474,5.552631578947368,5.092105263157895,4.907894736842105,60.35855263157895,43.32565789473684,42.48355263157895,43.32565789473684,64.60526315789474,35960160000.0,39865160000.0,5.325853080568721,10.047544006705785,23.230077519379847,24.10198391420911,2.7302528281831298,2.7302528281831298,11.138630902486728,16.956682262866867,25.752687338501293,26.719276139410187,0.0469408367482235,0.041490360443335,1.469136739807152,0.1743478848493039,1.6609953211399404,0.2338524673735726,7.662068965517242,0.911660777385159,0.0041990914389702,0.0894549763033175,0.1391450125733445,0.0,0.0023066180114429,0.0361757105943152,0.015646828723107,0.4341085271317829,0.0,73.57212015846892,0.0522124165923557,0.0152444255795681,-261.3980263157895,-60115000000.0,12915000000.0,-79465000000.0,-58873000000.0,0.0,0.0,0.0,0.0,0.0,0.0,0.0,0.0,0.0,0.12816035228912,0.1842105263157894,2021-07-21,3.99,amc,2902800000.0,2025-04-24,2021-06-30,0.3909774436090224,113.0657142857143,1961796.015873016
2021-03-31,DFS,USD,1393612,2021-05-04,2021-05-03 18:43:20,2021,Q1,2795000000.0,0.0,2795000000.0,1.0,0,506000000.0,154000000.0,660000000.0,0.0,1081000000.0,1081000000.0,2646000000.0,316000000.0,119000000.0,2198000000.0,0.7864042934,2079000000.0,0.7438282648,0.0,2079000000.0,0.7438282648,486000000.0,1546000000.0,0.5531305903,5.04,5.04,307000000,307000000,https://www.sec.gov/Archives/edgar/data/1393612/000139361221000023/0001393612-21-000023-index.htm,https://www.sec.gov/Archives/edgar/data/1393612/000139361221000023/dfs-20210331.htm,9.104234527687296,5.035830618892508,4.912052117263844,4.778501628664495,76.17589576547232,39.58957654723127,38.44951140065147,39.58957654723127,69.46905537459283,29161930000.0,29824930000.0,4.715706662354464,10.433606440071555,19.338149867374003,19.87861622358555,2.399368932038835,2.399368932038835,10.67081574239714,13.569121929026387,19.7778050397878,20.330558963871848,0.0530143238119013,0.050305312439883,1.7287312818825078,0.1845158117518947,0.3016378525932666,0.2897677991723044,6.579113924050633,0.9466415568110484,0.0054523140272265,0.1028460543337645,0.1810375670840787,0.0,0.0030736535202114,0.0271883289124668,0.0146690518783542,0.3445378151260504,0.0,66.97569738139768,0.0480325644504749,0.0136186256287382,-255.14983713355048,-57320000000.0,11804000000.0,-78331000000.0,-55949000000.0,472000000.0,0.0,0.0,0.0,0.0,0.0,0.0,0.0,0.0,0.1272009215073226,0.1335504885993485,2021-04-21,2.82,amc,2207752659.0,2025-04-24,2021-03-31,0.7872340425531916,94.3039344262295,2824406.7377049183
2020-12-31,DFS,USD,1393612,2021-02-17,2021-02-17 16:08:24,2020,Q4,2824000000.0,0.0,2824000000.0,1.0,0,504000000.0,159000000.0,663000000.0,-195000000.0,468000000.0,468000000.0,2760000000.0,383000000.0,123000000.0,1138000000.0,0.4029745042,1015000000.0,0.3594192635,-393000000.0,1015000000.0,0.3594192635,216000000.0,795000000.0,0.2815155807,2.59,2.59,307000000,319000000,https://www.sec.gov/Archives/edgar/data/1393612/000139361221000014/0001393612-21-000014-index.htm,https://www.sec.gov/Archives/edgar/data/1393612/000139361221000014/dfs-20201231.htm,9.19869706840391,2.58957654723127,5.319218241042345,5.140065146579804,52.85016286644951,35.4527687296417,34.31270358306189,35.4527687296417,70.43648208469055,27792710000.0,35469710000.0,8.739845911949686,9.8416111898017,17.019418248622166,17.612617237008873,2.55353822124219,2.55353822124219,12.560095609065156,31.16846221441125,21.720581751377832,22.47763624841572,0.0286046232986995,0.0567774786985508,1.951580301359794,0.1881582793717722,6.746045694200351,0.2125823386657421,2.650130548302872,2.0438047559449317,0.0054690600520784,0.1911949685534591,0.178470254957507,0.0,0.0031003906492218,0.0336803429271279,0.0194759206798866,0.4471544715447154,0.0145184135977337,45.44966792866172,0.0248715953307393,0.0070642177378508,-277.10749185667754,-63595000000.0,10534000000.0,-84836000000.0,-62218000000.0,952500000.0,0.0,0.0,30.08498583569405,0.0,0.0,2.9915254237288136,0.0,0.0,0.0730429988974641,0.1791530944625407,2021-01-20,2.42,amc,2625619834.0,2025-04-24,2020-12-31,0.0702479338842975,74.60234375,2735395.234375
2020-09-30,DFS,USD,1393612,2020-10-26,2020-10-26 16:19:42,2020,Q3,2714000000.0,0.0,2714000000.0,1.0,0,471000000.0,140000000.0,611000000.0,-106000000.0,505000000.0,505000000.0,2681000000.0,416000000.0,116000000.0,1075000000.0,0.3960943257,959000000.0,0.3533529845,0.0,959000000.0,0.3533529845,188000000.0,751000000.0,0.2767133382,2.45,2.45,306000000,306000000,https://www.sec.gov/Archives/edgar/data/1393612/000139361220000040/0001393612-20-000040-index.htm,https://www.sec.gov/Archives/edgar/data/1393612/000139361220000040/dfs-20200930.htm,8.869281045751634,2.454248366013072,4.235294117647059,4.062091503267974,37.29738562091503,33.50326797385621,32.35947712418301,33.50326797385621,107.70261437908496,17680680000.0,40708680000.0,5.8857123834886815,6.514620486366986,13.6425,14.224199517296862,1.7246078813889971,1.7246078813889971,14.999513633014,37.86853953488372,31.41101851851852,32.75034593724859,0.0424757418832307,0.0703027259132567,3.1741123683183767,0.261690886134991,21.42139534883721,0.1341267776621574,2.3052884615384617,1.6809338521400778,0.0076354529350681,0.1797603195739014,0.1735445836403832,0.0,0.0028146587427321,0.040895061728395,0.0195283714075165,0.4568965517241379,0.0,43.01244198276855,0.0180169653915359,0.0060565004556488,-333.2132352941176,-79882000000.0,9902000000.0,-101723000000.0,-78411000000.0,944000000.0,0.0,0.0,31.868091378039797,0.0,0.0,2.8241415192507806,0.0,0.0,0.0732539992196644,0.1732026143790849,2020-10-21,1.56,amc,1442204081.0,2025-04-24,2020-09-30,0.5705128205128206,52.37046875,3165246.9375
2020-06-30,DFS,USD,1393612,2020-07-27,2020-07-27 16:15:38,2020,Q2,2662000000.0,0.0,2662000000.0,1.0,0,452000000.0,129000000.0,581000000.0,-171000000.0,410000000.0,410000000.0,2672000000.0,482000000.0,123000000.0,-338000000.0,-0.1269722014,-461000000.0,-0.1731780616,-288000000.0,-461000000.0,-0.1731780616,-93000000.0,-368000000.0,-0.1382419234,-1.21,-1.2,304577532,306000000,https://www.sec.gov/Archives/edgar/data/1393612/000139361220000030/0001393612-20-000030-index.htm,https://www.sec.gov/Archives/edgar/data/1393612/000139361220000030/dfs630202010q.htm,8.739974949957897,-1.2082309472518806,5.210495960023735,4.9018717506713525,62.63758155345484,31.660247348776863,30.507831418109987,31.660247348776863,77.73390192156393,15256288577.88,23312288577.88,-10.364326479538043,5.731137707693464,9.613288328846885,10.218545598044209,1.5821101916291611,1.5821101916291611,8.757433725725019,-68.97126798189349,14.689532815299309,15.614392885385133,-0.024121200783627,0.0978612847009653,2.405268070102665,0.2038280371203599,-23.83431952662722,0.2471125934160953,-0.9564315352697096,-4.3125,0.0098975579302382,-0.4103260869565217,0.1697971450037565,0.0,0.0030845753655793,0.0592312539382482,0.0353117956423741,0.7642276422764228,0.0,,-0.0112068702987483,-0.0032439770453363,-277.0255226836627,-60950000000.0,9292000000.0,-84144000000.0,-59484000000.0,952500000.0,0.0,0.0,31.34109691960932,0.0,0.0,2.871628910463862,0.0,0.0,-0.0381623975941097,0.3086242093523825,2020-07-22,0.05,amc,621133333.0,2025-04-24,2020-06-30,-25.0,43.98904761904762,5914359.698412699
2020-03-31,DFS,USD,1393612,2020-04-30,2020-04-30 16:19:10,2020,Q1,2888000000.0,0.0,2888000000.0,1.0,0,467000000.0,231000000.0,698000000.0,-124000000.0,574000000.0,574000000.0,2982000000.0,584000000.0,123000000.0,0.0,0.0,-78000000.0,-0.0270083102,0.0,-78000000.0,-0.0270083102,-17000000.0,-61000000.0,-0.0211218837,-0.2,-0.2,308000000,308000000,https://www.sec.gov/Archives/edgar/data/1393612/000139361220000021/0001393612-20-000021-index.htm,https://www.sec.gov/Archives/edgar/data/1393612/000139361220000021/dfs331202010q.htm,9.376623376623376,-0.198051948051948,5.454545454545454,5.262987012987013,36.25,31.37987012987013,30.0487012987013,31.37987012987013,86.62987012987013,10986360000.0,27056360000.0,-45.026065573770495,3.8041412742382272,6.539500000000001,6.777520049352252,1.136715985514744,1.136715985514744,9.368545706371192,0.0,16.10497619047619,16.691153608883404,-0.005552339446368,0.1475465941403704,2.7002586652871186,0.2316589293164206,0.0,0.1579186932660545,-0.1335616438356164,-27.540983606557376,0.0125610302229309,-2.262295081967213,0.1617036011080332,0.0,0.0036393655076914,0.0351190476190476,0.0204293628808864,0.4796747967479675,0.0,,-0.0017056734613986,-0.0005434443682236,-295.7581168831169,-64751000000.0,9255000000.0,-90849000000.0,-63271000000.0,983500000.0,0.0,0.0,30.477839335180057,0.0,0.0,2.9529652351738243,0.0,0.0,-0.0063114330056906,0.1915584415584415,2020-04-22,1.36,amc,9010560000.0,2025-04-24,2020-03-31,-1.1838235294117647,66.24096774193548,3601823.6129032257
2019-12-31,DFS,USD,1393612,2020-02-26,2020-02-26 17:04:06,2019,Q4,2944000000.0,0.0,2944000000.0,1.0,0,447000000.0,234000000.0,681000000.0,-149000000.0,532000000.0,532000000.0,3039000000.0,615000000.0,121000000.0,1045000000.0,0.3549592391,924000000.0,0.3138586957,-262000000.0,924000000.0,0.3138586957,216000000.0,705000000.0,0.2394701087,2.25,2.25,312000000,313000000,https://www.sec.gov/Archives/edgar/data/1393612/000139361220000009/0001393612-20-000009-index.htm,https://www.sec.gov/Archives/edgar/data/1393612/000139361220000009/dfs1231201910k.htm,9.435897435897436,2.2596153846153846,4.6923076923076925,4.461538461538462,22.192307692307693,38.00961538461539,36.69551282051282,38.00961538461539,84.34615384615384,26463840000.0,45240840000.0,9.384340425531914,8.989076086956521,18.076393442622948,19.011379310344825,2.2315406020743738,2.2315406020743738,15.367133152173912,43.29266985645933,30.902213114754097,32.50060344827586,0.0266401247891462,0.0526000761794206,2.1672147735896785,0.2254552791326011,17.96842105263158,0.1035245172431838,1.502439024390244,2.067796610169492,0.0057814738904104,0.2170212765957447,0.1518342391304347,0.0,0.0035966174251728,0.0491803278688524,0.0244565217391304,0.5950413223140496,0.0234375,43.95975446864765,0.018849840255591,0.0062067508319687,-302.792467948718,-68523000000.0,11449000000.0,-94224000000.0,-67056000000.0,494500000.0,0.0,0.0,30.234375,0.0,0.0,2.976744186046512,0.0,0.0,0.0594485201113078,0.2307692307692307,2020-01-23,2.24,amc,2930915555.0,2025-04-24,2019-12-31,0.0044642857142856,82.48546875,1503185.296875
2019-09-30,DFS,USD,1393612,2019-10-30,2019-10-30 16:21:16,2019,Q3,2900000000.0,0.0,2900000000.0,1.0,0,439000000.0,230000000.0,669000000.0,-127000000.0,542000000.0,542000000.0,3040000000.0,638000000.0,113000000.0,1107000000.0,0.3817241379,994000000.0,0.3427586207,0.0,994000000.0,0.3427586207,224000000.0,749000000.0,0.2582758621,2.36,2.36,317000000,317000000,https://www.sec.gov/Archives/edgar/data/1393612/000139361219000051/0001393612-19-000051-index.htm,https://www.sec.gov/Archives/edgar/data/1393612/000139361219000051/dfs930201910q.htm,9.14826498422713,2.362776025236593,2.583596214511041,2.391167192429022,24.28706624605678,36.96214511041009,35.65615141955836,36.96214511041009,79.15457413249212,25705530000.0,43084530000.0,8.579949933244325,8.863975862068965,31.38648351648352,33.91230870712401,2.1938661773491512,2.1938661773491512,14.85673448275862,38.92008130081301,52.606263736263735,56.839749340369394,0.0291376991643432,0.0294878183799361,2.087052999914654,0.220731861426534,15.69918699186992,0.1031830060979695,1.5579937304075235,1.0636363636363635,0.0054852010442889,0.1882510013351135,0.1513793103448276,0.0,0.003736934269673,0.0744810744810744,0.0210344827586206,0.5398230088495575,0.0,44.32830452356983,0.0212877719720217,0.0067861414126771,-288.2334384858044,-66916000000.0,11303000000.0,-91370000000.0,-65474000000.0,0.0,0.0,0.0,0.0,0.0,0.0,0.0,0.0,0.0,0.0639242126824272,0.1924290220820189,2019-10-22,2.28,amc,2801694915.0,2025-04-24,2019-09-30,0.0350877192982456,82.57578125,1957000.078125
2019-06-30,DFS,USD,1393612,2019-08-01,2019-08-01 16:24:30,2019,Q2,2852000000.0,0.0,2852000000.0,1.0,0,427000000.0,224000000.0,651000000.0,-117000000.0,534000000.0,534000000.0,2977000000.0,645000000.0,103000000.0,1090000000.0,0.3821879383,987000000.0,0.3460729313,0.0,987000000.0,0.3460729313,234000000.0,747000000.0,0.2619214586,2.32,2.32,322000000,323000000,https://www.sec.gov/Archives/edgar/data/1393612/000139361219000039/0001393612-19-000039-index.htm,https://www.sec.gov/Archives/edgar/data/1393612/000139361219000039/dfs630201910q.htm,8.857142857142858,2.319875776397516,4.900621118012422,4.686335403726708,36.29503105590062,35.692546583850934,34.40372670807454,35.692546583850934,80.14906832298136,25302760000.0,39152760000.0,8.468125836680052,8.871935483870967,16.03470215462611,16.767899271040424,2.201580092230053,2.201580092230053,13.728176718092566,35.91996330275229,24.811634980988597,25.946163021868788,0.0295224710663975,0.0596377628369395,2.189419646741495,0.2272936670671231,12.706422018348624,0.157823662070735,1.5302325581395348,2.095617529880478,0.0057306001400637,0.1941097724230254,0.149719495091164,0.0,0.0037486337810617,0.0437262357414448,0.0241935483870967,0.6699029126213593,0.0,43.16307646473839,0.0205423395896988,0.0067729300402567,-271.8229813664596,-62364000000.0,11078000000.0,-87527000000.0,-60941000000.0,0.0,0.0,0.0,0.0,0.0,0.0,0.0,0.0,0.0,0.0649960845732184,0.2142857142857142,2019-07-23,2.11,amc,2593844827.0,2025-04-24,2019-06-30,0.0995260663507108,77.44476190476192,1737773.650793651
2019-03-31,DFS,USD,1393612,2019-05-02,2019-05-02 16:52:31,2019,Q1,2763000000.0,0.0,2763000000.0,1.0,0,425000000.0,195000000.0,620000000.0,-110000000.0,510000000.0,510000000.0,2937000000.0,632000000.0,99000000.0,1029000000.0,0.3724212812,930000000.0,0.3365906623,0.0,930000000.0,0.3365906623,204000000.0,705000000.0,0.2551574376,2.15,2.15,328000000,328000000,https://www.sec.gov/Archives/edgar/data/1393612/000139361219000029/0001393612-19-000029-index.htm,https://www.sec.gov/Archives/edgar/data/1393612/000139361219000029/dfs331201910q.htm,8.423780487804878,2.149390243902439,7.118902439024391,6.868902439024391,49.676829268292686,34.326219512195124,33.0609756097561,34.326219512195124,82.03658536585365,24108000000.0,34215000000.0,8.548936170212766,8.725298588490771,10.324625267665953,10.700399467376831,2.141220357047695,2.141220357047695,12.38327904451683,33.25072886297376,14.653104925053531,15.18641810918775,0.0292434046789447,0.0934544549527127,2.333777422506439,0.2373193641618497,9.822157434402332,0.2226412516226002,1.4715189873417722,3.216253443526171,0.0055583208893313,0.1900709219858156,0.1538183134274339,0.0,0.0037481936416184,0.0351177730192719,0.0296778863554107,0.8282828282828283,0.0,40.74383302924786,0.019341947515652,0.0063913693848873,-253.5579268292683,-56891000000.0,10844000000.0,-83167000000.0,-55496000000.0,0.0,0.0,0.0,0.0,0.0,0.0,0.0,0.0,0.0,0.0626165734079403,0.25,2019-04-25,2.02,amc,2595934883.0,2025-04-24,2019-03-31,0.0643564356435643,68.46803278688525,2268448.557377049
2018-12-31,DFS,USD,1393612,2019-02-20,2019-02-20 16:56:07,2018,Q4,2807000000.0,0.0,2807000000.0,1.0,0,414000000.0,230000000.0,644000000.0,-157000000.0,487000000.0,487000000.0,2907000000.0,605000000.0,109000000.0,1006000000.0,0.3583897399,897000000.0,0.3195582472,-250000000.0,897000000.0,0.3195582472,210000000.0,681000000.0,0.2426077663,2.04,2.03,335000000,335000000,https://www.sec.gov/Archives/edgar/data/1393612/000139361219000011/0001393612-19-000011-index.htm,https://www.sec.gov/Archives/edgar/data/1393612/000139361219000011/dfs1231201810k.htm,8.379104477611941,2.032835820895522,2.271641791044776,2.04179104477612,39.69850746268656,33.223880597014926,31.982089552238804,33.223880597014926,83.08358208955224,19758300000.0,33687300000.0,7.2534140969163,7.038938368364803,25.963600525624177,28.88640350877193,1.7752291105121292,1.7752291105121292,12.001175632347705,33.48638170974155,44.267148488830486,49.25043859649123,0.0344665279907684,0.0346183629158379,2.4463611859838275,0.2485372376840433,13.845924453280318,0.1867968256197766,1.4826446280991736,1.1077147016011646,0.007642357895163,0.2217327459618208,0.1474884218026362,0.0,0.0037972488202057,0.1011826544021025,0.027431421446384,0.7064220183486238,0.0288564303526897,38.98231173496862,0.0179102142968872,0.0062398636576046,-254.10149253731345,-57896000000.0,10714000000.0,-85124000000.0,-56544000000.0,0.0,0.0,0.0,0.0,0.0,0.0,0.0,0.0,0.0,0.0611859838274932,0.2298507462686567,2019-01-24,2.06,amc,2848482758.0,2025-04-24,2018-12-31,-0.0145631067961166,69.03682539682539,2250178.4285714286
2018-09-30,DFS,USD,1393612,2018-10-31,2018-10-31 16:48:30,2018,Q3,2724000000.0,0.0,2724000000.0,1.0,0,408000000.0,218000000.0,626000000.0,-108000000.0,518000000.0,518000000.0,2781000000.0,558000000.0,110000000.0,1077000000.0,0.3953744493,967000000.0,0.3549926579,0.0,967000000.0,0.3549926579,247000000.0,699000000.0,0.2566079295,2.05,2.05,341000000,342000000,https://www.sec.gov/Archives/edgar/data/1393612/000139361218000051/0001393612-18-000051-index.htm,https://www.sec.gov/Archives/edgar/data/1393612/000139361218000051/dfs930201810q.htm,7.988269794721408,2.0498533724340176,4.709677419354839,4.536656891495602,46.976539589442815,32.3049853372434,31.082111436950147,32.3049853372434,80.80938416422288,26164930000.0,37143930000.0,9.357986409155938,9.605334067547725,16.291986301369864,16.91333548804137,2.3751751997095134,2.3751751997095134,13.63580396475771,34.4883286908078,23.12822540473225,24.010297349709116,0.0267151488652941,0.0591249431968669,2.45079883805374,0.2550783242947034,10.19405756731662,0.2361709028719703,1.732974910394265,2.230555555555556,0.0052360163012092,0.1959942775393419,0.1497797356828193,0.0,0.0039398348481699,0.0367372353673723,0.0216593245227606,0.5363636363636364,0.0,38.60001127784223,0.0189403903824906,0.0066303059046715,-231.1055718475073,-51809000000.0,10599000000.0,-78807000000.0,-50496000000.0,0.0,0.0,0.0,0.0,0.0,0.0,0.0,0.0,0.0,0.0634531590413943,0.1730205278592375,2018-10-25,2.05,amc,2724000000.0,2025-04-24,2018-09-30,0.0,75.2884126984127,1940155.603174603
2018-06-30,DFS,USD,1393612,2018-08-01,2018-08-01 17:12:50,2018,Q2,2603000000.0,0.0,2603000000.0,1.0,0,400000000.0,224000000.0,624000000.0,-89000000.0,535000000.0,535000000.0,2636000000.0,507000000.0,109000000.0,986000000.0,0.3787936996,877000000.0,0.3369189397,0.0,877000000.0,0.3369189397,208000000.0,663000000.0,0.2547061083,1.91,1.91,348000000,348000000,https://www.sec.gov/Archives/edgar/data/1393612/000139361218000039/0001393612-18-000039-index.htm,https://www.sec.gov/Archives/edgar/data/1393612/000139361218000039/dfs630201810q.htm,7.479885057471264,1.9051724137931032,4.557471264367816,4.385057471264368,45.87068965517241,31.29022988505747,30.091954022988507,31.29022988505747,76.89367816091954,24502680000.0,35465680000.0,9.239321266968323,9.413246254321937,15.44935687263556,16.05680209698558,2.250223160988153,2.250223160988153,13.624925086438724,35.96924949290061,22.36171500630517,23.24094364351245,0.0270582646469692,0.0622789017364631,2.410873358435118,0.2554914307403334,11.11866125760649,0.2433013260173754,1.7297830374753451,2.3707025411061284,0.00497904718994,0.1840120663650075,0.1536688436419516,0.0,0.0040583546632149,0.0378310214375788,0.0230503265462927,0.5504587155963303,0.0,36.62374725448996,0.0180124390834926,0.0064787851544941,-218.1005747126437,-49647000000.0,10472000000.0,-75899000000.0,-48356000000.0,0.0,0.0,0.0,0.0,0.0,0.0,0.0,0.0,0.0,0.0608871338047571,0.1724137931034483,2018-07-26,1.88,amc,2562115183.0,2025-04-24,2018-06-30,0.0159574468085106,73.3484375,2063464.171875
2018-03-31,DFS,USD,1393612,2018-05-01,2018-05-01 17:01:03,2018,Q1,2575000000.0,0.0,2575000000.0,1.0,0,405000000.0,185000000.0,590000000.0,-115000000.0,475000000.0,475000000.0,2569000000.0,469000000.0,107000000.0,963000000.0,0.3739805825,856000000.0,0.3324271845,0.0,856000000.0,0.3324271845,190000000.0,646000000.0,0.2508737864,1.82,1.82,355000000,355000000,https://www.sec.gov/Archives/edgar/data/1393612/000139361218000025/0001393612-18-000025-index.htm,https://www.sec.gov/Archives/edgar/data/1393612/000139361218000025/dfs331201810q.htm,7.253521126760563,1.819718309859155,3.487323943661972,3.323943661971831,49.8112676056338,30.622535211267607,29.44788732394366,30.622535211267607,75.24788732394366,25535150000.000004,34768150000.0,9.882023993808051,9.91656310679612,20.626130856219717,21.639957627118648,2.348923742066048,2.348923742066048,13.502194174757282,36.1039979231568,28.084127625201937,29.464533898305085,0.0252984611408196,0.0462108113717757,2.414129334927789,0.2573773868016122,9.587746625129803,0.2726669956207981,1.8251599147121536,1.8588588588588588,0.005560962046434,0.2198142414860681,0.1572815533980582,0.0,0.0040895583865368,0.0468497576736672,0.0225242718446601,0.5420560747663551,0.0,35.40902046669228,0.0179442274013202,0.0063613983259478,-206.79718309859155,-47169000000.0,10454000000.0,-73413000000.0,-45904000000.0,0.0,0.0,0.0,0.0,0.0,0.0,0.0,0.0,0.0,0.0594241560114064,0.1633802816901408,2018-04-26,1.77,amc,2504258241.0,2025-04-24,2018-03-31,0.0282485875706214,77.2016393442623,2315298.557377049
2017-12-31,DFS,USD,1393612,2018-02-21,2018-02-21 16:25:19,2017,Q4,2614000000.0,0.0,2614000000.0,1.0,0,411000000.0,213000000.0,624000000.0,-117000000.0,507000000.0,507000000.0,2556000000.0,436000000.0,104000000.0,1003000000.0,0.383703137,899000000.0,0.343917368,-197000000.0,899000000.0,0.343917368,512000000.0,359000000.0,0.1373374139,0.99,0.99,362000000,362000000,https://www.sec.gov/Archives/edgar/data/1393612/000139361218000012/0001393612-18-000012-index.htm,https://www.sec.gov/Archives/edgar/data/1393612/000139361218000012/dfs1231201710k.htm,7.220994475138122,0.9917127071823204,4.486187845303867,4.328729281767956,38.613259668508285,30.08839779005525,28.933701657458563,30.08839779005525,73.92817679558011,27845040000.0,40865040000.0,19.39069637883009,10.652272379495027,17.145960591133008,17.769649010848756,2.5564671318398826,2.5564671318398826,15.633144605967866,40.74281156530409,25.16320197044335,26.07851946394384,0.0128927809046063,0.0562757316922511,2.4170033051781123,0.2630311628882872,12.981056829511466,0.2223353321986989,2.061926605504587,4.196382428940568,0.0049200863062146,0.3816155988857939,0.157230298393267,0.0,0.0041763665610918,0.0350985221674876,0.021805661820964,0.5480769230769231,0.0286916602907421,25.910973440049883,0.0103981944220538,0.0036019223630216,-207.78176795580112,-48891000000.0,10474000000.0,-75217000000.0,-47648000000.0,0.0,0.0,0.0,0.0,0.0,0.0,0.0,0.0,0.0,0.032959970620639,0.1574585635359116,2018-01-24,1.53,amc,2665933774.0,2025-04-24,2017-12-31,0.0130718954248366,68.79587301587303,2331104.26984127
2017-09-30,DFS,USD,1393612,2017-11-02,2017-11-02 16:18:19,2017,Q3,2525000000.0,0.0,2525000000.0,1.0,0,371000000.0,203000000.0,574000000.0,-108000000.0,466000000.0,466000000.0,2476000000.0,426000000.0,101000000.0,1004000000.0,0.3976237624,903000000.0,0.3576237624,0.0,903000000.0,0.3576237624,301000000.0,589000000.0,0.2332673267,1.59,1.59,371000000,371000000,https://www.sec.gov/Archives/edgar/data/1393612/000139361217000056/0001393612-17-000056-index.htm,https://www.sec.gov/Archives/edgar/data/1393612/000139361217000056/dfs930201710q.htm,6.8059299191374665,1.587601078167116,4.183288409703504,4.026954177897574,37.525606469002696,30.153638814016173,29.026954177897576,30.153638814016173,73.21563342318059,23922080000.0,37410080000.0,10.153684210526317,9.47409108910891,15.413711340206186,16.01210174029451,2.13838205059444,2.13838205059444,14.815873267326731,37.261035856573706,24.10443298969072,25.040214190093707,0.024621604810284,0.0624527633048631,2.3900062572628946,0.2739222194902057,13.434262948207172,0.2332618457207962,2.119718309859155,2.5780730897009967,0.0058105315256867,0.2359932088285229,0.1469306930693069,0.0,0.0042824358659126,0.0373711340206185,0.0229702970297029,0.5742574257425742,0.0,32.81948908141871,0.015873852969096,0.0060602942689577,-195.41509433962264,-45762000000.0,10769000000.0,-72499000000.0,-44544000000.0,0.0,0.0,0.0,0.0,0.0,0.0,0.0,0.0,0.0,0.0526503977831411,0.1563342318059299,2017-10-24,1.54,amc,2445597484.0,2025-04-24,2017-09-30,-0.0194805194805194,60.63984126984127,2502117.333333333
2017-06-30,DFS,USD,1393612,2017-08-01,2017-08-01 17:16:43,2017,Q2,2419000000.0,0.0,2419000000.0,1.0,0,367000000.0,192000000.0,559000000.0,-97000000.0,462000000.0,462000000.0,2338000000.0,400000000.0,95000000.0,962000000.0,0.3976849938,867000000.0,0.3584125672,0.0,867000000.0,0.3584125672,321000000.0,532000000.0,0.2199255891,1.41,1.4,379000000,379000000,https://www.sec.gov/Archives/edgar/data/1393612/000139361217000041/0001393612-17-000041-index.htm,https://www.sec.gov/Archives/edgar/data/1393612/000139361217000041/dfs630201710q.htm,6.382585751978892,1.403693931398417,2.688654353562005,2.54089709762533,34.1688654353562,29.70712401055409,28.601583113456464,29.70712401055409,70.81266490765171,23570010000.0,37058010000.0,11.076132518796992,9.743699875981813,23.1305299313052,24.475607476635517,2.09343725019984,2.09343725019984,15.31955766845804,38.52183991683992,36.36703631010795,38.48183800623053,0.0225710553368454,0.0408570043033498,2.3481659117150726,0.2819842785072048,14.02079002079002,0.2310024973242954,2.1675,1.8663003663003663,0.0052609226724978,0.2330827067669172,0.1517155849524596,0.0,0.0044689996480262,0.0549558390578999,0.0231500620090946,0.5894736842105263,0.0,30.63076016181425,0.0144839111865665,0.0056997150142492,-183.5039577836412,-43110000000.0,10840000000.0,-69548000000.0,-41917000000.0,0.0,0.0,0.0,0.0,0.0,0.0,0.0,0.0,0.0,0.0472510880184741,0.1477572559366754,2017-07-26,1.45,amc,2505392857.0,2025-04-24,2017-06-30,-0.0344827586206896,61.93793650793651,3355740.4285714286
2017-03-31,DFS,USD,1393612,2017-05-02,2017-05-02 16:19:54,2017,Q1,2339000000.0,0.0,2339000000.0,1.0,0,363000000.0,168000000.0,531000000.0,-102000000.0,429000000.0,429000000.0,2278000000.0,386000000.0,93000000.0,961000000.0,0.4108593416,868000000.0,0.3710987602,0.0,868000000.0,0.3710987602,304000000.0,551000000.0,0.2355707567,1.43,1.43,386000000,386000000,https://www.sec.gov/Archives/edgar/data/1393612/000139361217000025/0001393612-17-000025-index.htm,https://www.sec.gov/Archives/edgar/data/1393612/000139361217000025/dfs331201710q.htm,6.05958549222798,1.427461139896373,2.6243523316062176,2.502590673575129,39.28238341968912,29.1839378238342,28.09585492227979,29.1839378238342,70.48963730569949,26398540000.0,38058540000.0,11.977558983666064,11.286250534416418,26.059763079960515,27.32768115942029,2.3434123391034176,2.3434123391034176,16.27128687473279,39.60305931321541,37.57012833168805,39.39807453416149,0.020872366426325,0.0365929327909801,2.381091877496671,0.2829579619178227,12.133194588969824,0.2673920327296453,2.2487046632124352,1.796099290780142,0.0048108721164124,0.2304900181488203,0.1551945275758871,0.0,0.0044306134289783,0.0463968410661401,0.0200940572894399,0.5053763440860215,0.0,30.61578164828056,0.014807813484562,0.0058384105960264,-177.11658031088083,-41544000000.0,10845000000.0,-68367000000.0,-40374000000.0,0.0,0.0,0.0,0.0,0.0,0.0,0.0,0.0,0.0,0.0489125610297381,0.121761658031088,2017-04-25,1.43,amc,2355356643.0,2025-04-24,2017-03-31,0.0,70.20161290322581,2275449.483870968
2016-12-31,DFS,USD,1393612,2017-02-23,2017-02-22 17:54:42,2016,Q4,2358000000.0,0.0,2358000000.0,1.0,0,352000000.0,176000000.0,528000000.0,-113000000.0,415000000.0,415000000.0,2258000000.0,366000000.0,89000000.0,972000000.0,0.4122137405,883000000.0,0.3744698897,-194000000.0,883000000.0,0.3744698897,320000000.0,550000000.0,0.2332485157,1.4,1.4,392000000,393000000,https://www.sec.gov/Archives/edgar/data/1393612/000139361217000012/0001393612-17-000012-index.htm,https://www.sec.gov/Archives/edgar/data/1393612/000139361217000012/dfs1231201610k.htm,6.01530612244898,1.403061224489796,3.295918367346939,3.1760204081632653,30.392857142857142,28.88520408163265,27.81122448979592,28.88520408163265,65.83928571428571,28259280000.0,41788280000.0,12.845127272727272,11.98442748091603,21.87250773993808,22.69821686746988,2.4957414112867613,2.4957414112867613,17.721916878710772,42.992057613168726,32.34386996904025,33.56488353413655,0.0194626331597974,0.0440563241526323,2.2470193411640023,0.2756315812280626,13.918724279835391,0.2145043390587303,2.412568306010929,2.294849023090586,0.004529485535371,0.2327272727272727,0.1492790500424088,0.0,0.0045608181306062,0.0363777089783281,0.0199321458863443,0.5280898876404494,0.0271416454622561,30.197242766340377,0.0153130609802534,0.0059856127635029,-176.2015306122449,-43628000000.0,10902000000.0,-69071000000.0,-42473000000.0,0.0,0.0,0.0,0.0,0.0,0.0,0.0,0.0,0.0,0.0485736995495893,0.1198979591836734,2017-01-24,1.38,amc,2324314285.0,2025-04-24,2016-12-31,0.0144927536231884,63.56666666666666,2720118.1587301586
2016-09-30,DFS,USD,1393612,2016-10-27,2016-10-27 16:35:30,2016,Q3,2301000000.0,0.0,2301000000.0,1.0,0,342000000.0,195000000.0,537000000.0,-109000000.0,428000000.0,428000000.0,2184000000.0,359000000.0,86000000.0,1047000000.0,0.4550195567,961000000.0,0.4176445024,0.0,961000000.0,0.4176445024,322000000.0,625000000.0,0.2716210343,1.56,1.56,402000000,402000000,https://www.sec.gov/Archives/edgar/data/1393612/000139361216000100/0001393612-16-000100-index.htm,https://www.sec.gov/Archives/edgar/data/1393612/000139361216000100/dfs930201610q.htm,5.723880597014926,1.554726368159204,3.276119402985074,3.1616915422885574,32.15422885572139,28.22636815920398,27.17910447761194,28.22636815920398,67.63432835820896,22733100000.0,36637100000.0,9.09324,9.879661016949152,17.26127562642369,17.885995279307632,2.003445844716665,2.003445844716665,15.922251195132551,34.992454632282715,27.81860288534548,28.825413060582218,0.0274929508074129,0.055909664761955,2.3645016303868864,0.2963298395202173,13.27984718242598,0.2468489802154151,2.6768802228412256,2.061032863849765,0.0058065112105256,0.2112,0.1486310299869621,0.0,0.0046498271501308,0.034927866362946,0.0199913081269013,0.5348837209302325,0.0,31.422862285697104,0.0167378264400031,0.0069351975144252,-164.8457711442786,-39438000000.0,10926000000.0,-66268000000.0,-38295000000.0,0.0,0.0,0.0,0.0,0.0,0.0,0.0,0.0,0.0,0.0550806380541112,0.1144278606965174,2016-10-25,1.47,amc,2168250000.0,2025-04-24,2016-09-30,0.0612244897959184,57.28390625,2608847.265625
2016-06-30,DFS,USD,1393612,2016-08-02,2016-08-02 17:05:26,2016,Q2,2216000000.0,0.0,2216000000.0,1.0,0,340000000.0,198000000.0,538000000.0,-106000000.0,432000000.0,432000000.0,2090000000.0,339000000.0,92000000.0,0.0,0.0,898000000.0,0.405234657,-195000000.0,898000000.0,0.405234657,282000000.0,602000000.0,0.2716606498,1.47,1.47,410000000,411000000,https://www.sec.gov/Archives/edgar/data/1393612/000139361216000085/0001393612-16-000085-index.htm,https://www.sec.gov/Archives/edgar/data/1393612/000139361216000085/dfs630201610q.htm,5.404878048780488,1.4682926829268292,1.604878048780488,1.5073170731707315,29.775609756097563,27.797560975609755,26.76829268292683,27.797560975609755,61.02439024390244,21971900000.0,34985900000.0,9.124543189368772,9.915117328519855,33.3919452887538,35.55323624595469,1.927866982539265,1.927866982539265,15.787861010830325,0.0,53.17006079027355,56.61148867313915,0.0273986318889126,0.0281268347298139,2.165569886812319,0.2820331158368662,0.0,0.2373573386736142,2.6489675516224187,1.068181818181818,0.0056890846945416,0.207641196013289,0.1534296028880866,0.0,0.0048222509170275,0.060790273556231,0.0180505415162454,0.4347826086956521,0.0,30.30406731996968,0.0170741171905316,0.0069124688537013,-155.86829268292684,-39225000000.0,10975000000.0,-63906000000.0,-38095000000.0,0.0,0.0,0.0,0.0,0.0,0.0,0.0,0.0,0.0,0.0528209177853821,0.0975609756097561,2016-07-19,1.42,amc,2140625850.0,2025-04-24,2016-06-30,0.0352112676056338,54.3996875,3257838.296875
2016-03-31,DFS,USD,1393612,2016-04-28,2016-04-28 16:58:42,2016,Q1,2224000000.0,0.0,2224000000.0,1.0,0,345000000.0,162000000.0,507000000.0,-107000000.0,400000000.0,400000000.0,2084000000.0,334000000.0,84000000.0,0.0,0.0,914000000.0,0.410971223,-195000000.0,914000000.0,0.410971223,339000000.0,562000000.0,0.2526978417,1.35,1.35,417000000,417000000,https://www.sec.gov/Archives/edgar/data/1393612/000139361216000070/0001393612-16-000070-index.htm,https://www.sec.gov/Archives/edgar/data/1393612/000139361216000070/dfs331201610q.htm,5.333333333333333,1.3477218225419665,2.776978417266187,2.6666666666666665,31.48441247002398,27.136690647482013,26.124700239808156,27.136690647482013,60.15827338129496,21233640000.0,33850640000.0,9.445569395017792,9.5475,18.336476683937825,19.095,1.876426299045599,1.876426299045599,15.220611510791366,0.0,29.231986183074262,30.441223021582733,0.0264674356351525,0.0523697302958889,2.1873453517143866,0.2809757869524252,0.0,0.2523594425756847,2.736526946107785,2.013913043478261,0.0060752654749727,0.2295373665480427,0.1551258992805755,0.0,0.0047903919721203,0.0397236614853195,0.02068345323741,0.5476190476190477,0.0,28.685989245389376,0.0159421093490074,0.0064103295274378,-152.63309352517985,-38896000000.0,10894000000.0,-63648000000.0,-37768000000.0,0.0,0.0,0.0,0.0,0.0,0.0,0.0,0.0,0.0,0.0496641922940968,0.1103117505995203,2016-04-19,1.29,amc,2125155555.0,2025-04-24,2016-03-31,0.0465116279069767,48.190327868852464,3941093.049180328
2015-12-31,DFS,USD,1393612,2016-02-24,2016-02-24 16:49:41,2015,Q4,2205000000.0,0.0,2205000000.0,1.0,0,333000000.0,196000000.0,529000000.0,-123000000.0,406000000.0,406000000.0,2061000000.0,329000000.0,100000000.0,0.0,0.0,788000000.0,0.3573696145,-210000000.0,788000000.0,0.3573696145,288000000.0,488000000.0,0.2213151927,1.15,1.14,426000000,426000000,https://www.sec.gov/Archives/edgar/data/1393612/000139361216000059/0001393612-16-000059-index.htm,https://www.sec.gov/Archives/edgar/data/1393612/000139361216000059/dfs1231201510k.htm,5.176056338028169,1.1455399061032865,2.4507042253521125,2.335680751173709,25.044600938967136,26.46713615023474,25.474178403755868,26.46713615023474,58.63615023474178,22842120000.0,37920120000.0,11.701905737704916,10.359238095238096,21.879425287356323,22.956904522613065,2.0259086474501107,2.0259086474501107,17.197333333333333,0.0,36.32195402298851,38.11067336683417,0.0213640415162865,0.0435598797309531,2.186252771618625,0.2839894468830286,0.0,0.2097141958564296,2.3951367781155017,2.088,0.0056912405678632,0.2663934426229508,0.1510204081632653,0.0,0.0048733280337331,0.0469348659003831,0.0222222222222222,0.49,0.0253968253968253,26.11859710739003,0.0139178844815588,0.0056497175141242,-152.2417840375587,-40205000000.0,10852000000.0,-64855000000.0,-39089000000.0,0.0,0.0,0.0,0.0,0.0,0.0,0.0,0.0,0.0,0.0432815964523281,0.1150234741784037,2016-01-27,1.3,amc,2514473684.0,2025-04-24,2015-12-31,-0.1230769230769231,55.48203125,3139630.34375
2015-09-30,DFS,USD,1393612,2015-10-29,2015-10-29 16:54:00,2015,Q3,2188000000.0,0.0,2188000000.0,1.0,0,337000000.0,168000000.0,505000000.0,-109000000.0,396000000.0,396000000.0,2008000000.0,323000000.0,98000000.0,0.0,0.0,974000000.0,0.4451553931,-193000000.0,974000000.0,0.4451553931,362000000.0,599000000.0,0.2737659963,1.38,1.38,433000000,434000000,https://www.sec.gov/Archives/edgar/data/1393612/000139361215000043/0001393612-15-000043-index.htm,https://www.sec.gov/Archives/edgar/data/1393612/000139361215000043/dfs930201510q.htm,5.053117782909931,1.3833718244803694,2.648960739030023,2.577367205542725,23.67205542725173,26.10392609699769,25.124711316397228,26.10392609699769,55.71131639722864,22511670000.0,36061670000.0,9.395521702838064,10.28869744058501,19.626564952048824,20.17174731182796,1.991654428027957,1.991654428027957,16.481567641681902,0.0,31.439991281604183,32.31332437275986,0.0266084213210303,0.0495742874695657,2.1056356719455014,0.2780016586653584,0.0,0.2029381484121327,3.015479876160991,1.8741830065359475,0.0058192039950834,0.2186978297161936,0.1540219378427788,0.0,0.0049526345913492,0.027027027027027,0.0141681901279707,0.3163265306122449,0.0,28.504513802121757,0.017434407315614,0.0070315893270099,-147.93995381062356,-40258000000.0,10879000000.0,-64058000000.0,-39150000000.0,0.0,0.0,0.0,0.0,0.0,0.0,0.0,0.0,0.0,0.0529947801468636,0.0715935334872979,2015-10-20,1.33,amc,2108724637.0,2025-04-24,2015-09-30,0.0375939849624058,54.83484375,3585163.421875
2015-06-30,DFS,USD,1393612,2015-07-29,2015-07-29 16:46:53,2015,Q2,2175000000.0,0.0,2175000000.0,1.0,0,326000000.0,199000000.0,525000000.0,-136000000.0,389000000.0,389000000.0,1947000000.0,311000000.0,98000000.0,0.0,0.0,942000000.0,0.4331034483,-226000000.0,942000000.0,0.4331034483,343000000.0,586000000.0,0.2694252874,1.33,1.33,441000000,442000000,https://www.sec.gov/Archives/edgar/data/1393612/000139361215000028/0001393612-15-000028-index.htm,https://www.sec.gov/Archives/edgar/data/1393612/000139361215000028/dfs630201510q.htm,4.931972789115647,1.3287981859410432,1.3605442176870748,1.253968253968254,24.0249433106576,25.53968253968254,24.575963718820866,25.53968253968254,55.678004535147394,25410420000.0,39058420000.0,10.840622866894195,11.682951724137933,42.3507,45.95012658227848,2.256096954630205,2.256096954630205,17.95789425287356,0.0,65.09736666666667,70.63005424954792,0.0230614055178938,0.0217627256849749,2.1524460623279764,0.2855107112152724,0.0,0.2138287351914266,3.0289389067524115,1.001669449081803,0.0053127811346683,0.2303754266211604,0.1498850574712643,0.0,0.0050052407815241,0.0783333333333333,0.0216091954022988,0.4795918367346938,0.0,27.633030708472905,0.0168703881034191,0.006936060412376,-142.97732426303855,-38954000000.0,10838000000.0,-63053000000.0,-37841000000.0,0.0,0.0,0.0,0.0,0.0,0.0,0.0,0.0,0.0,0.0520287667584125,0.1065759637188208,2015-07-22,1.31,amc,2158646616.0,2025-04-24,2015-06-30,0.015267175572519,58.68793650793651,3092186.698412698
2015-03-31,DFS,USD,1393612,2015-04-30,2015-04-30 17:21:32,2015,Q1,2171000000.0,0.0,2171000000.0,1.0,0,331000000.0,182000000.0,513000000.0,-121000000.0,392000000.0,392000000.0,1929000000.0,300000000.0,95000000.0,0.0,0.0,908000000.0,0.4182404422,-209000000.0,908000000.0,0.4182404422,322000000.0,573000000.0,0.2639336711,1.28,1.28,448000000,448000000,https://www.sec.gov/Archives/edgar/data/1393612/000139361215000015/0001393612-15-000015-index.htm,https://www.sec.gov/Archives/edgar/data/1393612/000139361215000015/dfs331201510q.htm,4.845982142857143,1.2790178571428572,2.372767857142857,2.28125,26.879464285714285,25.024553571428573,24.060267857142858,25.024553571428573,52.20982142857143,25244800000.0,36520800000.0,11.014310645724258,11.628189774297558,23.748635936030105,24.7013698630137,2.251788422085452,2.251788422085452,16.822109626900048,0.0,34.35634995296331,35.734637964774954,0.0226977436937507,0.0404835847382431,2.05958433681206,0.2742996982584523,0.0,0.2406330555722079,3.026666666666667,1.8139931740614337,0.0047138420585625,0.2076788830715532,0.1524643021649009,0.0,0.0051319822281356,0.0385700846660395,0.018885306310456,0.431578947368421,0.0,26.83568789708804,0.0170840500276959,0.0068421178324934,-135.99330357142858,-38001000000.0,10779000000.0,-60925000000.0,-36891000000.0,0.0,0.0,0.0,0.0,0.0,0.0,0.0,0.0,0.0,0.0511105164570511,0.0915178571428571,2015-04-21,1.27,amc,2154039062.0,2025-04-24,2015-03-31,0.0078740157480315,59.208688524590166,4416452.672131147
2014-12-31,DFS,USD,1393612,2015-02-25,2015-02-25 16:51:51,2014,Q4,2037000000.0,0.0,2037000000.0,1.0,0,314000000.0,216000000.0,530000000.0,-162000000.0,368000000.0,368000000.0,1974000000.0,302000000.0,95000000.0,0.0,0.0,648000000.0,0.3181148748,-427000000.0,648000000.0,0.3181148748,244000000.0,392000000.0,0.1924398625,0.87,0.87,452000000,453000000,https://www.sec.gov/Archives/edgar/data/1393612/000139361215000007/0001393612-15-000007-index.htm,https://www.sec.gov/Archives/edgar/data/1393612/000139361215000007/dfs1231201410k.htm,4.506637168141593,0.8672566371681416,2.2123893805309733,2.1172566371681416,24.626106194690266,24.63274336283186,23.674778761061948,24.63274336283186,50.79424778761062,29601480000.0,44974480000.0,18.878494897959182,14.531899852724592,29.60148,30.931536050156737,2.658656367882162,2.658656367882162,22.078782523318605,0.0,44.97448,46.99527690700104,0.0132425811141875,0.0323294646078506,2.034938027663014,0.272562134590862,0.0,0.2251051609771881,2.1456953642384105,2.4752475247524752,0.0040200692668069,0.3035714285714285,0.1541482572410407,0.0,0.0052089598922118,0.043,0.0211094747177221,0.4526315789473684,0.0068728522336769,21.924084448254547,0.011955846231245,0.0047404254289964,-134.64823008849558,-38317000000.0,10701000000.0,-60861000000.0,-37214000000.0,0.0,0.0,0.0,0.0,0.0,0.0,0.0,0.0,0.0,0.0352074726064307,0.0951327433628318,2015-01-21,1.3,amc,2225294117.0,2025-04-24,2014-12-31,-0.0846153846153846,64.1721875,2649913.328125
2014-09-30,DFS,USD,1393612,2014-10-28,2014-10-28 17:04:24,2014,Q3,2190000000.0,0.0,2190000000.0,1.0,0,320000000.0,182000000.0,502000000.0,-104000000.0,398000000.0,398000000.0,1926000000.0,288000000.0,93000000.0,0.0,0.0,1009000000.0,0.4607305936,-187000000.0,1009000000.0,0.4607305936,365000000.0,630000000.0,0.2876712329,1.37,1.37,460000000,461000000,https://www.sec.gov/Archives/edgar/data/1393612/000139361214000044/0001393612-14-000044-index.htm,https://www.sec.gov/Archives/edgar/data/1393612/000139361214000044/dfs930201410q.htm,4.760869565217392,1.3695652173913044,2.2934782608695654,2.230434782608695,24.55434782608696,24.567391304347822,23.565217391304348,24.567391304347822,46.40217391304348,29619400000.0,43294400000.0,11.75373015873016,13.524840182648402,28.075260663507105,28.86881091617934,2.6209538978851428,2.6209538978851428,19.769132420091324,0.0,41.03734597156398,42.19727095516569,0.0212698434134384,0.0346394592733141,1.8632864348287763,0.2612660677949278,0.0,0.2334787192260785,3.5034722222222223,1.6381987577639752,0.0040513987454168,0.1904761904761904,0.1461187214611872,0.0,0.0057198868430195,0.0274881516587677,0.01324200913242,0.3118279569892473,0.0063926940639269,27.514532592445004,0.0199023425428024,0.007861733325014,-126.08695652173913,-37082000000.0,10840000000.0,-58000000000.0,-35960000000.0,0.0,0.0,0.0,0.0,0.0,0.0,0.0,0.0,0.0,0.0557472790018582,0.0630434782608695,2014-10-21,1.34,amc,2142043795.0,2025-04-24,2014-09-30,0.0223880597014925,62.68296875,2192732.9375
2014-06-30,DFS,USD,1393612,2014-08-01,2014-07-31 18:31:15,2014,Q2,2172000000.0,0.0,2172000000.0,1.0,0,301000000.0,168000000.0,469000000.0,-107000000.0,362000000.0,362000000.0,1863000000.0,274000000.0,91000000.0,0.0,0.0,1015000000.0,0.4673112339,-194000000.0,1015000000.0,0.4673112339,371000000.0,630000000.0,0.2900552486,1.35,1.35,466000000,467000000,https://www.sec.gov/Archives/edgar/data/1393612/000139361214000032/0001393612-14-000032-index.htm,https://www.sec.gov/Archives/edgar/data/1393612/000139361214000032/dfs630201410q.htm,4.660944206008583,1.351931330472103,1.3776824034334765,1.3133047210300428,23.34549356223176,24.42274678111588,23.429184549356226,24.42274678111588,43.8862660944206,28882680000.0,42180680000.0,11.461380952380951,13.297734806629837,44.98859813084112,47.19392156862745,2.537798084526843,2.537798084526843,19.42020257826888,0.0,65.7019937694704,68.9226797385621,0.0218123802915795,0.0211891694261058,1.7728670591336435,0.2556089033026337,0.0,0.2290364007663319,3.704379562043796,0.9968944099378882,0.0042239847548773,0.1936507936507936,0.1385819521178637,0.0,0.0058654369940585,0.0467289719626168,0.0138121546961325,0.3296703296703296,0.0064456721915285,27.256232725112405,0.0204068698903606,0.0080281367076993,-121.62446351931332,-36620000000.0,10918000000.0,-56677000000.0,-35492000000.0,0.0,0.0,0.0,0.0,0.0,0.0,0.0,0.0,0.0,0.0553554169229417,0.0643776824034334,2014-07-22,1.3,amc,2091555555.0,2025-04-24,2014-06-30,0.0384615384615384,58.40539682539683,2512712.6666666665
2014-03-31,DFS,USD,1393612,2014-04-29,2014-04-29 17:29:37,2014,Q1,2078000000.0,0.0,2078000000.0,1.0,0,307000000.0,169000000.0,476000000.0,-102000000.0,374000000.0,374000000.0,1833000000.0,270000000.0,90000000.0,0.0,0.0,1022000000.0,0.4918190568,-186000000.0,1022000000.0,0.4918190568,391000000.0,618000000.0,0.2974013474,1.31,1.31,471000000,472000000,https://www.sec.gov/Archives/edgar/data/1393612/000139361214000021/0001393612-14-000021-index.htm,https://www.sec.gov/Archives/edgar/data/1393612/000139361214000021/dfs331201410q.htm,4.411889596602973,1.3121019108280254,2.397027600849257,2.305732484076433,26.82165605095541,23.39915074309979,22.409766454352443,23.39915074309979,43.68577494692144,27407490000.0,38982490000.0,11.087172330097088,13.189359961501443,24.27589902568645,25.237099447513813,2.4868423917974773,2.4868423917974773,18.75961982675649,0.0,34.52833480956599,35.8954788213628,0.022548580698196,0.0396242049162473,1.842482533345432,0.2551517893043828,0.0,0.2611149004774601,3.785185185185185,1.7892234548335977,0.0038675559126355,0.1715210355987055,0.1477382098171318,0.0,0.0058554483313228,0.0380868024800708,0.0206929740134744,0.4777777777777778,0.0086621751684311,26.283009417491,0.0201423692022855,0.0078111175712227,-118.74734607218684,-35748000000.0,10555000000.0,-55930000000.0,-34614000000.0,0.0,0.0,0.0,0.0,0.0,0.0,0.0,0.0,0.0,0.0560747663551401,0.0912951167728237,2014-04-22,1.25,amc,1982824427.0,2025-04-24,2014-03-31,0.048,56.00393442622951,3242227.672131148
2013-12-31,DFS,USD,1393612,2014-02-25,2014-02-24 21:54:52,2013,Q4,2129000000.0,0.0,2129000000.0,1.0,0,297000000.0,189000000.0,486000000.0,-133000000.0,353000000.0,353000000.0,1842000000.0,273000000.0,87000000.0,0.0,0.0,937000000.0,0.440112729,-222000000.0,937000000.0,0.440112729,335000000.0,588000000.0,0.2761860028,1.24,1.23,475000000,477000000,https://www.sec.gov/Archives/edgar/data/1393612/000139361214000012/0001393612-14-000012-index.htm,https://www.sec.gov/Archives/edgar/data/1393612/000139361214000012/dfs1231201310k.htm,4.482105263157894,1.2378947368421052,2.0673684210526315,1.953684210526316,16.385263157894737,22.75578947368421,21.768421052631577,22.75578947368421,43.97263157894737,26576250000.0,40636250000.0,11.299426020408164,12.482973226867074,27.06339103869654,28.638200431034484,2.45871495975576,2.45871495975576,19.08701268201033,0.0,41.3811099796334,43.7890625,0.0221250176379286,0.0349183951836696,1.90711444166898,0.2598185026468364,0.0,0.1619535135360093,3.432234432234432,1.6312292358803986,0.0039508960067729,0.1785714285714285,0.1395021136683889,0.0,0.0059112679606755,0.054989816700611,0.0253640206669798,0.6206896551724138,0.0065758572099577,25.175556011707368,0.019157941635108,0.00745521167476,-127.89052631578949,-40274000000.0,10340000000.0,-60748000000.0,-39151000000.0,0.0,0.0,0.0,0.0,0.0,0.0,0.0,0.0,0.0,0.054399111851235,0.1136842105263157,2014-01-23,1.18,amc,2042455284.0,2025-04-24,2013-12-31,0.0423728813559322,52.41234375,2919043.859375
2013-09-30,DFS,USD,1393612,2013-11-01,2013-10-31 19:05:47,2013,Q3,2062000000.0,0.0,2062000000.0,1.0,0,292000000.0,174000000.0,466000000.0,-118000000.0,348000000.0,348000000.0,1787000000.0,278000000.0,84000000.0,0.0,0.0,946000000.0,0.4587778855,-201000000.0,946000000.0,0.4587778855,353000000.0,579000000.0,0.2807953443,1.2,1.2,482000000,484000000,https://www.sec.gov/Archives/edgar/data/1393612/000139361213000043/0001393612-13-000043-index.htm,https://www.sec.gov/Archives/edgar/data/1393612/000139361213000043/dfs930201310q.htm,4.278008298755187,1.2012448132780082,0.9294605809128632,0.8049792531120332,21.941908713692943,21.99585062240664,21.016597510373444,21.99585062240664,39.558091286307054,24360280000.0,37526280000.0,10.51825561312608,11.813908826382152,54.375625,62.78422680412371,2.297706093189964,2.297706093189964,18.19897187196896,0.0,83.76401785714286,96.71721649484536,0.0237681997087061,0.0159275673350224,1.7722127900396152,0.2487159800910727,0.0,0.2285368541608142,3.402877697841727,0.7554806070826307,0.0043923961465139,0.1848013816925734,0.1416100872938894,0.0,0.0062480144022026,0.1339285714285714,0.02909796314258,0.7142857142857143,0.0067895247332686,24.38245338682279,0.0201762444285665,0.0077125959079283,-112.79253112033194,-35701000000.0,10130000000.0,-54366000000.0,-34590000000.0,0.0,0.0,0.0,0.0,0.0,0.0,0.0,0.0,0.0,0.05461233729485,0.1244813278008298,2013-10-21,1.21,amc,2079183333.0,2025-04-24,2013-09-30,-0.0082644628099173,50.02703125,2844402.09375
2013-06-30,DFS,USD,1393612,2013-07-30,2013-07-30 17:16:17,2013,Q2,2041000000.0,0.0,2041000000.0,1.0,0,285000000.0,185000000.0,470000000.0,-144000000.0,326000000.0,326000000.0,1727000000.0,297000000.0,95000000.0,0.0,0.0,981000000.0,0.4806467418,-1000000.0,981000000.0,0.4806467418,379000000.0,588000000.0,0.2880940715,1.2,1.2,489000000,490000000,https://www.sec.gov/Archives/edgar/data/1393612/000139361213000030/0001393612-13-000030-index.htm,https://www.sec.gov/Archives/edgar/data/1393612/000139361213000030/dfs630201310q.htm,4.173824130879345,1.2024539877300613,1.2167689161554192,1.098159509202454,21.70961145194274,21.36605316973415,20.394683026584868,21.36605316973415,38.01840490797546,23755620000.0,36305620000.0,10.100178571428572,11.63920627143557,39.925411764705885,44.237653631284914,2.273700229709035,2.273700229709035,17.788152866242037,0.0,61.0178487394958,67.60823091247673,0.0247520376230971,0.0226051772170122,1.7509571209800918,0.2441022630230572,0.0,0.2284828788498375,3.303030303030303,0.9883720930232558,0.0045462926246505,0.1836734693877551,0.1396374326310632,0.0,0.0063380657557643,0.0974789915966386,0.0284174424301812,0.6105263157894737,0.0068593826555609,24.04294400255479,0.0209442298994537,0.0078959029931917,-110.1840490797546,-35847000000.0,9973000000.0,-53880000000.0,-34765000000.0,0.0,0.0,0.0,0.0,0.0,0.0,0.0,0.0,0.0,0.0562787136294027,0.1186094069529652,2013-07-23,1.15,amc,1955958333.0,2025-04-24,2013-06-30,0.0434782608695652,45.87921875,4324071.140625
2013-03-31,DFS,USD,1393612,2013-04-30,2013-04-30 17:25:54,2013,Q1,1992000000.0,0.0,1992000000.0,1.0,0,290000000.0,169000000.0,459000000.0,-93000000.0,366000000.0,366000000.0,1708000000.0,298000000.0,68000000.0,0.0,0.0,1080000000.0,0.5421686747,2000000.0,1080000000.0,0.5421686747,407000000.0,659000000.0,0.3308232932,1.33,1.33,496000000,497000000,https://www.sec.gov/Archives/edgar/data/1393612/000139361213000015/0001393612-13-000015-index.htm,https://www.sec.gov/Archives/edgar/data/1393612/000139361213000015/dfs331201310q.htm,4.016129032258065,1.3286290322580645,3.0080645161290325,2.8891129032258065,26.739919354838708,20.764112903225808,19.81048387096774,20.764112903225808,39.95564516129032,21838880000.0,33291880000.0,8.284855842185129,10.963293172690763,14.637319034852544,15.239972086531752,2.1204854840275758,2.1204854840275758,16.712791164658636,0.0,22.313592493297588,23.23229588276343,0.0301755401375894,0.0656169180837112,1.895329643654724,0.2563732121514598,0.0,0.2845526711006221,3.624161073825503,2.216939078751857,0.0036174016249917,0.1198786039453717,0.145582329317269,0.0,0.0062123222001865,0.0395442359249329,0.0296184738955823,0.8676470588235294,0.0085341365461847,24.91436478674456,0.0225695026660853,0.0087093278354875,-106.00201612903226,-33347000000.0,9826000000.0,-52577000000.0,-32302000000.0,0.0,0.0,0.0,0.0,0.0,0.0,0.0,0.0,0.0,0.0639867948344499,0.1189516129032258,2013-04-30,,amc,,2025-04-24,2013-03-31,,40.41766666666667,5193704.933333334
2012-11-30,DFS,USD,1393612,2013-01-25,2013-01-24 17:38:48,2012,Q4,2016000000.0,0.0,2016000000.0,1.0,0,280000000.0,187000000.0,467000000.0,-122000000.0,345000000.0,345000000.0,1740000000.0,312000000.0,-491000000.0,1186996000.0,0.5887876984,843000000.0,0.4181547619,352000000.0,843000000.0,0.4181547619,304000000.0,539000000.0,0.2673611111,1.06,1.06,500000000,502000000,,,4.032,1.078,1.763592,1.684962,9.952,19.556,18.604,19.556,40.65,20805000000.0,36892000000.0,9.649814471243042,10.319940476190476,23.59389246492385,24.694918935857302,2.127735733278789,2.127735733278789,18.299603174603178,31.08013843349093,41.8373410630123,43.78971157806527,0.0259072338380197,0.0404941600576784,2.046737574146042,0.2658369087310548,13.552699419374624,0.1087032506116742,2.701923076923077,1.6011781005489207,0.0024089882239846,0.0929851576994434,0.1388888888888889,0.0,0.0063228086022076,0.0445851421417198,0.019501488095238,0.1314900533786405,0.0054027777777777,21.77913634651292,0.0180927125641972,0.0072052080687636,-121.058,-40800000000.0,9302000000.0,-60529000000.0,-39790000000.0,0.0,0.0,0.0,0.0,0.0,0.0,0.0,0.0,0.0,0.0551237471875639,0.07863,2013-04-23,1.13,bmo,1692451127.0,2025-04-24,2012-11-30,0.176991150442478,40.18935483870968,4505121.612903226
2012-08-31,DFS,USD,1393612,2012-10-04,2012-10-03 20:02:01,2012,Q3,1964000000.0,0.0,1964000000.0,1.0,0,274000000.0,161000000.0,435000000.0,0.0,268283000.0,268283000.0,1695000000.0,325000000.0,-4430000.0,0.0,0.0,1012000000.0,0.5152749491,-320880000.0,1012000000.0,0.5152749491,385000000.0,620770000.0,0.3160743381,1.21,1.21,513000000,514000000,https://www.sec.gov/Archives/edgar/data/1393612/000139361212000027/0001393612-12-000027-index.htm,https://www.sec.gov/Archives/edgar/data/1393612/000139361212000027/dfs831201210q.htm,3.828460038986355,1.2100779727095516,1.2795945419103314,1.184682261208577,12.159571150097468,17.82829044834308,16.8941306042885,17.82829044834308,38.637918128654974,19868490000.0,33127132000.0,8.001550493741643,10.116339103869654,30.2674001267458,32.69231022374626,2.1723900063339765,2.1723900063339765,16.86717515274949,0.0,50.465443488434445,54.50854474431584,0.0312439445574374,0.0305882329256023,2.1316900783989525,0.2637884511077077,0.0,0.1370457106256398,3.1138461538461537,1.0474655569136695,0.0026118743799855,0.0835961789390595,0.1395112016293279,0.0,0.0064840030121502,0.0741737148706949,0.0247912423625254,-10.99097065462754,0.006040733197556,22.031942382792337,0.0218908032964686,0.0084539661476377,-114.0836081871345,-39278778000.0,8666689000.0,-58524891000.0,-38279933000.0,0.0,0.0,0.0,0.0,0.0,0.0,0.0,0.0,0.0,0.0678740329150299,0.0949122807017543,2012-12-20,1.13,bmo,2104162212.0,2025-04-24,2012-08-31,-0.0530973451327432,36.97253968253968,3927979.015873016
2012-05-31,DFS,USD,1393612,2012-06-26,2012-06-26 17:06:26,2012,Q2,1848000000.0,0.0,1848000000.0,1.0,0,249000000.0,119000000.0,368000000.0,0.0,229097000.0,229097000.0,1656000000.0,341000000.0,-12056000.0,0.0,0.0,867000000.0,0.4691558442,-328483000.0,867000000.0,0.4691558442,330000000.0,531545000.0,0.2876325758,1.01,1.0,528000000,529000000,https://www.sec.gov/Archives/edgar/data/1393612/000139361212000019/0001393612-12-000019-index.htm,https://www.sec.gov/Archives/edgar/data/1393612/000139361212000019/dfs531201210q.htm,3.5,1.0067140151515153,0.9320075757575758,0.8759015151515152,9.682422348484849,16.853897727272727,16.02071212121212,16.853897727272727,36.675960227272725,17482080000.0,31393918000.0,8.22229538421018,9.46,35.52546230440967,37.80105346007144,1.964530729673403,1.964530729673403,16.988050865800865,0.0,63.79580979475716,67.88226416073482,0.0304051348580946,0.0264542891921327,2.137791950382847,0.2639152104426809,0.0,0.1157664155229634,2.5425219941348973,0.9170858251442904,0.0030587893431445,0.100601077989634,0.1347402597402597,0.0,0.0061029580941688,0.0601991465149359,0.016030303030303,-2.457199734571997,0.0057965367965367,19.53864730910136,0.0192316197912348,0.0074193070708189,-109.98528030303032,-39048321000.0,8458936000.0,-58072228000.0,-38115955000.0,0.0,0.0,0.0,0.0,0.0,0.0,0.0,0.0,0.0,0.0597318217685909,0.0561060606060606,2012-09-27,1.03,bmo,1671834710.0,2025-04-24,2012-05-31,0.1747572815533979,33.00396825396825,5016892.396825396
2012-02-29,DFS,USD,1393612,2012-04-04,2012-04-03 17:34:21,2012,Q1,1843000000.0,0.0,1843000000.0,1.0,0,247000000.0,131000000.0,378000000.0,0.0,230929000.0,230929000.0,1646000000.0,353000000.0,-15510000.0,0.0,0.0,1014000000.0,0.5501899078,-337750000.0,1014000000.0,0.5501899078,383000000.0,624424000.0,0.3388084645,1.18,1.18,530000000,531000000,https://www.sec.gov/Archives/edgar/data/1393612/000139361212000015/0001393612-12-000015-index.htm,https://www.sec.gov/Archives/edgar/data/1393612/000139361212000015/dfs229201210q.htm,3.4773584905660377,1.1781584905660378,1.9069283018867924,1.857171698113208,11.915381132075472,16.6584,15.825092452830187,16.6584,36.0508641509434,15905300000.0,28344106000.0,6.367988738421329,8.630113944655452,15.737350990232242,16.158979824261074,1.801493540796235,1.801493540796235,15.379330439500814,0.0,28.04481176880333,28.79617718563732,0.0392588633977353,0.0618850949054717,2.124143159912977,0.2660663565928777,0.0,0.1471956763598572,2.872521246458924,1.601683660694193,0.0033644759922793,0.0856997809180941,0.134020618556701,0.0,0.0062658242376523,0.0260925404087577,0.014308735756918,-1.7002578981302383,0.0073423765599565,21.01404997812223,0.0228764840257971,0.0089146928521659,-104.41870566037736,-36587956000.0,8387299000.0,-55341914000.0,-35659783000.0,0.0,0.0,0.0,0.0,0.0,0.0,0.0,0.0,0.0,0.0707245888300219,0.0497566037735849,2012-06-19,1.0,bmo,1848200000.0,2025-04-24,2012-02-29,0.0,29.198870967741936,5723476.806451613
2011-11-30,DFS,USD,1393612,2012-01-26,2012-01-26 17:19:14,2011,Q4,1806000000.0,0.0,1806000000.0,1.0,0,229000000.0,144000000.0,373000000.0,-2548257000.0,-189982000.0,-189982000.0,1620000000.0,360000000.0,-10855000.0,0.0,0.0,818000000.0,0.4529346622,4636004000.0,818000000.0,0.4529346622,305000000.0,507123000.0,0.2807990033,0.95,0.95,532000000,533000000,https://www.sec.gov/Archives/edgar/data/1393612/000139361212000008/0001393612-12-000008-index.htm,https://www.sec.gov/Archives/edgar/data/1393612/000139361212000008/dfs1130201110k.htm,3.3947368421052637,0.9532387218045112,1.499248120300752,1.4212274436090226,16.838345864661655,15.492481203007518,14.659774436090226,15.492481203007518,35.14473684210526,12672240000.0,28159240000.0,6.247123478919315,7.016744186046512,15.887963891675025,16.760160456451786,1.537520019412764,1.537520019412764,15.59204872646733,0.0,35.304964894684055,37.24309046638442,0.0400184182117762,0.0596652998996231,2.2248240718272263,0.2653037602905219,0.0,0.2103409411101718,2.272222222222222,1.556052823077028,0.0031455370163443,0.0786022325944593,0.1267995570321151,0.0,0.0064094217052244,0.0520398696088264,0.0229828349944629,-3.8237678489175497,0.0055852713178294,18.22856939091887,0.0193009518793032,0.0073844977720825,-97.58834586466163,-33630000000.0,7799000000.0,-51917000000.0,-32704000000.0,0.0,0.0,0.0,0.0,0.0,0.0,0.0,0.0,0.0,0.0615291191458383,0.0780206766917293,2012-03-21,0.94,amc,1467993220.0,2025-04-24,2011-11-30,0.2553191489361702,23.80619047619048,6136431.349206349
2011-08-31,DFS,USD,1393612,2011-09-28,2011-09-28 17:07:43,2011,Q3,1789000000.0,0.0,1789000000.0,1.0,0,242000000.0,133000000.0,375000000.0,0.0,239440000.0,239440000.0,1599000000.0,362000000.0,40437000.0,0.0,0.0,1047000000.0,0.5852431526,-402490000.0,1047000000.0,0.5852431526,398000000.0,641772000.0,0.3587322527,1.18,1.18,544000000,545000000,https://www.sec.gov/Archives/edgar/data/1393612/000144530511002854/0001445305-11-002854-index.htm,https://www.sec.gov/Archives/edgar/data/1393612/000144530511002854/dfs831201110q.htm,3.2886029411764706,1.1797279411764705,1.0221930147058824,0.9850882352941176,7.274862132352941,14.716757352941176,13.899259191176473,14.716757352941176,33.41948529411765,13687040000.0,27547715000.0,5.331737751101638,7.65066517607602,24.61374675627121,25.54085928402949,1.7096157391608906,1.7096157391608906,15.39838736724427,0.0,49.539745680872834,51.40573216791569,0.0468890278686991,0.039152950528383,2.225629147245612,0.2710995690618096,0.0,0.0989342888229508,2.8922651933701657,0.8570554454407862,0.0021342087113064,0.0455161646192105,0.1352711011738401,0.0,0.0067662911659762,0.0362991909335644,0.0112828395751816,0.4991715508074288,0.0061766349916154,19.76461033482641,0.0251315475813383,0.0098309234112225,-98.8276213235294,-36044026000.0,7561197000.0,-53762226000.0,-35133436000.0,0.0,0.0,0.0,0.0,0.0,0.0,0.0,0.0,0.0,0.0801622200382816,0.0371047794117647,2011-12-15,0.92,bmo,1747840043.0,2025-04-24,2011-08-31,0.0326086956521738,24.94765625,7811566.546875
2011-05-31,DFS,USD,1393612,2011-07-01,2011-07-01 06:14:33,2011,Q2,1968000000.0,0.0,1968000000.0,1.0,0,230000000.0,124000000.0,354000000.0,0.0,228930000.0,228930000.0,1573000000.0,380000000.0,-10515000.0,0.0,0.0,926000000.0,0.4705284553,-369464000.0,926000000.0,0.4705284553,326000000.0,593488000.0,0.3015691057,1.09,1.09,546000000,546000000,https://www.sec.gov/Archives/edgar/data/1393612/000144530511001469/0001445305-11-001469-index.htm,https://www.sec.gov/Archives/edgar/data/1393612/000144530511001469/dfs531201110q.htm,3.604395604395605,1.086974358974359,1.7891190476190475,1.7263315018315015,6.91018315018315,13.778937728937729,12.960774725274725,13.778937728937729,33.733529304029304,13016640000.0,27282187000.0,5.483110020758634,6.614146341463415,13.324993678719242,13.809630406852705,1.730176917044382,1.730176917044382,13.862899898373984,0.0,27.92847995463009,28.944252830272752,0.045594562037515,0.0724132341372274,2.397685457179695,0.2843507013426893,0.0,0.0993518859915936,2.4368421052631577,1.6269621714169604,0.0022644092484696,0.0496640201655298,0.1168699186991869,0.0,0.0070418406718306,0.0350941128658281,0.0174197154471544,-3.260294816928198,0.0054700203252032,18.35729882412833,0.0234725189811502,0.0094218179361258,-95.496836996337,-34202766000.0,7076583000.0,-52141273000.0,-33284937000.0,0.0,0.0,0.0,0.0,0.0,0.0,0.0,0.0,0.0,0.0788866587800566,0.0627875457875457,2011-09-22,0.96,bmo,1455457627.0,2025-04-24,2011-05-31,0.2291666666666666,24.17968253968254,6132118.46031746
2011-02-28,DFS,USD,1393612,2011-04-08,2011-04-07 19:56:38,2011,Q1,1625000000.0,0.0,1625000000.0,1.0,0,213000000.0,136000000.0,349000000.0,0.0,225996000.0,225996000.0,1553000000.0,383000000.0,1006000.0,0.0,0.0,720000000.0,0.4430769231,-383734000.0,720000000.0,0.4430769231,255000000.0,459428000.0,0.2827249231,0.84,0.84,545000000,546000000,https://www.sec.gov/Archives/edgar/data/1393612/000119312511091525/0001193125-11-091525-index.htm,https://www.sec.gov/Archives/edgar/data/1393612/000119312511091525/d10q.htm,2.981651376146789,0.8429871559633028,2.3469412844036697,2.318343119266055,10.176926605504589,12.659018348623851,11.835689908256882,12.659018348623851,35.730587155963306,11853750000.0,25772495000.0,6.450276213030116,7.294615384615384,9.26738139745427,9.381700154412714,1.7181427027763505,1.7181427027763505,15.859996923076922,0.0,20.14919672921929,20.39774926256256,0.0387580301592323,0.1065904882421174,2.767026154614362,0.3006013122193314,0.0,0.1474435654215667,1.8798955613577024,2.751355153454996,0.0009301697774965,0.0239994079594626,0.131076923076923,0.0,0.0070656268231862,0.0121852921194324,0.0095913846153846,15.493041749502982,0.0073076923076923,15.495362925319238,0.0178919545267318,0.0072858125061104,-93.68994311926606,-32070849000.0,6450451000.0,-51061019000.0,-31163185000.0,0.0,0.0,0.0,0.0,0.0,0.0,0.0,0.0,0.0,0.0665918266920707,0.0285981651376146,2011-06-23,0.75,bmo,1195252293.0,2025-04-24,2011-02-28,0.4533333333333334,21.32403225806452,4379940.451612903
2010-11-30,DFS,USD,1393612,2011-01-26,2011-01-26 17:12:28,2010,Q4,1595976000.0,0.0,1595976000.0,1.0,0,9277000.0,149911000.0,159188000.0,-4541810000.0,-238456000.0,-238456000.0,1499347000.0,375506000.0,45928000.0,0.0,0.0,585231000.0,0.3666916044,1711553000.0,585231000.0,0.3666916044,235589000.0,346325000.0,0.2169988772,0.64,0.64,544378000,545667000,https://www.sec.gov/Archives/edgar/data/1393612/000119312511014919/0001193125-11-014919-index.htm,https://www.sec.gov/Archives/edgar/data/1393612/000119312511014919/d10k.htm,2.9317422820172747,0.6361847833674396,2.141570746797262,2.0953932745261565,10.0550224292679,11.8609605825364,11.04462707897821,11.8609605825364,33.21448331857643,9951229840.0,22558224840.0,7.183447513174042,6.235200178448799,8.535790856938956,8.723899337766923,1.5411905193340525,1.5411905193340525,14.134438638175013,0.0,19.34959722908432,19.7760162218174,0.0348022310376061,0.1146276408384111,2.742163588848177,0.2912846478754418,0.0,0.1494640956568814,1.5585130463960628,3.334336263949983,0.0011029792474374,0.0316927741283476,0.0058127440512889,0.0,0.0073109193707233,0.0215624313790074,0.015750863421505,0.5473349590663648,0.0047162363343809,13.029952393291383,0.0144703954139985,0.0057395045661978,-89.74350359492853,-31148661000.0,6012452000.0,-48854389000.0,-30249653000.0,0.0,0.0,0.0,0.0,0.0,0.0,0.0,0.0,0.0,0.0536368685268318,0.0461774722711057,2011-03-22,0.6,amc,1237714285.0,2025-04-24,2010-11-30,0.4,18.131875,4576051.8125
2010-08-31,DFS,USD,1393612,2010-10-06,2010-10-06 17:10:54,2010,Q3,1710946000.0,0.0,1710946000.0,1.0,0,266567000.0,130532000.0,397099000.0,0.0,215821000.0,215821000.0,1535939000.0,389137000.0,42326000.0,0.0,0.0,427297000.0,0.2497431246,4846000.0,432143000.0,0.2525754758,171526000.0,258194000.0,0.150907159,0.47,0.47,544314000,547082000,https://www.sec.gov/Archives/edgar/data/1393612/000119312510225003/0001193125-10-225003-index.htm,https://www.sec.gov/Archives/edgar/data/1393612/000119312510225003/d10q.htm,3.1433069882457554,0.4743475273463479,0.4830943168832696,0.4609067560268521,0.0,11.227521246927324,11.227521246927324,11.227521246927324,0.7149127158221174,7897996140.0,7897996140.0,7.6473467044160595,4.616157459089884,30.03554273544903,31.481421806615167,1.2923600571204443,1.2923600571204443,4.616157459089884,0.0,30.03554273544903,31.481421806615167,0.0326910770052617,0.0317647660942007,0.0,0.0,0.0,0.0,1.0980631499960167,1.008971018774677,0.0013874405362775,0.0424409552507029,0.1558009428702016,0.0,0.0,0.0459280104960924,0.0070586681286259,0.285332892312054,0.0050445776780798,10.94665730661386,0.0,0.0042991095557955,-99.10870563681992,0.0,6111297000.0,-53946256000.0,5961149000.0,0.0,0.0,0.0,0.0,0.0,0.0,0.0,0.0,0.0,0.0422486421458489,0.0221875608564174,2010-12-16,0.45,bmo,1521497119.0,2025-04-24,2010-08-31,0.4222222222222222,15.1803125,5081519.515625
2010-05-31,DFS,USD,1393612,2010-07-07,2010-07-07 17:11:19,2010,Q2,1660005000.0,0.0,1660005000.0,1.0,0,265623000.0,97970000.0,363593000.0,0.0,176037000.0,176037000.0,1551782000.0,404621000.0,41325000.0,0.0,0.0,422193000.0,0.2543323665,-445946000.0,422193000.0,0.2543323665,164126000.0,258067000.0,0.1554615799,0.47,0.47,543875000,552060000,https://www.sec.gov/Archives/edgar/data/1393612/000119312510154973/0001193125-10-154973-index.htm,https://www.sec.gov/Archives/edgar/data/1393612/000119312510154973/d10q.htm,3.0521811077913124,0.4744968972649965,2.4062606297402898,2.3885451620317166,19.69336520340152,11.102306596184786,10.279093541714548,11.102306596184786,34.411855665364286,7168272500.0,15143670500.0,6.944197146477465,4.318223439086027,5.477378400785509,5.5180032638733865,1.187140697819424,1.187140697819424,9.12266559438074,0.0,11.571492811596196,11.657316772768212,0.0360012820383153,0.1812249743574899,3.032513633464701,0.2946105136368599,0.0,0.2833205093898882,1.0434282946263294,5.071183064863001,0.00309781750066,0.0860474217935652,0.1600133734536944,0.0,0.0072035157758483,0.007362239771377,0.0058041993849416,0.2331518451300665,0.0058011873458212,10.887158753707215,0.0105984978517329,0.0041822058886279,-83.4836717995863,-27093555000.0,5590542000.0,-45404682000.0,-26176829000.0,0.0,0.0,0.0,0.0,0.0,0.0,0.0,0.0,0.0,0.0427385870813596,0.0177154677085727,2010-09-20,0.38,bmo,1383280851.0,2025-04-24,2010-05-31,0.2368421052631578,14.484285714285717,7626597.206349206
2010-02-28,DFS,USD,1393612,2010-04-09,2010-04-08 19:52:26,2010,Q1,1691302000.0,0.0,1691302000.0,1.0,0,261182000.0,84673000.0,345855000.0,0.0,160486000.0,160486000.0,1559150000.0,413724000.0,42426000.0,0.0,0.0,-170708000.0,-0.1009328908,-170708000.0,-170708000.0,-0.1009328908,-67170000.0,-103538000.0,-0.0612179256,-0.19,-0.19,555604545,555604545,https://www.sec.gov/Archives/edgar/data/1393612/000119312510079766/0001193125-10-079766-index.htm,https://www.sec.gov/Archives/edgar/data/1393612/000119312510079766/d10q.htm,3.0440751704073983,-0.1863519672971717,2.043003445913136,2.028917887991719,23.223929890638317,12.625973029072323,11.81714055272892,12.625973029072323,41.0470436306456,7561777857.45,17225656857.45,-18.25846031758871,4.470980261035581,6.661760667719729,6.708009269646476,1.0779367236617623,1.0779367236617623,10.18484981242262,0.0,15.175426399962294,15.280780268053254,-0.0136922826816437,0.149075524466695,3.192023775175879,0.3351175028174267,0.0,0.3449006584918093,-0.4126132397443706,-10.96314396646642,0.1059659533915762,-7.7391006200622,0.1544265896924381,0.0,0.0067255021707838,0.006894534588081,0.0046272043668132,0.1844623579880262,0.0066771043846693,,-0.0035208326872341,-0.0015600223958091,-84.41360392399238,-24508382000.0,6565657000.0,-46900582000.0,-23576158000.0,846025500.0,0.0,0.0,0.0,0.0,0.0,0.0,0.0,0.0,-0.0147594143333017,0.0140855579214169,2010-06-24,0.11,bmo,553333333.0,2025-04-24,2010-02-28,2.0000000000000004,14.245573770491804,6715562.622950819
2009-11-30,DFS,USD,1393612,2010-01-28,2010-01-27 20:21:05,2009,Q4,1704434000.0,0.0,1704434000.0,1.0,0,-25501000.0,113851000.0,88350000.0,-3472544000.0,-343107000.0,-343107000.0,3954078000.0,711294000.0,141065000.0,0.0,0.0,570256000.0,0.3345720632,1781839000.0,570256000.0,0.3345720632,217719000.0,333903000.0,0.1959025694,0.61,0.6,542683000,553351000,https://www.sec.gov/Archives/edgar/data/1393612/000119312510014549/0001193125-10-014549-index.htm,https://www.sec.gov/Archives/edgar/data/1393612/000119312510014549/d10k.htm,3.140754363044356,0.6152818496249192,1.8459082005517031,1.8235378664892763,26.48087189021952,15.5441519266312,14.71299082521472,15.5441519266312,5.784951804276162,8389879180.0,-2202738820.0,6.281674004126947,4.922384310568787,8.375281065103525,8.478025208088496,0.9945862645303264,0.9945862645303264,-1.292357944044768,0.0,-2.1989061266212997,-2.225881307958848,0.0397983085139016,0.117951996538763,0.2878415590595369,0.0527607328369554,0.0,0.4676399741916566,0.8017163085868854,2.841525854023833,0.003134371715708,0.0787564053033366,-0.014961564953527,0.0,0.009801115304198,0.0121188767977415,0.0071225990563436,0.0860596179066387,0.0054985995350949,14.669382309287563,0.03020260177744,0.0073272660282778,-40.43923017673301,-18285812000.0,7984490000.0,-21522670000.0,-17341570000.0,1906032000.0,117309500.0,0.0,89.34613484593713,0.0,0.0,1.0073183373314398,0.0,0.0,0.0395828509994669,0.0223703340624268,2010-03-16,-0.08,amc,615018181.0,2025-04-24,2009-11-30,1.7500000000000002,15.361875,7009828.796875
2009-08-31,DFS,USD,1393612,2009-10-07,2009-10-07 17:10:53,2009,Q3,1844776000.0,0.0,1844776000.0,1.0,0,276207000.0,77814000.0,354021000.0,0.0,161560000.0,161560000.0,833217000.0,304401000.0,18622000.0,0.0,0.0,939939000.0,0.5095138922,362485000.0,939939000.0,0.5095138922,362485000.0,552928000.0,0.2997263624,1.08,1.07,513098000,517050000,https://www.sec.gov/Archives/edgar/data/1393612/000119312509205021/0001193125-09-205021-index.htm,https://www.sec.gov/Archives/edgar/data/1393612/000119312509205021/d10q.htm,3.595367746512362,1.0776264963028506,1.3302936281178257,1.307450038784014,21.10365271351672,16.344250026310764,15.461422574245075,16.344250026310764,4.091879134200484,7055097500.0,-1978010500.0,3.189880734923896,3.824365397208117,10.33606394060105,10.51665424461504,0.8412744529645243,0.8412744529645243,-1.0722225896260575,0.0,-2.89788241809277,-2.94851382574346,0.0783728360947527,0.0950872755479282,0.2140580443924437,0.0420422925601938,0.0,0.4063669619746811,3.087831511723023,1.1820352790005784,0.0035534590414944,0.0453404421552173,0.1497238689141662,0.0,0.0106087855040564,0.0171718399990623,0.0063536169160917,0.6294168188164536,0.0052304453223589,19.90709496730747,0.0532960535812448,0.0130885052266034,-42.66989200893397,-18915199000.0,7933225000.0,-21363833000.0,-17944117000.0,2037610000.0,235276500.0,0.0,103.427825383678,0.0,0.0,0.8701720225300505,0.0,0.0,0.0659330648128914,0.0228435893338114,2009-12-17,0.14,bmo,1802842285.0,2025-04-24,2009-08-31,3.5,12.91203125,10068672.53125
2009-05-31,DFS,USD,1393612,2009-07-01,2009-07-01 17:28:59,2009,Q2,1619099000.0,0.0,1619099000.0,1.0,0,282592000.0,102922000.0,385514000.0,0.0,177472000.0,177472000.0,857984000.0,320005000.0,17727000.0,0.0,0.0,414610000.0,0.2560745205,188810000.0,414610000.0,0.2560745205,188810000.0,206366000.0,0.127457308,0.43,0.43,481636000,481636000,https://www.sec.gov/Archives/edgar/data/1393612/000119312509142922/0001193125-09-142922-index.htm,https://www.sec.gov/Archives/edgar/data/1393612/000119312509142922/d10q.htm,3.36166524097036,0.428468802165951,2.876028785223696,2.849151641488593,20.12894592596899,15.39677266649503,14.452287619696202,15.39677266649503,4.66544859603518,4859707240.0,-2908074760.0,5.887243102061386,3.001488630404935,3.50830980963746,3.5414050460046025,0.6553321412582056,0.6553321412582056,-1.7961068223746663,0.0,-2.0993913221132847,-2.119195688261794,0.0424646979351785,0.2823737999493154,0.2598619943794467,0.0464143174689669,0.0,0.3622257138819592,1.2956360056874112,6.134627989371125,0.0041986068280113,0.0988728763459096,0.1745365786774002,0.0,0.010956569307482,0.0093452276532108,0.0079951874468454,0.7302420037231342,0.0087363403967268,12.183321660646495,0.0229100583374501,0.0050255470870768,-47.63227364648822,-20512323000.0,6960742000.0,-22452616000.0,-19526259000.0,1052653500.0,244047500.0,0.0,108.68305767590492,0.0,0.0,0.8280959509658057,0.0,0.0,0.0278284814257434,0.0268771437351028,2009-09-17,-0.11,bmo,390246153.0,2025-04-24,2009-05-31,-10.727272727272728,8.828095238095237,9099908.904761905
2009-02-28,DFS,USD,1393612,2009-04-08,2009-04-08 17:07:35,2009,Q1,1218188000.0,0.0,1218188000.0,1.0,0,219488000.0,111433000.0,330921000.0,0.0,181556000.0,181556000.0,815793000.0,312720000.0,26078000.0,0.0,0.0,196093000.0,0.1609710488,75699000.0,196093000.0,0.1609710488,75699000.0,118380000.0,0.0971771188,0.25,0.25,480497000,480497000,https://www.sec.gov/Archives/edgar/data/1393612/000119312509075680/0001193125-09-075680-index.htm,https://www.sec.gov/Archives/edgar/data/1393612/000119312509075680/d10q.htm,2.5352666093648866,0.2463699044947211,1.0996509863745247,1.064298008104109,18.156633652239243,12.485719994089454,11.53499813734529,12.485719994089454,8.575185693146887,2753247810.0,-2163329190.0,5.81442771160669,2.260117330001609,5.210744200658997,5.383830427538952,0.4589242753091126,0.4589242753091126,-1.7758582337044857,0.0,-4.0942754916452015,-4.230275776703586,0.0429964929310158,0.1857413626708741,0.6346738172178957,0.0937689609338087,0.0,0.2866241628831749,0.6270561524686621,4.388748608734654,0.0106285383733765,0.2471954722081432,0.1801758020929446,0.0,0.0112498934284392,0.032149271640243,0.0139444814757656,0.6513919779124165,0.0090979389059816,8.319397631803765,0.0100161072688699,0.0029484654417957,-53.63276773840419,-22087171000.0,5542532000.0,-25732859000.0,-21086133000.0,1191850000.0,260564000.0,0.0,11.089421337264856,0.0,0.0,8.115842771485676,0.0,0.0,0.0197321343591998,0.0353529782704158,2009-06-18,-0.3,bmo,2698499999.0,2025-04-24,2009-02-28,-0.4,6.927868852459016,8182795.573770491
2008-11-30,DFS,USD,1393612,2009-01-28,2009-01-28 17:12:00,2008,Q4,2606652000.0,0.0,2606652000.0,1.0,0,187306000.0,530901000.0,718207000.0,-3002914000.0,222299000.0,222299000.0,4589272000.0,1398587000.0,58278000.0,0.0,0.0,655671000.0,0.2515376046,1429167000.0,666977000.0,0.2558749691,223336000.0,432335000.0,0.1658583501,0.87,0.87,474383689,474471689,https://www.sec.gov/Archives/edgar/data/1393612/000119312509013205/0001193125-09-013205-index.htm,https://www.sec.gov/Archives/edgar/data/1393612/000119312509013205/d10k.htm,5.494817929964704,0.9113614359535872,3.438269564955468,3.406400846973472,23.654150132467983,12.47054470289766,11.503521572386946,12.47054470289766,8.714401645457924,4459206676.6,-2976553323.4,2.578559841673702,1.710702723877219,2.7339333994662365,2.759510821620344,0.7537762161917285,0.7537762161917285,-1.1419066769940904,0.0,-1.8249206947142929,-1.84199381252162,0.0969533442503816,0.362383068826965,0.4623841855985211,0.0685690566183789,0.0,0.4135194967794191,0.4688095913947434,3.7726739681034394,0.0065475772076708,0.0675332785918327,0.0718569260492002,0.0,0.0114994386647555,0.0092688247328882,0.0057997768785399,0.2594117848930986,0.035508383934641,15.991135180781091,0.0521972851928457,0.0109636081800407,-44.43705904905175,-19082400000.0,5457083000.0,-20521816000.0,-18071158000.0,1183313000.0,260485500.0,0.0,77.11961550678802,0.0,0.0,1.1670182664756448,0.0,0.0,0.0730811249761867,0.0318687179819962,2009-03-19,-0.16,bmo,1130630734.0,2025-04-24,2008-11-30,1.2499999999999998,10.08328125,6525097.265625
2008-08-31,DFS,USD,1393612,2008-10-09,2008-10-09 17:14:12,2008,Q3,1251170000.0,0.0,1251170000.0,1.0,0,222426000.0,137928000.0,222426000.0,0.0,220703000.0,220703000.0,681692000.0,305643000.0,66048000.0,0.0,0.0,274938000.0,0.2197447189,94885000.0,273785000.0,0.2188231815,94885000.0,180053000.0,0.1439077024,0.38,0.37,473823684,486629730,https://www.sec.gov/Archives/edgar/data/1393612/000119312508208595/0001193125-08-208595-index.htm,https://www.sec.gov/Archives/edgar/data/1393612/000119312508208595/d10q.htm,2.640581385543404,0.3800000001688391,2.7580596836522844,2.688455733673288,22.10838198624111,12.663767562957029,12.010397943721191,12.663767562957029,4.5584593445523085,7794399601.799999,2716987601.799999,10.822368416244103,6.229688692823516,5.964337935652118,6.118754269955583,1.2989815170106356,1.2989815170106356,2.171557503616614,0.0,2.0790609991781657,2.1328877577807184,0.0231003039616315,0.1634319594938169,0.3090235922880384,0.0496884128934129,0.0,0.3898570727548529,0.8995396590139476,7.258051795860108,0.0037575697290701,0.1626632158308942,0.1777744031586435,0.0,0.0082958233219174,0.0252365640930676,0.0263593276693015,0.4993338178294573,0.0,10.405537598384369,0.0177759240683974,0.0048652147212756,-43.77615176365899,-16602756000.0,5690811000.0,-20708921000.0,-15729305000.0,132207000.0,248174000.0,0.0,9.56891549509659,0.0,0.0,9.405454572790282,0.0,0.0,0.0300068678834869,0.0696039499789968,2008-12-18,0.13,bmo,3463064653.0,2025-04-24,2008-08-31,-2.4615384615384617,15.03671875,7217579.484375
2008-05-31,DFS,USD,1393612,2008-07-10,2008-07-10 16:55:40,2008,Q2,1143707000.0,0.0,1143707000.0,1.0,0,218290000.0,132038000.0,218290000.0,0.0,213430000.0,213430000.0,612063000.0,313248000.0,52078000.0,0.0,0.0,358518000.0,0.3134701458,124370000.0,325913000.0,0.2849619702,124370000.0,234148000.0,0.2047272597,0.49,0.48,477853061,487808333,https://www.sec.gov/Archives/edgar/data/1393612/000119312508149345/0001193125-08-149345-index.htm,https://www.sec.gov/Archives/edgar/data/1393612/000119312508149345/d10q.htm,2.3934282174662056,0.4900000002301963,1.558280276455109,1.5058059866650095,18.34326221884346,12.241610397469024,11.589838910752524,12.241610397469024,4.610532357770122,8195179996.15,4085504996.15,8.74999999588935,7.16545408583667,11.005722307551814,11.38924944639318,1.4009594688249345,1.4009594688249345,3.5721605237617675,0.0,5.486631592578317,5.677829594651686,0.028571428584851,0.0878020983478139,0.3230784326898634,0.0552063528804585,0.0,0.3557002434791981,1.1445180815200735,3.180163828006218,0.0035696592404002,0.1249380733553137,0.1908618203788208,0.0,0.0090978315945221,0.0336744875636055,0.0219243215264049,0.4814893045047813,0.0,11.617390184352956,0.0240421399932675,0.0069025226068758,-40.84922247678141,-16115221000.0,5538240000.0,-19487079000.0,-15247740000.0,127076500.0,246412000.0,0.0,10.339116574437334,0.0,0.0,8.704805613906903,0.0,0.0,0.0400274134138025,0.0524742897900993,2008-09-25,0.35,bmo,1183472972.0,2025-04-24,2008-05-31,0.0571428571428572,17.0315625,4729794.4375
2008-02-29,DFS,USD,1393612,2008-04-14,2008-04-14 16:43:23,2008,Q1,1298905000.0,0.0,1298905000.0,1.0,0,217370000.0,141553000.0,217370000.0,0.0,215225000.0,215225000.0,662802000.0,339441000.0,54994000.0,0.0,0.0,233315000.0,0.1796243759,152101000.0,390930000.0,0.300968893,152101000.0,81214000.0,0.062524973,0.17,0.17,478518000,481744000,https://www.sec.gov/Archives/edgar/data/1393612/000119312508080891/0001193125-08-080891-index.htm,https://www.sec.gov/Archives/edgar/data/1393612/000119312508080891/d10q.htm,2.714432894896326,0.1697198433496754,1.7170451268290847,1.6744991828938514,17.31656907368166,11.816360095127038,11.161586398003838,11.816360095127038,5.361528719922761,7220836620.0,5089893620.0,22.227807459305044,5.559172241233963,8.788353762062808,9.011649664660704,1.2770430046578372,1.2770430046578372,3.91860345444817,0.0,6.194820364710937,6.352219354581057,0.0112471731842064,0.1109674740154971,0.3937058270804679,0.0596373628749354,0.0,0.3305412885782281,0.6873506736074899,10.11693796636048,0.0040462070446346,0.3597532445144926,0.1673486513640335,0.0,0.0083937126224537,0.0247785822692989,0.0156739715375643,0.3702040222569734,0.0304487241176221,6.717372451110414,0.0117433130146889,0.0021940990099673,-48.68229460542759,-17031201000.0,5341020000.0,-23264663000.0,-16150405000.0,1643636000.0,256722500.0,0.0,8.506280289936523,0.0,0.0,10.580417871543192,0.0,0.0,0.014363123837066,0.0425459439352333,2008-06-26,0.37,bmo,1007545238.0,2025-04-24,2008-02-29,0.1351351351351351,15.120819672131148,6288492.262295082
2007-11-30,DFS,USD,1393612,2008-02-27,2008-02-27 09:11:34,2007,Q4,2594019000.0,0.0,2594019000.0,1.0,0,226494000.0,163916000.0,390410000.0,-1394778000.0,1689000.0,1689000.0,4721239000.0,1994107000.0,79869000.0,0.0,0.0,-88005000.0,-0.03392612,-88005000.0,-88005000.0,-0.03392612,-31521000.0,-56484000.0,-0.0217747056,-0.12,-0.12,475357333,481929333,https://www.sec.gov/Archives/edgar/data/1393612/000119312508039547/0001193125-08-039547-index.htm,https://www.sec.gov/Archives/edgar/data/1393612/000119312508039547/d10k.htm,5.456987449060768,-0.1188242950698311,1.4669048978360877,1.4016992139258742,17.89454671145254,11.779395438504784,11.116336349859148,11.779395438504784,9.736254557789689,8256956874.21,9076182874.21,-36.54555659217655,3.18307494054978,11.841258438514622,12.392102262332134,1.4746087853728471,1.4746087853728471,3.498888355948819,0.0,13.016106137653017,13.621602733585668,-0.0068407769182401,0.0806965580843911,0.4704223043021226,0.0704753210640862,0.0,0.4355735885336036,-0.0441325365188528,-12.345159691239996,0.0035298718939704,-0.5160045322569223,0.0873139325502241,0.0,0.0084329279361774,0.044451200624118,0.011949025816696,0.3880854899898583,0.0137662831305399,,-0.0050969208133741,-0.0015240854145128,-43.9606108905866,-15123309000.0,5284232000.0,-20105872000.0,-14232890000.0,1645496500.0,260644000.0,0.0,109.7931934962697,0.0,0.0,0.819722945785868,0.0,0.0,-0.0100874697424126,0.0652056839102133,2008-03-19,0.4,bmo,1039120000.0,2025-04-24,2007-11-30,0.2499999999999999,18.220625,4885033.953125
2007-08-31,DFS,USD,1393612,2007-10-12,2007-10-12 14:27:50,2007,Q3,1239639000.0,0.0,1239639000.0,1.0,0,227904000.0,163015000.0,390919000.0,0.0,257075000.0,257075000.0,755610000.0,361469000.0,62123000.0,0.0,0.0,329214000.0,0.2655724771,-379247000.0,329214000.0,0.2655724771,126974000.0,202240000.0,0.1631442702,0.42,0.42,481523810,481523810,https://www.sec.gov/Archives/edgar/data/1393612/000119312507217648/0001193125-07-217648-index.htm,https://www.sec.gov/Archives/edgar/data/1393612/000119312507217648/d10q.htm,2.574408521979422,0.4199999995846519,1.7420530046063558,1.6831691043481318,17.833062086794836,11.769474078550758,10.232995539722117,11.769474078550758,12.319748009968604,11142460963.4,15573699963.4,13.773809537430775,8.988472420922543,13.283177916408372,13.747875920620467,1.966103144929086,1.966103144929086,12.563092935443304,0.0,18.56575743097611,19.215260921718578,0.0181503889189564,0.0727385092630999,0.9829726136797146,0.1541402093040507,0.0,0.3294794560142187,0.9107668984062256,4.147745253164557,0.0314113732280199,1.7306170886075949,0.1838470716071372,0.0,0.0204712314218326,0.0338014400839254,0.0228727879648833,0.4564171079954284,0.0,10.54616185786635,0.0156685348719032,0.0057128071509521,-45.25595629424846,-17732823000.0,4927431000.0,-21760199000.0,-16335992000.0,133052000.0,246264000.0,0.0,9.183108953493718,0.0,0.0,9.800602438214506,0.0,0.0,0.0356855367352462,0.0588839002582239,2007-12-20,0.36,bmo,1201249777.0,2025-04-24,2007-08-31,0.1111111111111112,23.456507936507936,5287566.666666667
2007-05-31,DFS,USD,1393612,2007-07-12,2007-07-12 17:00:11,2007,Q2,1238805000.0,0.0,1238805000.0,1.0,0,234373000.0,140930000.0,375303000.0,0.0,254194000.0,254194000.0,703365000.0,336253000.0,58789000.0,0.0,0.0,332526000.0,0.2684248126,-362211000.0,332526000.0,0.2684248126,123284000.0,210242000.0,0.1697135546,0.44,0.44,477822727,477822727,https://www.sec.gov/Archives/edgar/data/1393612/000119312507154185/0001193125-07-154185-index.htm,https://www.sec.gov/Archives/edgar/data/1393612/000119312507154185/d10q.htm,2.5926037628595258,0.4400000002511391,-0.0162549823629465,-0.080960987860253,16.485624385128922,12.097130741962385,10.557442572211514,12.097130741962385,11.21051322449968,13737403401.25,18398582401.25,16.335227263403603,11.089237935954408,-1768.6884770503411,-355.109303379863,2.3765966172682864,2.3765966172682864,14.851879352480818,0.0,-2368.8145231427834,-475.59990697298696,0.0153043478348222,-0.0028160343603566,0.8685360442497289,0.1407351721916964,0.0,0.2922234096830682,0.9889160840200684,-0.0371196987220538,0.0,0.0,0.189192810813647,0.0,0.0206236343848303,-3.980687524140595,0.0249579231598193,0.5259147119359063,0.0,10.943564063584772,0.0169965739120517,0.006017768620944,-45.85458845284268,-19417063000.0,5044586000.0,-21875460000.0,-18023162000.0,122464000.0,193442500.0,0.0,10.143339750808238,0.0,0.0,8.872817258519675,0.0,0.0,0.0363722612937357,0.0647060054973065,2007-09-25,0.39,bmo,1078721428.0,2025-04-24,2007-05-31,0.0769230769230768,29.95583333333333,1373325.0
2007-02-28,DFS,USD,1393612,2007-02-28,2007-02-27 19:00:00,2007,Q1,1222023000.0,0.0,1222023000.0,1.0,0,233318000.0,0.0,233318000.0,-1083880000.0,-850562000.0,-850562000.0,680305000.0,283959000.0,56350000.0,0.0,0.0,371461000.0,0.3039721838,411709000.0,371461000.0,0.3039721838,137829000.0,233632000.0,0.1911846176,0.49,0.49,476800000,476800000,,,2.562967701342282,0.49,1.0688926174496645,1.010174077181208,5.217067953020134,11.595339765100672,10.06246644295302,11.595339765100672,10.408045302013424,13708000000.0,18072499000.0,14.668367346938776,11.21746481040046,26.89699557341537,28.460441273868422,2.479444378726266,2.479444378726266,14.78900069802287,0.0,35.46074741782564,37.52197960764122,0.0170434782608695,0.0351364896410855,0.8462446040250636,0.1571908334428903,0.0,0.1235570442165874,1.3081501202638408,2.1814135049993157,0.0364750510650714,2.1401177920832763,0.1909276666642117,0.0,0.0245558002114178,0.0549339936583681,0.0229103707540692,0.4968411712511091,0.0,11.306574234056702,0.0195487566735719,0.0080471384750742,-45.446024538590606,-18391896000.0,4797784000.0,-21642337000.0,-17003177000.0,1699530000.0,143072000.0,0.0,7.755909667821309,0.0,0.0,11.60405469566043,0.0,0.0,0.0422583563678563,0.0587185402684563,2007-08-10,0.43,bmo,1137545454.0,2025-04-24,2007-02-28,0.0232558139534883,,
2006-11-30,DFS,USD,1393612,2006-11-30,2006-11-29 19:00:00,2006,Q4,2996189000.0,0.0,2996189000.0,1.0,0,234625000.0,603556000.0,838181000.0,-3648829000.0,-2810648000.0,-2810648000.0,4331125000.0,1641067000.0,144724000.0,0.0,0.0,185541000.0,0.0619256662,185541000.0,185541000.0,0.0619256662,-981000.0,186522000.0,0.0622530822,0.39,0.39,480985711,480985711,,,6.229268212086242,0.3877911458371785,0.876138293430509,0.7911128985700783,1.8226549769583489,12.0061196578873,10.478205245477657,12.0061196578873,20.558454801997225,13828339191.25,21726238191.25,18.534461338675868,4.6153093784304,32.814454311122184,36.3412100244669,2.394612149406072,2.394612149406072,7.251290953691506,0.0,51.55605750041527,57.09707971651503,0.0134883876812931,0.0275169703850462,1.428152661265241,0.2837302555226946,0.0,0.1914363862809143,0.1130611973795098,2.259304532441213,0.0361576320254264,2.680648931493336,0.0783078103550877,0.0,0.0252829284594665,0.0970456325193991,0.0136493392105771,0.2825792543047455,0.0,10.23508696747535,0.0133020701427782,0.0065833609137149,-41.46793978251882,-17614471000.0,5039867000.0,-19122049000.0,-16218666000.0,,,,98.9381844736764,0.0,0.0,0.90965889943074,0.0,0.0,0.0322994570175238,0.0850253948604306,2006-11-29,,amc,,2025-04-24,2006-11-30,,,
2006-08-31,DFS,USD,1393612,2006-08-31,2006-08-30 20:00:00,2006,Q3,1120988000.0,0.0,1120988000.0,1.0,0,237436000.0,0.0,237436000.0,-990893000.0,-753457000.0,-753457000.0,642748000.0,250440000.0,24832000.0,0.0,0.0,367531000.0,0.3278634562,367531000.0,367531000.0,0.3278634562,126138000.0,241393000.0,0.2153395041,0.51,0.51,473319608,473319608,,,2.368353182613132,0.509999999830981,1.275134158397258,1.1981523486768375,,,,,,13607938730.0,,14.093137259572565,12.13923675364946,22.54664719839084,23.995279090968403,0.0,0.0,,0.0,,,0.0177391304289036,0.041674864301803,0.0,0.0,0.0,0.0,1.467541127615397,2.5002630565095094,0.0,0.0,0.2118095822613623,0.0,0.0,0.0603715375464339,0.0325043622233244,1.4673405283505154,0.0,,0.0,0.0,,,,,,,,,,0.0,0.0,0.0,0.0,0.0,0.0,0.0769818097204204,2006-08-30,,amc,,2025-04-24,2006-08-31,,,
2006-05-31,DFS,USD,1393612,2006-05-31,2006-05-30 20:00:00,2006,Q2,1061529000.0,0.0,1061529000.0,1.0,0,223296000.0,0.0,223296000.0,-740489000.0,-517193000.0,-517193000.0,607181000.0,217336000.0,0.0,544336000.0,0.5127848603,544336000.0,0.5127848603,-1034386000.0,544336000.0,0.5127848603,201058000.0,343278000.0,0.3233807084,0.72,0.72,476775000,476775000,,,2.226477898379739,0.72,,,,,,,,13707281250.0,,9.98263888888889,12.912771342092396,0.0,0.0,0.0,0.0,,,0.0,0.0,0.0250434782608695,,0.0,0.0,,0.0,2.5045827658556337,0.0,,,0.2103531792348583,0.0,0.0,0.0,,0.0,,,0.0,0.0,,,,,,,,,,0.0,0.0,0.0,0.0,0.0,0.0,,2006-05-30,,amc,,2025-04-24,2006-05-31,,,
