date,symbol,reportedCurrency,cik,fillingDate,acceptedDate,calendarYear,period,revenue,costOfRevenue,grossProfit,grossProfitRatio,researchAndDevelopmentExpenses,generalAndAdministrativeExpenses,sellingAndMarketingExpenses,sellingGeneralAndAdministrativeExpenses,otherExpenses,operatingExpenses,costAndExpenses,interestIncome,interestExpense,depreciationAndAmortization,ebitda,ebitdaratio,operatingIncome,operatingIncomeRatio,totalOtherIncomeExpensesNet,incomeBeforeTax,incomeBeforeTaxRatio,incomeTaxExpense,netIncome,netIncomeRatio,eps,epsdiluted,weightedAverageShsOut,weightedAverageShsOutDil,link,finalLink,revenuePerShare,netIncomePerShare,operatingCashFlowPerShare,freeCashFlowPerShare,cashPerShare,bookValuePerShare,tangibleBookValuePerShare,shareholdersEquityPerShare,interestDebtPerShare,marketCap,enterpriseValue,peRatio,priceToSalesRatio,pocfratio,pfcfRatio,pbRatio,ptbRatio,evToSales,enterpriseValueOverEBITDA,evToOperatingCashFlow,evToFreeCashFlow,earningsYield,freeCashFlowYield,debtToEquity,debtToAssets,netDebtToEBITDA,currentRatio,interestCoverage,incomeQuality,dividendYield,payoutRatio,salesGeneralAndAdministrativeToRevenue,researchAndDdevelopementToRevenue,intangiblesToTotalAssets,capexToOperatingCashFlow,capexToRevenue,capexToDepreciation,stockBasedCompensationToRevenue,grahamNumber,roic,returnOnTangibleAssets,grahamNetNet,workingCapital,tangibleAssetValue,netCurrentAssetValue,investedCapital,averageReceivables,averagePayables,averageInventory,daysSalesOutstanding,daysPayablesOutstanding,daysOfInventoryOnHand,receivablesTurnover,payablesTurnover,inventoryTurnover,roe,capexPerShare,report_date,epsEstimated,time,revenueEstimated,updatedFromDate,fiscalDateEnding,surprise(%),QuarterAvgPrice,QuarterAvgVolume
2025-03-31,DGX,USD,1022079,2025-04-23,2025-04-23 16:21:36,2025,Q1,2652000000.0,1789000000.0,863000000.0,0.3254147813,0,0.0,0.0,476000000.0,41000000.0,517000000.0,2306000000.0,5000000.0,72000000.0,140000000.0,488000000.0,0.1840120664,346000000.0,0.1304675716,-70000000.0,276000000.0,0.1040723982,59000000.0,220000000.0,0.0829562594,1.97,1.94,111000000,113000000,https://www.sec.gov/Archives/edgar/data/1022079/000102207925000120/0001022079-25-000120-index.htm,https://www.sec.gov/Archives/edgar/data/1022079/000102207925000120/dgx-20250331.htm,23.89189189189189,1.981981981981982,2.828828828828829,1.7747747747747749,1.6936936936936935,63.45045045045045,-31.81081081081081,62.42342342342342,59.83783783783784,18781200000.0,25163200000.0,21.342272727272725,7.081900452488688,59.812738853503184,95.33604060913706,2.710520998701111,2.710520998701111,9.48838612368024,51.56393442622951,80.13757961783439,127.73197969543148,0.0117138415010755,0.0104892126168721,0.9481887718285468,0.4159017534974995,13.077868852459016,1.439972241498959,4.805555555555555,1.3361702127659574,0.004472557664047,0.3818181818181818,0.0,0.0,0.669367601443312,0.3726114649681528,0.0441176470588235,0.8357142857142857,0.0082956259426847,52.76122876482586,0.0187223834744706,0.0421213861765269,-66.83333333333333,634000000.0,-3531000000.0,-6679000000.0,13962000000.0,1354000000.0,143500000.0,188500000.0,47.64705882352941,0.0,9.50810508664058,1.8888888888888888,0.0,9.465608465608463,0.0317506133641218,1.054054054054054,2025-04-22,2.15,bmo,2696034640.0,2025-05-11,2025-03-31,0.027906976744186,164.27349999999998,1100753.1
2024-12-31,DGX,USD,1022079,2025-02-20,2025-02-20 16:30:52,2024,Q4,2621000000.0,1763000000.0,858000000.0,0.327355971,0,0.0,0.0,466000000.0,31000000.0,497000000.0,2260000000.0,7000000.0,72000000.0,135000000.0,507000000.0,0.1934376192,361000000.0,0.1377336894,-62000000.0,299000000.0,0.114078596,68000000.0,222000000.0,0.084700496,1.98,1.95,111000000,113000000,https://www.sec.gov/Archives/edgar/data/1022079/000102207925000044/0001022079-25-000044-index.htm,https://www.sec.gov/Archives/edgar/data/1022079/000102207925000044/dgx-20241231.htm,23.61261261261261,2.0,4.18018018018018,3.072072072072072,4.945945945945946,62.12612612612613,-33.54054054054054,61.06306306306306,63.03603603603604,16745460000.000002,23121460000.0,18.8575,6.388958412819536,36.089353448275865,49.10692082111437,2.4705606373561526,2.4705606373561526,8.82161770316673,45.604457593688366,49.83073275862069,67.80486803519062,0.0132573246718812,0.0203637284374391,1.021687813514311,0.4287129325821828,12.575936883629192,1.1028123559243892,5.013888888888889,2.09009009009009,0.005016285010982,0.3783783783783784,0.0,0.0,0.6574011019624838,0.2650862068965517,0.0469286531858069,0.9111111111111112,0.0103014116749332,52.419822947410246,0.0188969215767897,0.040115648717022,-68.7927927927928,223000000.0,-3723000000.0,-6865000000.0,13606000000.0,1340000000.0,792000000.0,186000000.0,44.77680274704312,14.651162790697676,9.59727736812252,2.0099693251533743,6.142857142857143,9.377659574468083,0.0327530244910002,1.108108108108108,2025-01-30,2.19,bmo,2578485937.0,2025-04-30,2024-12-31,0.0182648401826484,155.5340625,811283.265625
2024-09-30,DGX,USD,1022079,2024-10-23,2024-10-23 17:24:33,2024,Q3,2488000000.0,1677000000.0,811000000.0,0.3259646302,0,0.0,0.0,448000000.0,33000000.0,481000000.0,2158000000.0,9000000.0,58000000.0,125000000.0,479000000.0,0.1925241158,330000000.0,0.1326366559,-34000000.0,296000000.0,0.1189710611,65000000.0,226000000.0,0.0908360129,2.01,1.99,112000000,113000000,https://www.sec.gov/Archives/edgar/data/1022079/000102207924000190/0001022079-24-000190-index.htm,https://www.sec.gov/Archives/edgar/data/1022079/000102207924000190/dgx-20240930.htm,22.214285714285715,2.017857142857143,3.1785714285714284,2.232142857142857,6.821428571428571,61.79464285714285,-30.357142857142858,60.79464285714285,62.75,17388000000.0,23594000000.0,19.234513274336283,6.988745980707395,48.842696629213485,69.552,2.553678954325158,2.553678954325158,9.483118971061094,49.25678496868476,66.2752808988764,94.376,0.0129974695192086,0.0143777317690361,1.0236451755030107,0.433053743398571,12.95615866388309,1.2538240917782026,5.689655172413793,1.5021097046413503,0.0048309178743961,0.3716814159292035,0.0,0.0,0.6412550481515998,0.297752808988764,0.042604501607717,0.848,0.007636655948553,52.53746613205219,0.017422120402096,0.0391409767925181,-65.05357142857143,531000000.0,-3400000000.0,-6551000000.0,13606000000.0,1347500000.0,1264000000.0,183000000.0,49.77491961414791,69.60644007155635,9.874776386404294,1.808139534883721,1.2929838087895142,9.11413043478261,0.0331913643706858,0.9464285714285714,2024-10-22,2.26,bmo,2431881993.0,2025-04-25,2024-09-30,0.0176991150442478,149.34484375,833273.453125
2024-06-30,DGX,USD,1022079,2024-07-24,2024-07-24 16:44:27,2024,Q2,2397000000.0,1621000000.0,776000000.0,0.3237380058,0,0.0,0.0,406000000.0,3000000.0,406000000.0,2027000000.0,3000000.0,47000000.0,117000000.0,478000000.0,0.1994159366,370000000.0,0.1543596162,-41000000.0,314000000.0,0.1309970797,74000000.0,229000000.0,0.0955360868,2.05,2.04,111000000,112000000,https://www.sec.gov/Archives/edgar/data/1022079/000102207924000156/0001022079-24-000156-index.htm,https://www.sec.gov/Archives/edgar/data/1022079/000102207924000156/dgx-20240630.htm,21.594594594594597,2.063063063063063,3.243243243243243,2.414414414414414,2.441441441441442,60.67567567567568,-21.18918918918919,59.612612612612615,46.26126126126126,15216990000.0,20033990000.0,16.612434497816597,6.348347934918649,42.269416666666665,56.77981343283582,2.299681124376605,2.299681124376605,8.357943262411348,41.9121129707113,55.64997222222223,74.75369402985075,0.0150489682913637,0.0176118930222074,0.7689285174550401,0.366544197103955,10.077405857740583,1.002485089463221,7.872340425531915,1.5789473684210529,0.0055201455741247,0.3668122270742358,0.0,0.0,0.654635833153231,0.2555555555555555,0.0383813099707968,0.7863247863247863,0.0083437630371297,52.60373590734586,0.0223842447182761,0.0477680433875677,-52.20495495495496,5000000.0,-2352000000.0,-5129000000.0,11527000000.0,1320500000.0,1228500000.0,181500000.0,49.5244055068836,68.3466995681678,10.104873534855027,1.8172858225928736,1.3168155970755484,8.906593406593407,0.0346078283209913,0.8288288288288288,2024-07-23,2.34,bmo,2389997629.0,2025-04-25,2024-06-30,0.0042735042735043,136.94285714285715,933981.9206349206
2024-03-31,DGX,USD,1022079,2024-04-24,2024-04-24 16:12:22,2024,Q1,2366000000.0,1611000000.0,755000000.0,0.319103973,0,0.0,0.0,436000000.0,9000000.0,436000000.0,2047000000.0,6000000.0,49000000.0,116000000.0,431000000.0,0.1821639899,319000000.0,0.1348267117,-53000000.0,266000000.0,0.1124260355,66000000.0,194000000.0,0.0819949281,1.74,1.72,111000000,112000000,https://www.sec.gov/Archives/edgar/data/1022079/000102207924000099/0001022079-24-000099-index.htm,https://www.sec.gov/Archives/edgar/data/1022079/000102207924000099/dgx-20240331.htm,21.31531531531532,1.7477477477477477,1.3873873873873874,0.4504504504504504,4.27027027027027,58.972972972972975,-22.306306306306308,57.94594594594594,48.65765765765766,14959470000.000002,19837470000.0,19.2776675257732,6.322683854606932,97.1394155844156,299.18940000000003,2.3257882462686568,2.3257882462686568,8.384391377852916,46.02661252900232,128.81474025974026,396.7494,0.0129683738795558,0.0033423644019473,0.832089552238806,0.3835459366489895,11.317865429234338,0.969538729329852,6.510204081632653,0.7979274611398963,0.0052809357550768,0.4072164948453608,0.0,0.0,0.6465529597248101,0.6753246753246753,0.0439560439560439,0.896551724137931,0.0092983939137785,47.73557553500475,0.0188635174251003,0.0393349553933495,-52.72072072072072,-70000000.0,-2476000000.0,-5180000000.0,11341000000.0,1266000000.0,802000000.0,185500000.0,50.28740490278952,68.49162011173185,10.111731843575418,1.7897125567322238,1.3140293637846656,8.900552486187845,0.0301616915422885,0.9369369369369368,2024-04-23,1.86,bmo,2286765663.0,2025-04-25,2024-03-31,0.096774193548387,129.74573770491804,1053290.3606557378
2023-12-31,DGX,USD,1022079,2024-02-22,2024-02-22 16:18:00,2023,Q4,2288000000.0,1548000000.0,740000000.0,0.3234265734,0,0.0,0.0,402000000.0,-27000000.0,429000000.0,1977000000.0,6000000.0,40000000.0,109000000.0,392000000.0,0.1713286713,311000000.0,0.1359265734,-30000000.0,237000000.0,0.1035839161,40000000.0,192000000.0,0.0839160839,1.71,1.7,112000000,113000000,https://www.sec.gov/Archives/edgar/data/1022079/000102207924000041/0001022079-24-000041-index.htm,https://www.sec.gov/Archives/edgar/data/1022079/000102207924000041/dgx-20231231.htm,20.428571428571427,1.7142857142857142,4.705357142857143,4.0625,6.125,57.30357142857143,-22.151785714285715,56.3125,48.29464285714285,15442560000.0,20125560000.0,20.1075,6.749370629370629,29.30277039848197,33.939692307692304,2.448479467258601,2.448479467258601,8.796136363636364,51.34071428571429,38.188918406072105,44.232,0.0124331717021012,0.0294640266898752,0.8512763596004439,0.3828983026672372,11.946428571428571,1.306887052341598,7.775,2.7447916666666665,0.0051804882092088,0.4166666666666667,0.0,0.0,0.6346455569818856,0.1366223908918406,0.0314685314685314,0.6605504587155964,0.0083041958041958,46.605295529892,0.0204146370151786,0.0374780402108139,-52.816964285714285,557000000.0,-2481000000.0,-5232000000.0,11874000000.0,1245500000.0,760500000.0,187000000.0,47.59615384615384,21.976744186046517,11.046511627906977,1.8909090909090909,4.095238095238095,8.147368421052631,0.0304423656254954,0.6428571428571429,2024-02-01,2.11,bmo,2253400000.0,2025-04-25,2023-12-31,0.018957345971564,131.4690476190476,932422.3968253968
2023-09-30,DGX,USD,1022079,2023-10-25,2023-10-25 16:25:11,2023,Q3,2295000000.0,1541000000.0,754000000.0,0.328540305,0,0.0,0.0,380000000.0,-3000000.0,412000000.0,1953000000.0,1000000.0,40000000.0,111000000.0,451000000.0,0.1965141612,342000000.0,0.1490196078,-43000000.0,299000000.0,0.1302832244,68000000.0,225000000.0,0.0980392157,1.99,1.96,112000000,114000000,https://www.sec.gov/Archives/edgar/data/1022079/000102207923000157/0001022079-23-000157-index.htm,https://www.sec.gov/Archives/edgar/data/1022079/000102207923000157/dgx-20230930.htm,20.491071428571427,2.008928571428572,1.8482142857142856,0.9107142857142856,1.2767857142857142,58.38392857142857,-21.535714285714285,57.36607142857143,44.21428571428572,13648320000.0,18417320000.0,15.164799999999998,5.946980392156863,65.93391304347826,133.80705882352942,2.1242521400778207,2.1242521400778207,8.024976034858387,40.83662971175166,88.97256038647343,180.56196078431373,0.0164855454737286,0.0074734472814236,0.7645136186770428,0.3643376353656727,10.574279379157428,1.1217552533992583,8.55,0.8734177215189873,0.0058615272795479,0.3555555555555555,0.0,0.0,0.6639222667260051,0.5072463768115942,0.0457516339869281,0.945945945945946,0.0078431372549019,50.921485134254105,0.0214377878933836,0.0496579121606709,-51.314732142857146,197000000.0,-2412000000.0,-5128000000.0,11585000000.0,1258000000.0,1162000000.0,184000000.0,50.23529411764706,66.75535366645035,10.746268656716415,1.791569086651054,1.3482064741907265,8.375,0.0350194552529182,0.9375,2023-10-24,2.19,bmo,2272680000.0,2025-04-25,2023-09-30,0.0136986301369864,133.2374603174603,769944.6825396825
2023-06-30,DGX,USD,1022079,2023-07-27,2023-07-27 16:14:59,2023,Q2,2338000000.0,1546000000.0,792000000.0,0.3387510693,0,0.0,0.0,416000000.0,6000000.0,444000000.0,1990000000.0,2000000.0,37000000.0,112000000.0,468000000.0,0.2001710864,348000000.0,0.1488451668,-31000000.0,317000000.0,0.1355859709,75000000.0,235000000.0,0.1005132592,2.09,2.05,112000000,114000000,https://www.sec.gov/Archives/edgar/data/1022079/000102207923000136/0001022079-23-000136-index.htm,https://www.sec.gov/Archives/edgar/data/1022079/000102207923000136/dgx-20230630.htm,20.875,2.0982142857142856,3.9642857142857135,3.0357142857142856,1.125,56.82142857142857,-23.357142857142858,55.79464285714285,44.60714285714285,15742720000.0,20575720000.0,16.74757446808511,6.733413173652695,35.45657657657657,46.30211764705882,2.5192382781245,2.5192382781245,8.800564585115483,43.96521367521368,46.34171171171171,60.51682352941177,0.0149275347589234,0.0215972843320595,0.7935669707153145,0.3693854748603352,10.326923076923077,0.9242666666666668,9.405405405405403,1.783132530120482,0.0050817139604845,0.3404255319148936,0.0,0.0,0.668901303538175,0.2342342342342342,0.0444824636441402,0.9285714285714286,0.0068434559452523,51.32304673298958,0.0217331164219531,0.0528683914510686,-52.828125,-142000000.0,-2616000000.0,-5328000000.0,11263000000.0,1244500000.0,1170500000.0,187000000.0,47.54063301967494,68.75161707632601,10.71151358344114,1.8931174089068823,1.309060118543607,8.402173913043478,0.037606016962714,0.9285714285714286,2023-07-26,2.27,bmo,2254050000.0,2025-04-25,2023-06-30,0.0132158590308369,137.85790322580647,991170.5
2023-03-31,DGX,USD,1022079,2023-04-28,2023-04-28 16:10:32,2023,Q1,2331000000.0,1560000000.0,771000000.0,0.3307593308,0,0.0,0.0,439000000.0,27000000.0,466000000.0,2026000000.0,2000000.0,35000000.0,107000000.0,421000000.0,0.1806091806,305000000.0,0.1308451308,-28000000.0,277000000.0,0.1188331188,65000000.0,202000000.0,0.0866580867,1.79,1.78,112000000,113000000,https://www.sec.gov/Archives/edgar/data/1022079/000102207923000093/0001022079-23-000093-index.htm,https://www.sec.gov/Archives/edgar/data/1022079/000102207923000093/dgx-20230331.htm,20.8125,1.8035714285714288,0.8392857142857143,-0.2946428571428571,1.5625,55.04464285714285,-19.223214285714285,54.017857142857146,41.580357142857146,15845759999.999998,20292760000.0,19.61108910891089,6.797837837837837,168.57191489361702,-480.1745454545454,2.6191338842975203,2.6191338842975203,8.705602745602745,48.20133016627079,215.88042553191488,-614.9321212121212,0.0127478896562866,-0.0020825760329577,0.7639669421487604,0.3612630920744099,10.562945368171022,1.3387453874538746,8.714285714285714,0.4331797235023041,0.004670018982996,0.3663366336633663,0.0,0.0,0.6501485071127091,1.351063829787234,0.0544830544830544,1.1869158878504673,0.0102960102960102,46.81948242931546,0.0201301830707215,0.0451295799821269,-48.379464285714285,459000000.0,-2153000000.0,-4815000000.0,11161000000.0,1224500000.0,742000000.0,191000000.0,48.41698841698842,66.92307692307693,10.961538461538462,1.8588516746411483,1.3448275862068966,8.210526315789474,0.0333884297520661,1.1339285714285714,2023-04-27,1.97,bmo,2197590000.0,2025-04-25,2023-03-31,0.0355329949238579,143.06919354838712,1189783.838709677
2022-12-31,DGX,USD,1022079,2023-02-21,2023-02-21 16:47:48,2022,Q4,2333000000.0,1575000000.0,758000000.0,0.3249035577,0,0.0,0.0,563000000.0,60000000.0,623000000.0,2198000000.0,4000000.0,36000000.0,116000000.0,261000000.0,0.1118731247,135000000.0,0.0578654093,-23000000.0,112000000.0,0.0480068581,-4000000.0,101000000.0,0.0432918988,0.89,0.88,113000000,115000000,https://www.sec.gov/Archives/edgar/data/1022079/000102207923000018/0001022079-23-000018-index.htm,https://www.sec.gov/Archives/edgar/data/1022079/000102207923000018/dgx-20221231.htm,20.646017699115045,0.8938053097345132,2.9557522123893807,1.654867256637168,2.7876106194690267,53.15929203539823,-20.398230088495577,52.150442477876105,42.0353982300885,17677720000.0,22076720000.0,43.75673267326733,7.577248178311187,52.92730538922155,94.53326203208556,2.9997827931444085,2.9997827931444085,9.462803257608227,84.58513409961685,66.09796407185628,118.05732620320856,0.0057134064800211,0.0105782872451877,0.7999321228576277,0.3672197553945626,16.8544061302682,1.2237266279819472,3.75,2.8793103448275863,0.0042426285742731,0.7425742574257426,0.0,0.0,0.6475033107423853,0.4401197604790419,0.0630090012858979,1.2672413793103448,0.0094299185597942,32.38483756040663,0.0121256984278404,0.0223204419889502,-48.87389380530973,347000000.0,-2305000000.0,-4932000000.0,11010000000.0,1237500000.0,885500000.0,187500000.0,46.09944277753964,18.51428571428572,10.971428571428572,1.952301255230125,4.861111111111111,8.203125,0.0171389784490072,1.3008849557522124,2023-02-02,1.9,bmo,2256894489.0,2025-04-25,2022-12-31,0.0421052631578947,143.70079365079366,1105994.746031746
2022-09-30,DGX,USD,1022079,2022-10-21,2022-10-21 16:31:20,2022,Q3,2486000000.0,1618000000.0,868000000.0,0.3491552695,0,0.0,0.0,464000000.0,12000000.0,476000000.0,2094000000.0,4000000.0,33000000.0,108000000.0,496000000.0,0.1995172969,392000000.0,0.1576830249,-41000000.0,351000000.0,0.1411906677,81000000.0,254000000.0,0.1021721641,2.19,2.15,116000000,118000000,https://www.sec.gov/Archives/edgar/data/1022079/000102207922000140/0001022079-22-000140-index.htm,https://www.sec.gov/Archives/edgar/data/1022079/000102207922000140/dgx-20220930.htm,21.43103448275862,2.189655172413793,4.327586206896552,3.310344827586207,6.0344827586206895,54.73275862068966,-16.862068965517242,53.75,40.28448275862069,14232040000.0,18172040000.0,14.007913385826772,5.724875301689461,28.350677290836657,37.06260416666667,2.282604651162791,2.282604651162791,7.309750603378922,36.63717741935484,36.1992828685259,47.32302083333333,0.0178470549548764,0.0269813744199707,0.7441860465116279,0.3509037283521137,7.943548387096774,1.4569288389513109,11.87878787878788,1.818840579710145,0.0054805916790565,0.3070866141732283,0.0,0.0,0.6280722982681691,0.2350597609561753,0.0474658085277554,1.0925925925925926,0.0072405470635559,51.45983117090388,0.0256061872909698,0.0516470109800732,-44.15948275862069,732000000.0,-1956000000.0,-4540000000.0,11351000000.0,1286500000.0,1433500000.0,185000000.0,46.33950120675784,80.48825710754018,10.179233621755252,1.9421875,1.1181755355908776,8.841530054644808,0.0407377706495589,1.0172413793103448,2022-10-20,2.19,bmo,2347244940.0,2025-04-25,2022-09-30,0.0776255707762556,131.69421875,852076.125
2022-06-30,DGX,USD,1022079,2022-07-22,2022-07-22 16:09:33,2022,Q2,2453000000.0,1611000000.0,842000000.0,0.3432531594,0,0.0,0.0,422000000.0,32000000.0,454000000.0,2065000000.0,2000000.0,36000000.0,107000000.0,466000000.0,0.1899714635,388000000.0,0.1581736649,-65000000.0,323000000.0,0.1316754994,77000000.0,233000000.0,0.0949857318,1.99,1.96,117000000,119000000,https://www.sec.gov/Archives/edgar/data/1022079/000102207922000123/0001022079-22-000123-index.htm,https://www.sec.gov/Archives/edgar/data/1022079/000102207922000123/dgx-20220630.htm,20.96581196581197,1.991452991452992,3.435897435897436,2.786324786324786,6.752136752136752,55.78632478632478,-15.487179487179487,54.79487179487179,39.94017094017094,15558659999.999998,19405660000.0,16.693841201716737,6.342706889523032,38.70313432835821,47.7259509202454,2.426869443144595,2.426869443144595,7.910990623726049,41.64304721030043,48.272786069651744,59.52656441717792,0.0149755827301322,0.0209529612447344,0.7232880985805646,0.3483323317307692,8.255364806866952,1.5383639822447686,10.77777777777778,1.608,0.0050132852057953,0.334763948497854,0.0,0.0,0.6264272836538461,0.1890547263681592,0.0309824704443538,0.7102803738317757,0.0077456176110884,49.550295210261496,0.0248490282511645,0.0468530062336617,-42.15170940170941,849000000.0,-1812000000.0,-4359000000.0,11451000000.0,1332000000.0,1482000000.0,192000000.0,47.43986954749287,79.32960893854748,10.446927374301676,1.897138437741686,1.134507042253521,8.614973262032086,0.0363437841210419,0.6495726495726496,2022-07-21,2.29,bmo,2341292443.0,2025-04-25,2022-06-30,0.0305676855895195,136.26387096774195,1036628.7903225806
2022-03-31,DGX,USD,1022079,2022-04-22,2022-04-22 16:15:07,2022,Q1,2611000000.0,1646000000.0,965000000.0,0.3695901953,0,0.0,0.0,425000000.0,27000000.0,452000000.0,2098000000.0,0.0,37000000.0,106000000.0,595000000.0,0.2278820375,513000000.0,0.1964764458,-61000000.0,452000000.0,0.1731137495,110000000.0,354000000.0,0.1355802375,2.97,2.93,119000000,121000000,https://www.sec.gov/Archives/edgar/data/1022079/000102207922000074/0001022079-22-000074-index.htm,https://www.sec.gov/Archives/edgar/data/1022079/000102207922000074/dgx-20220331.htm,21.94117647058824,2.974789915966386,4.033613445378151,3.504201680672269,6.218487394957983,54.56302521008404,-15.764705882352942,53.588235294117645,39.49579831932773,16286340000.000002,20237340000.0,11.501652542372884,6.237587131367293,33.929875,39.05597122302159,2.5539187705817787,2.5539187705817787,7.750800459594025,34.01233613445378,42.161125,48.53079136690648,0.0217360069849947,0.0256042794145277,0.7312215775442998,0.3468977830679958,6.640336134453782,1.4558823529411764,13.864864864864863,1.28686327077748,0.0045436850759593,0.2090395480225988,0.0,0.0,0.6226008034518673,0.13125,0.0241286863270777,0.5943396226415094,0.006893910379165,59.889975741069904,0.0326235390197207,0.0697811945594322,-42.70798319327731,775000000.0,-1876000000.0,-4474000000.0,11432000000.0,1404500000.0,950500000.0,202500000.0,47.25775564917656,84.42284325637911,10.771567436208992,1.904449307075128,1.0660621761658031,8.355329949238579,0.0555119962364748,0.5294117647058824,2022-04-21,2.97,bmo,2637635743.0,2025-04-25,2022-03-31,0.0841750841750841,139.38258064516128,1307964.2903225806
2021-12-31,DGX,USD,1022079,2022-02-28,2022-02-28 16:13:37,2021,Q4,2744000000.0,1718000000.0,1026000000.0,0.3739067055,0,0.0,0.0,464000000.0,3000000.0,490000000.0,2208000000.0,1000000.0,37000000.0,106000000.0,646000000.0,0.2354227405,536000000.0,0.195335277,-34000000.0,502000000.0,0.1829446064,114000000.0,389000000.0,0.1417638484,3.19,3.12,122000000,125000000,https://www.sec.gov/Archives/edgar/data/1022079/000102207922000027/0001022079-22-000027-index.htm,https://www.sec.gov/Archives/edgar/data/1022079/000102207922000027/dgx-20211231.htm,22.49180327868853,3.1885245901639343,3.942622950819672,2.762295081967213,7.508196721311475,53.78688524590164,-13.934426229508198,52.81967213114754,38.47540983606557,21107220000.0,24892220000.0,13.565051413881749,7.69213556851312,43.88195426195426,62.63270029673591,3.27548417132216,3.27548417132216,9.071508746355684,38.532848297213626,51.750977130977134,73.86415430267063,0.0184297126765154,0.015966100699192,0.7226877715704532,0.3421497318345456,5.859133126934984,1.5636052481460354,14.486486486486486,1.1646489104116222,0.003648040812575,0.1979434447300771,0.0,0.0,0.6070090368084637,0.2993762993762994,0.0524781341107871,1.3584905660377358,0.0069241982507288,61.55792822437751,0.0341616957584028,0.0727238736212376,-40.57786885245902,988000000.0,-1700000000.0,-4308000000.0,11554000000.0,1455500000.0,983500000.0,206500000.0,47.16472303206997,18.701979045401632,10.896391152502911,1.908205841446453,4.812324929971989,8.259615384615385,0.0603662321539416,1.180327868852459,2022-02-03,3.18,bmo,2675567697.0,2025-04-25,2021-12-31,0.0471698113207546,152.155625,1252427.265625
2021-09-30,DGX,USD,1022079,2021-10-22,2021-10-22 16:23:21,2021,Q3,2774000000.0,1670000000.0,1104000000.0,0.3979812545,0,0.0,0.0,427000000.0,40000000.0,452000000.0,2122000000.0,0.0,38000000.0,101000000.0,793000000.0,0.2858687815,652000000.0,0.2350396539,2000000.0,654000000.0,0.2357606345,153000000.0,503000000.0,0.1813266042,4.11,4.02,123000000,125000000,https://www.sec.gov/Archives/edgar/data/1022079/000102207921000144/0001022079-21-000144-index.htm,https://www.sec.gov/Archives/edgar/data/1022079/000102207921000144/dgx-20210930.htm,22.552845528455286,4.089430894308944,4.560975609756097,3.83739837398374,8.024390243902438,52.9349593495935,-13.804878048780488,51.96747967479675,38.113821138211385,17873130000.0,21536130000.0,8.88326540755467,6.443089401586157,31.85941176470589,37.866800847457625,2.796171777221527,2.796171777221527,7.763565248738284,27.15779319041614,38.388823529411766,45.62739406779661,0.0281428043101572,0.0264083571260322,0.7274718397997497,0.3426171529619805,4.619167717528374,1.6225127913587265,17.157894736842106,1.064516129032258,0.0042521930965645,0.151093439363817,0.0,0.0,0.6048482169171824,0.1586452762923351,0.0320836337418889,0.8811881188118812,0.0075702956020187,69.14941706069135,0.0417545468908424,0.0937907887376468,-39.56707317073171,1095000000.0,-1698000000.0,-4207000000.0,11534000000.0,1364000000.0,1507000000.0,202000000.0,47.79019466474405,86.76646706586826,11.047904191616766,1.8832315003394435,1.0372670807453417,8.146341463414634,0.0786921151439299,0.7235772357723578,2021-10-21,2.88,bmo,2337600000.0,2025-04-25,2021-09-30,0.375,146.31671875,1124972.59375
2021-06-30,DGX,USD,1022079,2021-07-23,2021-07-23 16:04:24,2021,Q2,2550000000.0,1565000000.0,985000000.0,0.3862745098,0,0.0,0.0,429000000.0,322000000.0,452000000.0,2017000000.0,0.0,38000000.0,100000000.0,955000000.0,0.3745098039,533000000.0,0.2090196078,284000000.0,817000000.0,0.3203921569,177000000.0,628000000.0,0.2462745098,5.05,4.96,125000000,127000000,https://www.sec.gov/Archives/edgar/data/1022079/000102207921000111/0001022079-21-000111-index.htm,https://www.sec.gov/Archives/edgar/data/1022079/000102207921000111/dgx-20210630.htm,20.4,5.024,3.68,3.008,4.48,48.144,-17.592,47.192,37.48,16496250000.0,20583250000.0,6.566978503184713,6.469117647058823,35.86141304347826,43.87300531914894,2.796448550601797,2.796448550601797,8.07186274509804,21.553141361256543,44.74619565217391,54.74268617021277,0.0380692581647344,0.022793059028567,0.7877606373961689,0.3613249358525776,4.279581151832461,1.3836234687298516,14.026315789473683,0.7076923076923077,0.0049102068651966,0.1289808917197452,0.0,0.0,0.6389083275017495,0.1826086956521739,0.0329411764705882,0.84,0.008235294117647,73.03823437077324,0.0364430077489466,0.1352282515073212,-41.938,595000000.0,-2199000000.0,-4697000000.0,11023000000.0,1318500000.0,1481500000.0,211000000.0,44.294117647058826,80.74121405750799,11.44408945686901,2.03187250996016,1.1146723646723646,7.864321608040201,0.1064587218172571,0.672,2021-07-22,2.87,bmo,2252760000.0,2025-04-25,2021-06-30,0.1080139372822299,130.9279365079365,1167115.0317460315
2021-03-31,DGX,USD,1022079,2021-04-23,2021-04-23 16:02:21,2021,Q1,2720000000.0,1626000000.0,1094000000.0,0.4022058824,0,0.0,0.0,407000000.0,4000000.0,434000000.0,2060000000.0,0.0,38000000.0,101000000.0,765000000.0,0.28125,660000000.0,0.2426470588,-34000000.0,626000000.0,0.2301470588,153000000.0,468000000.0,0.1720588235,3.52,3.46,133000000,135000000,https://www.sec.gov/Archives/edgar/data/1022079/000102207921000070/0001022079-21-000070-index.htm,https://www.sec.gov/Archives/edgar/data/1022079/000102207921000070/dgx-20210331.htm,20.451127819548876,3.518796992481203,5.496240601503759,4.849624060150376,9.24812030075188,51.64661654135338,-8.586466165413533,50.71428571428572,35.330827067669176,17069220000.0,20500220000.0,9.118173076923076,6.275448529411765,23.35050615595075,26.463906976744187,2.530647887323944,2.530647887323944,7.536845588235294,26.79767320261438,28.04407660738714,31.783286821705428,0.0274177730441109,0.037787315413358,0.6910303928836175,0.3345775608355466,4.484967320261438,1.7568834212067956,17.36842105263158,1.4918367346938777,0.0043938738852741,0.1602564102564102,0.0,0.0,0.5750484530902304,0.1176470588235294,0.0316176470588235,0.8514851485148515,0.0066176470588235,63.36559564198361,0.0403079611903205,0.079054054054054,-35.21804511278196,1292000000.0,-1142000000.0,-4063000000.0,11527000000.0,1451000000.0,1002500000.0,223000000.0,45.72794117647059,86.29151291512915,12.343173431734316,1.968162083936324,1.0429762668377165,7.291479820627803,0.0693847294292068,0.6466165413533834,2021-04-22,3.71,bmo,2662870000.0,2025-04-25,2021-03-31,0.013477088948787,123.22311475409836,1379145.8852459015
2020-12-31,DGX,USD,1022079,2021-02-22,2021-02-22 16:14:53,2020,Q4,3002000000.0,1733000000.0,1269000000.0,0.4227181879,0,0.0,0.0,447000000.0,2000000.0,474000000.0,2207000000.0,1000000.0,39000000.0,98000000.0,896000000.0,0.2984676882,795000000.0,0.264823451,-37000000.0,758000000.0,0.2524983344,191000000.0,576000000.0,0.1918720853,4.28,4.21,135000000,137000000,https://www.sec.gov/Archives/edgar/data/1022079/000102207921000029/0001022079-21-000029-index.htm,https://www.sec.gov/Archives/edgar/data/1022079/000102207921000029/dgx-20201231.htm,22.23703703703704,4.266666666666667,4.007407407407407,2.807407407407408,8.577777777777778,51.04444444444445,-8.511111111111111,50.06666666666667,34.77037037037037,16087950000.0,19584950000.0,6.9826171875,5.359077281812125,29.73743068391867,42.448416886543534,2.380226364846871,2.380226364846871,6.523967355096603,21.858203125,36.201386321626615,51.67532981530343,0.0358031943162429,0.0235580045935001,0.6887113478325196,0.3318836446599173,3.9029017857142856,1.7218468468468469,20.384615384615383,0.8883415435139573,0.0046618742599274,0.1302083333333333,0.0,0.0,0.5732211607015543,0.299445471349353,0.0539640239840106,1.653061224489796,0.011325782811459,69.32820493853855,0.0473997115417374,0.0962245238890745,-35.00370370370371,1282000000.0,-1149000000.0,-4077000000.0,11553000000.0,1470500000.0,1061500000.0,214000000.0,45.56962025316456,23.162146566647436,11.581073283323716,1.975,3.8856502242152464,7.771300448430493,0.085219707057257,1.2,2021-02-04,4.24,bmo,2832075471.0,2025-04-25,2020-12-31,0.0566037735849057,121.9078125,1102294.15625
2020-09-30,DGX,USD,1022079,2020-10-23,2020-10-23 16:08:14,2020,Q3,2786000000.0,1580000000.0,1206000000.0,0.4328786791,0,0.0,0.0,396000000.0,77000000.0,488000000.0,2068000000.0,0.0,42000000.0,89000000.0,884000000.0,0.3173007897,718000000.0,0.2577171572,35000000.0,753000000.0,0.2702799713,177000000.0,566000000.0,0.2031586504,4.2,4.14,135000000,137000000,https://www.sec.gov/Archives/edgar/data/1022079/000102207920000185/0001022079-20-000185-index.htm,https://www.sec.gov/Archives/edgar/data/1022079/000102207920000185/dgx-20200930.htm,20.63703703703704,4.192592592592592,6.385185185185185,5.711111111111111,11.88888888888889,48.34074074074074,-11.451851851851853,47.407407407407405,38.45185185185185,15456150000.0,19000150000.0,6.826921378091873,5.547792534099067,17.930568445475636,20.046887159533075,2.4150234375,2.4150234375,6.819867193108399,21.493382352941172,22.0419373549884,24.643514915693903,0.0366197274224176,0.0498830562591589,0.80453125,0.3640670296259634,4.009049773755656,1.4014231896190874,17.095238095238095,1.4585448392554992,0.0049171365443528,0.1342756183745583,0.0,0.0,0.5707417096797002,0.105568445475638,0.0326633165829145,1.0224719101123596,0.0114860014357501,66.87375244019209,0.0440898363677824,0.0932301103607313,-35.879629629629626,959000000.0,-1546000000.0,-4269000000.0,11110000000.0,1273500000.0,1406500000.0,179500000.0,45.904522613065325,95.5253164556962,11.677215189873415,1.9605911330049264,0.9421586165772212,7.7073170731707314,0.0884375,0.674074074074074,2020-10-22,3.73,bmo,2411085846.0,2025-04-25,2020-09-30,0.1554959785522787,118.14953125,1386550.4375
2020-06-30,DGX,USD,1022079,2020-07-24,2020-07-24 16:10:53,2020,Q2,1827000000.0,1221000000.0,606000000.0,0.3316912972,0,0.0,0.0,360000000.0,13000000.0,323000000.0,1544000000.0,1000000.0,41000000.0,89000000.0,386000000.0,0.2112753147,283000000.0,0.1548987411,-28000000.0,255000000.0,0.1395730706,66000000.0,184000000.0,0.100711549,1.38,1.36,134000000,136000000,https://www.sec.gov/Archives/edgar/data/1022079/000102207920000160/0001022079-20-000160-index.htm,https://www.sec.gov/Archives/edgar/data/1022079/000102207920000160/dgx-20200630.htm,13.634328358208956,1.373134328358209,2.649253731343284,2.037313432835821,7.373134328358209,44.46268656716418,-14.71641791044776,43.514925373134325,38.64179104477612,15270640000.0,19419640000.0,20.74815217391304,8.35831417624521,43.01588732394366,55.936410256410255,2.618871548619448,2.618871548619448,10.629250136836344,50.309948186528494,54.70321126760563,71.13421245421246,0.012049265780609,0.0178774432505775,0.8809809638140971,0.3954580446497305,10.748704663212436,1.2913727618014108,6.902439024390244,1.839378238341969,0.0049113855084004,0.4076086956521739,0.0,0.0,0.6104695919938414,0.2309859154929577,0.0448823207443897,0.9213483146067416,0.0093048713738368,36.66628357333776,0.0177036581006474,0.0363636363636363,-38.22761194029851,537000000.0,-1972000000.0,-4652000000.0,10494000000.0,1049000000.0,1056000000.0,140000000.0,55.467980295566505,83.73464373464374,11.351351351351353,1.622557726465364,1.0748239436619718,7.928571428571429,0.0315554793345909,0.6119402985074627,2020-07-23,1.41,bmo,1814133802.0,2025-04-25,2020-06-30,0.0070921985815602,106.06444444444443,1817465.7142857143
2020-03-31,DGX,USD,1022079,2020-05-04,2020-05-04 16:21:03,2020,Q1,1822000000.0,1270000000.0,552000000.0,0.3029637761,0,347000000.0,0.0,347000000.0,-16000000.0,377000000.0,1647000000.0,1000000.0,41000000.0,85000000.0,245000000.0,0.134467618,175000000.0,0.0960482986,-57000000.0,118000000.0,0.0647639956,26000000.0,99000000.0,0.0543358946,0.74,0.73,134000000,135000000,https://www.sec.gov/Archives/edgar/data/1022079/000102207920000107/0001022079-20-000107-index.htm,https://www.sec.gov/Archives/edgar/data/1022079/000102207920000107/dgx0331202010-q.htm,13.597014925373134,0.7388059701492538,1.8432835820895523,1.2238805970149254,2.5522388059701493,43.12686567164179,-15.32089552238806,42.21641791044776,34.559701492537314,10760200000.0,15008200000.0,27.17222222222222,5.9057080131723385,43.56356275303643,65.6109756097561,1.9021035884744564,1.9021035884744564,8.237211855104281,61.25795918367347,60.76194331983805,91.51341463414634,0.0092005724800654,0.0152413523912194,0.8113841258617642,0.3809444767200597,17.33877551020408,1.3817537643932685,4.2682926829268295,2.330188679245283,0.0065983903644913,0.7171717171717171,0.190450054884742,0.0,0.6500124491659058,0.3360323886639676,0.0455543358946212,0.976470588235294,0.0076838638858397,26.49092648035324,0.0123274916846857,0.0234764050272705,-38.32835820895522,431000000.0,-2053000000.0,-4710000000.0,10236000000.0,1017500000.0,619500000.0,124500000.0,48.013172338090016,69.16535433070865,8.929133858267717,1.874485596707819,1.3012295081967211,10.07936507936508,0.0175004419303517,0.6194029850746269,2020-04-22,0.89,bmo,1725085106.0,2025-04-25,2020-03-31,0.0561797752808988,103.52854838709678,1577134.7096774194
2019-12-31,DGX,USD,1022079,2020-02-20,2020-02-20 16:45:36,2019,Q4,1926000000.0,1264000000.0,662000000.0,0.3437175493,0,349000000.0,0.0,349000000.0,7000000.0,299000000.0,1563000000.0,2000000.0,42000000.0,82000000.0,454000000.0,0.235721703,363000000.0,0.1884735202,-35000000.0,328000000.0,0.1703011423,72000000.0,253000000.0,0.1313603323,1.88,1.86,134000000,136000000,https://www.sec.gov/Archives/edgar/data/1022079/000102207920000017/0001022079-20-000017-index.htm,https://www.sec.gov/Archives/edgar/data/1022079/000102207920000017/dgx1231201910-k.htm,14.373134328358208,1.888059701492537,2.5970149253731343,1.3134328358208955,8.895522388059701,43.007462686567166,-14.75373134328358,42.09701492537314,40.07462686567164,14309860000.0,18445860000.0,14.14017786561265,7.429833852544131,41.12028735632184,81.30602272727273,2.5367594398156355,2.5367594398156355,9.577289719626169,40.62964757709251,53.00534482758621,104.80602272727272,0.0176801170661348,0.0122992118720937,0.944513384151746,0.4148563419761737,9.110132158590307,1.2512562814070352,8.642857142857142,1.3132075471698113,0.0049616138802196,0.2806324110671936,0.1812045690550363,0.0,0.6026629292221444,0.4942528735632184,0.0893042575285566,2.097560975609756,0.0062305295950155,42.288742500325725,0.0238281810908941,0.0495786792083088,-37.531716417910445,500000000.0,-1977000000.0,-4590000000.0,10211000000.0,1090000000.0,655500000.0,117500000.0,49.67289719626168,18.72626582278481,8.757911392405063,1.8118532455315144,4.806083650190114,10.276422764227643,0.044850203864563,1.2835820895522387,2020-01-30,1.6,bmo,1845269461.0,2025-04-25,2019-12-31,0.0437499999999999,104.28390625,842689.1875
2019-09-30,DGX,USD,1022079,2019-10-23,2019-10-23 16:27:34,2019,Q3,1956000000.0,1264000000.0,692000000.0,0.3537832311,0,362000000.0,0.0,362000000.0,1000000.0,379000000.0,1643000000.0,1000000.0,44000000.0,82000000.0,397000000.0,0.2029652352,313000000.0,0.1600204499,-43000000.0,270000000.0,0.1380368098,62000000.0,214000000.0,0.109406953,1.59,1.56,135000000,137000000,https://www.sec.gov/Archives/edgar/data/1022079/000102207919000183/0001022079-19-000183-index.htm,https://www.sec.gov/Archives/edgar/data/1022079/000102207919000183/dgx0930201910-q.htm,14.488888888888887,1.5851851851851853,2.214814814814815,1.5037037037037038,3.22962962962963,42.44444444444444,-15.0,41.51851851851852,33.992592592592594,14449050000.0,18560050000.0,16.879731308411216,7.387039877300613,48.32458193979933,71.17758620689655,2.577885816235504,2.577885816235504,9.488778118609408,46.7507556675063,62.07374581939799,91.42881773399014,0.0148106622926766,0.0140493665673521,0.8108831400535237,0.3781512605042016,10.355163727959695,0.8846345101939334,7.113636363636363,1.323008849557522,0.0049830265657603,0.3364485981308411,0.1850715746421267,0.0,0.645228388385057,0.3210702341137124,0.0490797546012269,1.170731707317073,0.0061349693251533,38.481517128276366,0.022000540686672,0.0501876172607879,-36.73518518518519,-232000000.0,-2025000000.0,-4510000000.0,9382000000.0,1102500000.0,991000000.0,108500000.0,51.3957055214724,74.62025316455697,7.974683544303797,1.7511190689346463,1.2061068702290076,11.285714285714286,0.0381801962533452,0.7111111111111111,2019-10-22,1.71,bmo,1900431818.0,2025-04-25,2019-09-30,0.0292397660818713,102.65953125,917649.84375
2019-06-30,DGX,USD,1022079,2019-07-24,2019-07-24 16:43:48,2019,Q2,1953000000.0,1265000000.0,688000000.0,0.3522785458,0,362000000.0,0.0,362000000.0,3000000.0,381000000.0,1646000000.0,1000000.0,45000000.0,81000000.0,392000000.0,0.2007168459,307000000.0,0.1571940604,-42000000.0,265000000.0,0.1356886841,63000000.0,206000000.0,0.1054787506,1.67,1.66,135000000,136000000,https://www.sec.gov/Archives/edgar/data/1022079/000102207919000166/0001022079-19-000166-index.htm,https://www.sec.gov/Archives/edgar/data/1022079/000102207919000166/dgx0630201910-q.htm,14.466666666666669,1.525925925925926,2.3777777777777778,1.7481481481481482,2.022222222222222,41.37037037037037,-16.237037037037037,40.43703703703704,33.925925925925924,13830750000.0,18092750000.0,16.78489077669903,7.081797235023042,43.08644859813084,58.60487288135593,2.5335684191243817,2.5335684191243817,9.264080901177676,46.15497448979592,56.36370716510904,76.66419491525424,0.0148943477396381,0.0170634275075465,0.8307382304451365,0.3856292517006803,10.872448979591836,0.8224789915966386,6.822222222222222,1.343096234309623,0.00513348878405,0.3446601941747573,0.1853558627752176,0.0,0.6613095238095238,0.2647975077881619,0.0435227854582693,1.0493827160493827,0.0076804915514592,37.260411586628216,0.0216500226052014,0.0517198091890534,-37.28518518518519,-338000000.0,-2192000000.0,-4609000000.0,9257000000.0,1083500000.0,968500000.0,101500000.0,50.13824884792627,66.45059288537549,7.470355731225296,1.7950367647058822,1.354389721627409,12.047619047619047,0.0377358490566037,0.6296296296296297,2019-07-23,1.68,bmo,1896554913.0,2025-04-25,2019-06-30,0.0297619047619047,96.09444444444443,1064663.9682539685
2019-03-31,DGX,USD,1022079,2019-04-24,2019-04-24 16:36:47,2019,Q1,1891000000.0,1244000000.0,647000000.0,0.3421470122,0,384000000.0,0.0,384000000.0,9000000.0,399000000.0,1643000000.0,1000000.0,44000000.0,84000000.0,342000000.0,0.1808566896,248000000.0,0.131147541,-35000000.0,213000000.0,0.1126388154,50000000.0,163000000.0,0.086197779,1.22,1.2,134000000,136000000,https://www.sec.gov/Archives/edgar/data/1022079/000102207919000118/0001022079-19-000118-index.htm,https://www.sec.gov/Archives/edgar/data/1022079/000102207919000118/dgx0331201910-q.htm,14.111940298507465,1.2164179104477613,2.0522388059701493,1.7014925373134329,3.462686567164179,40.43283582089552,-17.813432835820894,39.47761194029851,35.97761194029851,12078760000.0,16391760000.0,18.525705521472396,6.387498677948176,43.922763636363634,52.97701754385965,2.283319470699433,2.283319470699433,8.66830248545743,47.92912280701754,59.6064,71.89368421052632,0.0134947627074302,0.0188761097993502,0.9030245746691872,0.4001843009131272,12.61111111111111,0.7791411042944786,5.636363636363637,1.5625,0.0059608767787421,0.4417177914110429,0.2030671602326811,0.0,0.6538493758900896,0.1709090909090909,0.0248545742993125,0.5595238095238095,0.0089899524061343,32.870635376919985,0.0173986099705432,0.0394482090997095,-38.781716417910445,-504000000.0,-2387000000.0,-4741000000.0,9075000000.0,1045500000.0,612500000.0,98500000.0,51.35378106821787,72.56430868167203,7.090032154340836,1.752548656163114,1.2402791625124625,12.693877551020408,0.030812854442344,0.3507462686567164,2019-04-23,1.36,bmo,1836971428.0,2025-04-25,2019-03-31,0.0294117647058822,86.6532786885246,1331440.6065573771
2018-12-31,DGX,USD,1022079,2019-02-21,2019-02-21 16:15:34,2018,Q4,1839000000.0,1235000000.0,604000000.0,0.3284393692,0,356000000.0,0.0,356000000.0,-10000000.0,380000000.0,1615000000.0,0.0,43000000.0,81000000.0,287000000.0,0.1560630778,220000000.0,0.1196302338,-53000000.0,167000000.0,0.0908102229,40000000.0,126000000.0,0.0685154976,0.93,0.92,136000000,137000000,https://www.sec.gov/Archives/edgar/data/1022079/000102207919000030/0001022079-19-000030-index.htm,https://www.sec.gov/Archives/edgar/data/1022079/000102207919000030/dgx1231201810-k.htm,13.522058823529411,0.9264705882352942,2.169117647058824,1.0588235294117647,0.9926470588235294,39.294117647058826,-17.83823529411765,38.35294117647059,28.94117647058824,11324720000.0,15082720000.0,22.469682539682537,6.158085916258837,38.388881355932206,78.6438888888889,2.171150306748466,2.171150306748466,8.201587819467102,52.553031358885015,51.12786440677966,104.74111111111112,0.0111261028970252,0.0127155461680288,0.7463573619631901,0.3538125965645733,13.094076655052264,0.936026936026936,5.116279069767442,2.122302158273381,0.0060045634682358,0.5396825396825397,0.1935834692767808,0.0,0.7061710442606561,0.511864406779661,0.0821098423056008,1.8641975308641976,0.0043501903208265,28.275247468009237,0.0165977568672179,0.0389730900092793,-34.67279411764706,-95000000.0,-2426000000.0,-4269000000.0,8963000000.0,1054500000.0,644500000.0,97000000.0,49.52691680261012,16.178137651821864,7.2145748987854255,1.817193675889328,5.563063063063063,12.474747474747474,0.0241564417177914,1.1102941176470589,2019-02-14,1.36,bmo,1852522058.0,2025-04-25,2018-12-31,0.0,93.75238095238096,1361919.349206349
2018-09-30,DGX,USD,1022079,2018-10-24,2018-10-24 16:21:32,2018,Q3,1889000000.0,1222000000.0,667000000.0,0.3530968767,0,354000000.0,0.0,354000000.0,3000000.0,363000000.0,1585000000.0,1000000.0,41000000.0,77000000.0,384000000.0,0.2032821599,304000000.0,0.1609317099,-38000000.0,266000000.0,0.1408152462,48000000.0,212000000.0,0.1122286924,1.56,1.53,136000000,139000000,https://www.sec.gov/Archives/edgar/data/1022079/000102207918000180/0001022079-18-000180-index.htm,https://www.sec.gov/Archives/edgar/data/1022079/000102207918000180/dgx0930201810-q.htm,13.889705882352942,1.5588235294117647,2.9558823529411766,2.360294117647059,1.9338235294117647,40.01470588235294,-15.977941176470589,39.09558823529411,27.49264705882353,14739680000.0,18174680000.0,17.381698113207545,7.802901005823187,36.665870646766166,45.91800623052959,2.7721798006394582,2.7721798006394582,9.621323451561674,47.32989583333333,45.21064676616916,56.61894080996885,0.0143829445415368,0.0217779490463836,0.6955049840135414,0.3366102312033497,8.9453125,1.1540676745860332,7.414634146341464,1.7709251101321586,0.004681241383802,0.3254716981132075,0.1874007411328745,0.0,0.6931549244492992,0.2014925373134328,0.0428798305982001,1.051948051948052,0.0100582318687136,37.02999141021815,0.0251634034080251,0.062889350341145,-32.431985294117645,214000000.0,-2173000000.0,-3941000000.0,9023000000.0,1076000000.0,1000500000.0,93000000.0,52.26574907358391,78.58428805237315,6.996726677577741,1.7219690063810391,1.1452671040299909,12.863157894736842,0.039872108331766,0.5955882352941176,2018-10-23,1.68,bmo,1889000000.0,2025-04-25,2018-09-30,0.0,109.6790476190476,845344.9365079365
2018-06-30,DGX,USD,1022079,2018-07-25,2018-07-25 16:46:07,2018,Q2,1919000000.0,1243000000.0,676000000.0,0.3522668056,0,351000000.0,0.0,351000000.0,1000000.0,371000000.0,1614000000.0,1000000.0,42000000.0,77000000.0,384000000.0,0.2001042209,305000000.0,0.1589369463,-41000000.0,264000000.0,0.1375716519,42000000.0,219000000.0,0.1141219385,1.6,1.57,136000000,139000000,https://www.sec.gov/Archives/edgar/data/1022079/000102207918000163/0001022079-18-000163-index.htm,https://www.sec.gov/Archives/edgar/data/1022079/000102207918000163/dgx0630201810-q.htm,14.110294117647058,1.6102941176470589,2.375,1.8014705882352944,0.9705882352941176,39.25735294117647,-16.477941176470587,38.40441176470589,27.61029411764705,14951840000.0,18532840000.0,17.068310502283104,7.79147472642001,46.29052631578947,61.02791836734694,2.8626919394983723,2.8626919394983723,9.65755080771235,48.26260416666667,57.37721362229102,75.64424489795918,0.0146470267204571,0.0163859431347579,0.7108941221520199,0.345491765143761,9.325520833333334,1.1212361331220286,7.261904761904762,1.386266094420601,0.0045479352374022,0.3105022831050228,0.1829077644606566,0.0,0.7053131106355262,0.2414860681114551,0.0406461698801459,1.0129870129870129,0.0078165711307972,37.30219783094599,0.0261978828117745,0.0691506157246605,-32.64154411764706,153000000.0,-2241000000.0,-3993000000.0,8901000000.0,1040500000.0,941000000.0,92500000.0,49.478895257946846,67.62670957361223,6.588897827835881,1.818957345971564,1.330835117773019,13.65934065934066,0.0419299253302699,0.5735294117647058,2018-07-24,1.76,bmo,1929965714.0,2025-04-25,2018-06-30,-0.0056818181818181,104.1746875,1009521.34375
2018-03-31,DGX,USD,1022079,2018-04-20,2018-04-20 09:09:12,2018,Q1,1884000000.0,1226000000.0,658000000.0,0.3492569002,0,363000000.0,0.0,363000000.0,-2000000.0,386000000.0,1612000000.0,0.0,41000000.0,74000000.0,344000000.0,0.1825902335,272000000.0,0.144373673,-43000000.0,229000000.0,0.1215498938,52000000.0,176000000.0,0.093418259,1.3,1.27,136000000,139000000,https://www.sec.gov/Archives/edgar/data/1022079/000102207918000106/0001022079-18-000106-index.htm,https://www.sec.gov/Archives/edgar/data/1022079/000102207918000106/dgx0331201810-q.htm,13.852941176470589,1.2941176470588236,1.3235294117647058,0.7867647058823529,0.9117647058823528,37.81617647058823,-17.816176470588236,36.98529411764706,28.676470588235293,13640800000.0,17375800000.0,19.376136363636363,7.240339702760085,75.78222222222222,127.4841121495327,2.7118886679920475,2.7118886679920475,9.222823779193206,50.51104651162791,96.53222222222222,162.3906542056075,0.012902469063398,0.0078441147146794,0.7671968190854871,0.360822814399252,10.857558139534884,1.2273948075201433,6.634146341463414,0.9523809523809524,0.0044718784822004,0.3465909090909091,0.1926751592356688,0.0,0.7074333800841515,0.4055555555555555,0.0387473460721868,0.9864864864864864,0.0100849256900212,32.8165315120966,0.021631423794656,0.0562480025567273,-33.90808823529412,254000000.0,-2423000000.0,-4181000000.0,8976000000.0,975000000.0,586000000.0,94500000.0,49.01273885350319,69.59216965742252,6.900489396411093,1.8362573099415205,1.2932489451476794,13.04255319148936,0.0349900596421471,0.5367647058823529,2018-04-19,1.49,bmo,1846815789.0,2025-04-25,2018-03-31,0.0201342281879194,102.41770491803278,1008711.8360655736
2017-12-31,DGX,USD,1022079,2018-02-23,2018-02-23 16:19:47,2017,Q4,1936000000.0,1194000000.0,742000000.0,0.3832644628,0,453000000.0,0.0,453000000.0,4000000.0,473000000.0,1667000000.0,0.0,39000000.0,73000000.0,347000000.0,0.1792355372,269000000.0,0.138946281,-35000000.0,234000000.0,0.1208677686,-23000000.0,253000000.0,0.1306818182,1.86,1.82,136000000,139000000,https://www.sec.gov/Archives/edgar/data/1022079/000102207918000038/0001022079-18-000038-index.htm,https://www.sec.gov/Archives/edgar/data/1022079/000102207918000038/dgx1231201710-k.htm,14.235294117647058,1.8602941176470589,2.375,1.7720588235294117,1.0073529411764706,37.02205882352941,-17.78676470588235,36.18382352941177,28.11029411764705,13394640000.0,17041640000.0,13.23581027667984,6.918719008264463,41.46947368421053,55.57941908713693,2.721934566145092,2.721934566145092,8.8025,49.11135446685879,52.760495356037154,70.71219917012448,0.0188881522758357,0.0179922715354798,0.7689494005283479,0.360278015805008,10.510086455331413,1.2355723746452223,6.897435897435898,1.209737827715356,0.0045540604301422,0.2411067193675889,0.2339876033057851,0.0,0.7097019899076454,0.2538699690402476,0.0423553719008264,1.1232876712328768,0.0129132231404958,38.916994571513854,0.0309264284455323,0.082978025582158,-33.75367647058823,249000000.0,-2419000000.0,-4162000000.0,8848000000.0,942000000.0,623500000.0,97500000.0,42.95454545454545,16.884422110552766,7.160804020100503,2.095238095238096,5.330357142857143,12.56842105263158,0.0514123145702093,0.6029411764705882,2018-02-01,1.38,bmo,1838357142.0,2025-04-25,2017-12-31,0.0144927536231884,94.8,1301031.5714285714
2017-09-30,DGX,USD,1022079,2017-10-19,2017-10-19 16:42:48,2017,Q3,1931000000.0,1190000000.0,741000000.0,0.3837389953,0,423000000.0,0.0,423000000.0,-2000000.0,443000000.0,1633000000.0,1000000.0,38000000.0,19000000.0,366000000.0,0.1895390989,298000000.0,0.1543241844,-40000000.0,258000000.0,0.1336095287,92000000.0,160000000.0,0.0828586225,1.18,1.15,137000000,140000000,https://www.sec.gov/Archives/edgar/data/1022079/000102207917000194/0001022079-17-000194-index.htm,https://www.sec.gov/Archives/edgar/data/1022079/000102207917000194/dgx0930201710-q.htm,14.094890510948906,1.167883211678832,2.6423357664233578,2.1824817518248176,2.554744525547445,35.81021897810219,-16.693430656934307,34.99270072992701,27.751824817518248,12828680000.0,16242680000.0,20.044812500000003,6.643542206110824,35.43834254143646,42.905284280936456,2.6759866499791407,2.6759866499791407,8.4115380631797,44.378907103825135,44.8692817679558,54.32334448160535,0.0124720548022088,0.0233071524116277,0.785148101793909,0.3605709359134016,9.327868852459016,1.467680608365019,7.842105263157895,2.0685714285714285,0.0048329212358559,0.3875,0.2190574831693423,0.0,0.6890506753520452,0.1740331491712707,0.0326255825996892,0.9130434782608696,0.0088037286380113,30.3235259091044,0.0204148673454564,0.0492914356130622,-32.21167883211679,492000000.0,-2287000000.0,-3989000000.0,8782000000.0,953500000.0,956000000.0,91500000.0,44.74365613671672,77.36974789915966,7.563025210084033,2.011458333333333,1.163245356793744,11.9,0.0333750521485189,0.4598540145985401,2017-10-19,1.35,bmo,1802589928.0,2025-04-25,2017-09-30,0.0296296296296294,106.1604761904762,987847.7936507936
2017-06-30,DGX,USD,1022079,2017-07-25,2017-07-25 16:45:51,2017,Q2,1943000000.0,1170000000.0,773000000.0,0.3978383942,0,437000000.0,0.0,437000000.0,11000000.0,454000000.0,1624000000.0,0.0,38000000.0,66000000.0,396000000.0,0.2038085435,319000000.0,0.1641791045,-27000000.0,292000000.0,0.1502830674,94000000.0,193000000.0,0.0993309315,1.4,1.37,137000000,140000000,https://www.sec.gov/Archives/edgar/data/1022079/000102207917000159/0001022079-17-000159-index.htm,https://www.sec.gov/Archives/edgar/data/1022079/000102207917000159/dgx0630201710-q.htm,14.182481751824817,1.4087591240875912,2.145985401459854,1.6715328467153283,2.291970802919708,35.13138686131387,-16.175182481751825,34.28467153284672,27.554744525547445,15228920000.0,18651920000.0,19.72658031088083,7.837838394235718,51.79904761904762,66.50183406113537,3.2422652757078985,3.2422652757078985,9.59954709212558,47.10080808080808,63.44190476190476,81.44943231441049,0.0126732558841992,0.0150371792615628,0.79561422184373,0.3674171664536427,8.643939393939394,1.6357688113413305,8.394736842105264,1.420289855072464,0.0040712013721261,0.3212435233160621,0.2249099330931549,0.0,0.6910824894307345,0.2210884353741496,0.0334534225424601,0.9848484848484848,0.0102933607822954,32.96549690753179,0.0233619418056034,0.0614258434118395,-31.33029197080292,583000000.0,-2216000000.0,-3858000000.0,8657000000.0,953500000.0,921500000.0,80000000.0,43.86515697375193,68.38461538461539,6.384615384615385,2.051742344244984,1.3160854893138358,14.096385542168674,0.0410900574835001,0.4744525547445255,2017-07-25,1.42,bmo,1707664516.0,2025-04-25,2017-06-30,0.0915492957746479,105.73238095238096,919914.8253968254
2017-03-31,DGX,USD,1022079,2017-04-21,2017-04-21 16:47:45,2017,Q1,1899000000.0,1165000000.0,734000000.0,0.3865192206,0,437000000.0,0.0,437000000.0,3000000.0,455000000.0,1620000000.0,1000000.0,36000000.0,62000000.0,345000000.0,0.1816745656,279000000.0,0.1469194313,-51000000.0,246000000.0,0.1295418641,78000000.0,163000000.0,0.0858346498,1.19,1.16,137000000,141000000,https://www.sec.gov/Archives/edgar/data/1022079/000102207917000118/0001022079-17-000118-index.htm,https://www.sec.gov/Archives/edgar/data/1022079/000102207917000118/dgx0331201710-q.htm,13.861313868613138,1.1897810218978102,1.4306569343065694,1.124087591240876,2.678832116788321,34.605839416058394,-16.00729927007299,33.7956204379562,27.496350364963504,13452030000.0,16816030000.0,20.63194785276073,7.083744075829384,68.63280612244898,87.35084415584416,2.9054060475161987,2.9054060475161987,8.855202738283307,48.74211594202899,85.79607142857142,109.195,0.0121171302769916,0.0114480862739675,0.8058315334773218,0.369077060045504,9.75072463768116,1.581725888324873,7.75,1.12,0.0046089697986103,0.3803680981595092,0.2301211163770405,0.0,0.6859234345632604,0.2142857142857142,0.0221169036334913,0.6774193548387096,0.0089520800421274,30.078417943065027,0.0208692864584724,0.0513385826771653,-30.96715328467153,573000000.0,-2193000000.0,-3810000000.0,8534000000.0,943000000.0,592500000.0,79500000.0,45.49763033175356,73.69957081545064,5.948497854077253,1.978125,1.221174004192872,15.12987012987013,0.0352051835853131,0.3065693430656934,2017-04-20,1.18,bmo,1612075187.0,2025-04-25,2017-03-31,0.1271186440677967,95.32548387096774,857959.1612903225
2016-12-31,DGX,USD,1022079,2017-02-22,2017-02-22 16:11:38,2016,Q4,1861000000.0,1160000000.0,701000000.0,0.3766792047,0,400000000.0,0.0,400000000.0,2000000.0,425000000.0,1585000000.0,0.0,36000000.0,63000000.0,341000000.0,0.18323482,276000000.0,0.1483073616,-34000000.0,242000000.0,0.1300376142,84000000.0,155000000.0,0.0832885545,1.11,1.09,138000000,141000000,https://www.sec.gov/Archives/edgar/data/1022079/000102207917000032/0001022079-17-000032-index.htm,https://www.sec.gov/Archives/edgar/data/1022079/000102207917000032/dgx1231201610-k.htm,13.485507246376812,1.1231884057971016,2.2028985507246377,1.2753623188405796,2.601449275362319,34.32608695652174,-16.028985507246375,33.53623188405797,27.318840579710145,12682200000.0,16057200000.0,20.45516129032258,6.81472326706072,41.71776315789474,72.05795454545455,2.740319792566984,2.740319792566984,8.628264373992478,47.08856304985337,52.819736842105264,91.23409090909092,0.0122218542524167,0.0138777183769377,0.806828003457217,0.3697029702970297,9.897360703812316,1.5606523955147809,7.666666666666667,1.8203592814371257,0.004336786992793,0.3548387096774194,0.214938205265986,0.0,0.688019801980198,0.4210526315789473,0.0687802256851155,2.031746031746032,0.0091348737238044,29.11217792594162,0.0196830526605612,0.0491907331006029,-30.931159420289852,550000000.0,-2212000000.0,-3832000000.0,8528000000.0,946000000.0,612500000.0,82000000.0,44.78237506716819,17.92241379310345,6.362068965517242,2.009719222462203,5.021645021645021,14.146341463414634,0.0334917891097666,0.927536231884058,2017-01-26,1.27,bmo,1512366412.0,2025-04-25,2016-12-31,0.031496062992126,86.18904761904761,1112200.9206349207
2016-09-30,DGX,USD,1022079,2016-10-21,2016-10-21 16:23:33,2016,Q3,1885000000.0,1157000000.0,728000000.0,0.3862068966,0,409000000.0,0.0,409000000.0,4000000.0,406000000.0,1563000000.0,0.0,37000000.0,63000000.0,389000000.0,0.2063660477,322000000.0,0.1708222812,-33000000.0,289000000.0,0.1533156499,95000000.0,190000000.0,0.100795756,1.37,1.34,139000000,142000000,https://www.sec.gov/Archives/edgar/data/1022079/000102207916000332/0001022079-16-000332-index.htm,https://www.sec.gov/Archives/edgar/data/1022079/000102207916000332/dgx0930201610-q.htm,13.56115107913669,1.3669064748201438,2.1654676258992804,1.7266187050359711,2.920863309352518,34.31654676258993,-15.841726618705035,33.54676258992806,27.762589928057555,11763570000.0,15179570000.0,15.478381578947369,6.240620689655173,39.08162790697674,49.014875,2.522747158481664,2.522747158481664,8.052822281167108,39.02203084832905,50.430465116279066,63.24820833333333,0.0161515594330632,0.0204019698101851,0.819644006004718,0.3757003833677381,8.781491002570695,1.569789674952199,8.702702702702704,1.4682926829268292,0.0048454678299189,0.3,0.2169761273209549,0.0,0.6853435564730168,0.2026578073089701,0.0323607427055702,0.9682539682539684,0.0084880636604774,32.12077143146011,0.0236645773084024,0.0593564511090284,-30.442446043165468,596000000.0,-2202000000.0,-3761000000.0,8520000000.0,970500000.0,988500000.0,81000000.0,46.12201591511936,77.32065687121866,6.378565254969749,1.9513457556935816,1.163983903420523,14.109756097560975,0.040746300664808,0.4388489208633093,2016-10-20,1.35,bmo,1857481751.0,2025-04-25,2016-09-30,0.0148148148148148,83.980625,1103086.78125
2016-06-30,DGX,USD,1022079,2016-07-25,2016-07-25 06:52:16,2016,Q2,1906000000.0,1155000000.0,751000000.0,0.3940188877,0,430000000.0,0.0,430000000.0,-5000000.0,447000000.0,1602000000.0,1000000.0,34000000.0,61000000.0,479000000.0,0.2513116474,422000000.0,0.221406086,-39000000.0,383000000.0,0.2009443861,183000000.0,194000000.0,0.1017838405,1.38,1.37,140000000,142000000,https://www.sec.gov/Archives/edgar/data/1022079/000102207916000308/0001022079-16-000308-index.htm,https://www.sec.gov/Archives/edgar/data/1022079/000102207916000308/dgx0630201610-q.htm,13.614285714285714,1.3857142857142857,2.2928571428571427,1.8857142857142857,2.021428571428572,33.16428571428571,-16.735714285714284,32.40714285714286,27.685714285714287,11397400000.0,14956400000.0,14.68737113402062,5.979748163693599,35.50591900311527,43.1719696969697,2.5121005069429136,2.5121005069429136,7.84700944386149,31.224217118997917,46.59314641744548,56.65303030303031,0.0170214259392493,0.0231631775668134,0.846815076041437,0.3800573746166782,7.430062630480167,1.3591359135913592,12.411764705882351,1.5285714285714285,0.0049134013020513,0.2886597938144329,0.2256033578174186,0.0,0.6910673657137204,0.1775700934579439,0.0299055613850996,0.9344262295081968,0.0094438614900314,31.786922127934105,0.0244714642141079,0.0621197566442523,-31.5125,399000000.0,-2343000000.0,-3956000000.0,8322000000.0,963500000.0,952000000.0,81000000.0,46.03882476390346,76.59740259740259,6.233766233766233,1.9548717948717949,1.174974567650051,14.4375,0.0427595327308794,0.4071428571428571,2016-07-21,1.32,bmo,1877552238.0,2025-04-25,2016-06-30,0.0151515151515151,76.14734375,1126087.046875
2016-03-31,DGX,USD,1022079,2016-04-27,2016-04-27 16:25:51,2016,Q1,1863000000.0,1144000000.0,719000000.0,0.3859366613,0,442000000.0,0.0,442000000.0,-49000000.0,462000000.0,1606000000.0,0.0,36000000.0,62000000.0,270000000.0,0.1449275362,257000000.0,0.1379495437,-85000000.0,172000000.0,0.0923242083,68000000.0,103000000.0,0.0552871712,0.71,0.7,143000000,144000000,https://www.sec.gov/Archives/edgar/data/1022079/000102207916000254/0001022079-16-000254-index.htm,https://www.sec.gov/Archives/edgar/data/1022079/000102207916000254/dgx0331201610-q.htm,13.027972027972028,0.7202797202797203,1.0,0.6713286713286714,0.8951048951048951,33.13286713286713,-15.846153846153848,32.41958041958042,27.51048951048951,10217350000.0,13987350000.0,24.799393203883493,5.484353193773484,71.45,106.43072916666668,2.203915012942192,2.203915012942192,7.507971014492754,51.805,97.81363636363636,145.7015625,0.0100808918163711,0.0093957826638022,0.8408110440034513,0.3860552639397841,13.962962962962964,1.3697247706422018,7.138888888888889,1.2543859649122806,0.00538300048447,0.5339805825242718,0.2372517444981213,0.0,0.6936713875408537,0.3286713286713286,0.025228126677402,0.7580645161290323,0.0096618357487922,22.921632623234515,0.016955302655451,0.0333010022631749,-31.3006993006993,403000000.0,-2266000000.0,-3866000000.0,8332000000.0,926500000.0,600000000.0,83000000.0,45.990338164251206,72.4562937062937,6.451048951048951,1.956932773109244,1.242128121606949,13.951219512195122,0.0222174288179465,0.3286713286713286,2016-04-21,1.12,bmo,1863000000.0,2025-04-25,2016-03-31,0.0,67.06344262295082,1071972.1803278688
2015-12-31,DGX,USD,1022079,2016-02-26,2016-02-26 16:05:35,2015,Q4,1849000000.0,1150000000.0,699000000.0,0.378042185,0,429000000.0,0.0,429000000.0,3000000.0,460000000.0,1610000000.0,0.0,36000000.0,74000000.0,316000000.0,0.1709031909,239000000.0,0.129259059,-33000000.0,206000000.0,0.1114115738,14000000.0,188000000.0,0.1016765819,1.31,1.29,143000000,144000000,https://www.sec.gov/Archives/edgar/data/1022079/000102207916000195/0001022079-16-000195-index.htm,https://www.sec.gov/Archives/edgar/data/1022079/000102207916000195/dgx1231201510-k.htm,12.93006993006993,1.3146853146853146,1.8951048951048952,1.2377622377622377,0.93006993006993,33.44755244755245,-14.727272727272728,32.75524475524475,25.783216783216783,10173020000.0,13691020000.0,13.527952127659576,5.50190373174689,37.53881918819188,57.474689265536725,2.171865926558497,2.171865926558497,7.404553812871822,43.326012658227846,50.52036900369004,77.35039548022598,0.018480254634317,0.0173989631397559,0.7794619982920581,0.3664926721541859,11.132911392405065,1.2796248934356351,6.638888888888889,1.355,0.0053081582460272,0.2872340425531915,0.2320173066522444,0.0,0.6915278056615137,0.3468634686346863,0.0508382909680908,1.2702702702702702,0.0070308274743104,31.12738156863628,0.0248946447869242,0.0611780019524894,-30.26748251748252,328000000.0,-2106000000.0,-3678000000.0,8142000000.0,907500000.0,612000000.0,85000000.0,43.85613845321796,21.83478260869565,6.573913043478261,2.052164261931188,4.121863799283154,13.69047619047619,0.0401366353543979,0.6573426573426573,2016-01-28,1.19,bmo,1849000000.0,2025-04-25,2015-12-31,0.0,67.22984375,1157403.203125
2015-09-30,DGX,USD,1022079,2015-10-29,2015-10-29 16:13:00,2015,Q3,1880000000.0,1162000000.0,718000000.0,0.3819148936,0,402000000.0,0.0,402000000.0,-4000000.0,421000000.0,1583000000.0,0.0,35000000.0,77000000.0,704000000.0,0.3744680851,631000000.0,0.3356382979,-39000000.0,592000000.0,0.314893617,239000000.0,340000000.0,0.1808510638,2.37,2.35,144000000,145000000,https://www.sec.gov/Archives/edgar/data/1022079/000102207915000152/0001022079-15-000152-index.htm,https://www.sec.gov/Archives/edgar/data/1022079/000102207915000152/dgx0930201510-q.htm,13.055555555555555,2.361111111111111,1.4722222222222223,1.1111111111111112,0.8541666666666666,32.56944444444444,-15.34027777777778,31.86805555555556,26.15277777777778,8851680000.0,12459680000.0,6.508588235294117,4.708340425531915,41.75320754716981,55.323,1.9288908258879929,1.9288908258879929,6.627489361702128,17.69840909090909,58.77207547169811,77.873,0.0384107875567124,0.0180756647325705,0.8130311614730878,0.3703593408775064,5.125,1.4545454545454546,18.02857142857143,0.5988700564971752,0.0062135097518211,0.1617647058823529,0.2138297872340425,0.0,0.6848322414135398,0.2452830188679245,0.0276595744680851,0.6753246753246753,0.0063829787234042,41.14596518966214,0.0413421676263671,0.1070866141732283,-31.475694444444443,515000000.0,-2209000000.0,-3736000000.0,8300000000.0,925500000.0,1007500000.0,97500000.0,43.755319148936174,73.19277108433735,6.660929432013769,2.0568927789934355,1.2296296296296296,13.511627906976743,0.0740902157332752,0.3611111111111111,2015-10-22,1.27,bmo,1850625000.0,2025-04-25,2015-09-30,0.0078740157480315,69.8975,1016155.203125
2015-06-30,DGX,USD,1022079,2015-07-30,2015-07-30 16:26:07,2015,Q2,1925000000.0,1182000000.0,743000000.0,0.385974026,0,429000000.0,0.0,429000000.0,-64000000.0,442000000.0,1624000000.0,0.0,37000000.0,75000000.0,312000000.0,0.1620779221,301000000.0,0.1563636364,-94000000.0,207000000.0,0.1075324675,78000000.0,117000000.0,0.0607792208,0.82,0.81,144000000,145000000,https://www.sec.gov/Archives/edgar/data/1022079/000102207915000127/0001022079-15-000127-index.htm,https://www.sec.gov/Archives/edgar/data/1022079/000102207915000127/dgx0630201510-q.htm,13.368055555555555,0.8125,1.9097222222222223,1.4861111111111112,1.0416666666666667,30.166666666666668,-18.506944444444443,29.95833333333333,26.20138888888889,10442880000.0,14028880000.0,22.313846153846157,5.424872727272727,37.97410909090909,48.7985046728972,2.420695410292072,2.420695410292072,7.28772987012987,44.96435897435897,51.01410909090909,65.55551401869158,0.0112038058466629,0.0204924312067169,0.8660176170607325,0.3843621399176954,11.493589743589745,1.2318840579710144,8.135135135135135,2.131782945736434,0.0052667463381749,0.4700854700854701,0.2228571428571428,0.0,0.7210905349794239,0.2218181818181818,0.0316883116883116,0.8133333333333334,0.0077922077922077,23.40247382756789,0.0216955482471579,0.0431575064551825,-31.03298611111111,288000000.0,-2665000000.0,-3846000000.0,8203000000.0,943000000.0,1055500000.0,107500000.0,43.80779220779221,81.47208121827411,8.299492385786802,2.054429028815368,1.1046728971962616,10.844036697247706,0.0271210013908205,0.4236111111111111,2015-07-23,1.24,bmo,1894200000.0,2025-04-25,2015-06-30,0.0080645161290322,73.83428571428573,1641512.0
2015-03-31,DGX,USD,1022079,2015-04-30,2015-04-30 16:55:59,2015,Q1,1839000000.0,1163000000.0,676000000.0,0.3675910821,0,419000000.0,0.0,419000000.0,-78000000.0,448000000.0,1611000000.0,0.0,45000000.0,78000000.0,228000000.0,0.1239804241,228000000.0,0.1239804241,-116000000.0,112000000.0,0.0609026645,42000000.0,61000000.0,0.0331702012,0.42,0.42,144000000,146000000,https://www.sec.gov/Archives/edgar/data/1022079/000102207915000069/0001022079-15-000069-index.htm,https://www.sec.gov/Archives/edgar/data/1022079/000102207915000069/dgx0331201510-q.htm,12.770833333333334,0.4236111111111111,0.3611111111111111,-0.0277777777777777,6.763888888888889,29.65972222222222,-19.13888888888889,29.46527777777778,33.166666666666664,11066400000.0,14823400000.0,45.35409836065573,6.017618270799347,212.8153846153846,-2766.6,2.6081546075889697,2.6081546075889697,8.06057640021751,65.01491228070175,285.06538461538463,-3705.85,0.00551218101641,-0.0003614544928793,1.1150129625265142,0.4457740506925469,16.478070175438596,1.1369076112972714,5.066666666666666,0.7428571428571429,0.0043374539145521,0.7868852459016393,0.2278412180532898,0.0,0.6621125035334025,1.0769230769230769,0.0304513322457857,0.717948717948718,0.0065252854812398,16.75830924704054,0.0148949513954217,0.0170105967651979,-31.96701388888889,286000000.0,-2756000000.0,-3967000000.0,8215000000.0,940500000.0,649000000.0,108000000.0,46.44371941272431,80.55889939810834,8.202923473774721,1.9378292939936776,1.117195004803074,10.971698113207546,0.0143766203158142,0.3888888888888889,2015-04-23,1.02,bmo,1821485714.0,2025-04-25,2015-03-31,0.0294117647058823,71.61344262295083,1577533.0655737706
2014-12-31,DGX,USD,1022079,2015-02-24,2015-02-24 16:33:19,2014,Q4,1883000000.0,1184000000.0,699000000.0,0.3712161445,0,427000000.0,0.0,427000000.0,1000000.0,442000000.0,1626000000.0,1000000.0,42000000.0,79000000.0,345000000.0,0.1832182687,257000000.0,0.1364843335,-34000000.0,223000000.0,0.1184280404,28000000.0,190000000.0,0.1009028147,1.3,1.29,145000000,146000000,https://www.sec.gov/Archives/edgar/data/1022079/000102207915000034/0001022079-15-000034-index.htm,https://www.sec.gov/Archives/edgar/data/1022079/000102207915000034/dgx1231201410-k.htm,12.986206896551725,1.3103448275862069,2.089655172413793,1.4758620689655173,1.3241379310344827,29.86206896551724,-19.124137931034483,29.662068965517243,26.23448275862069,9723700000.0,13293700000.0,12.79434210526316,5.163940520446097,32.091419141914194,45.43785046728972,2.260799813996745,2.260799813996745,7.059851301115241,38.53246376811594,43.873597359735975,62.12009345794392,0.0195398870800209,0.0220080833427604,0.8746803069053708,0.3808848840741116,10.347826086956522,0.9379754242246928,6.119047619047619,1.515,0.0049363925254789,0.2526315789473684,0.2267657992565055,0.0,0.7191454895211097,0.2937293729372937,0.0472650026553372,1.1265822784810129,0.0069038767923526,29.57227788826208,0.0258727770785212,0.0684931506849315,-31.73103448275862,-106000000.0,-2773000000.0,-3944000000.0,7930000000.0,942500000.0,654500000.0,110500000.0,44.54593733404142,19.53547297297297,8.361486486486486,2.0203862660944205,4.607003891050583,10.763636363636364,0.0441757730760288,0.6137931034482759,2015-01-29,1.04,bmo,1813259259.0,2025-04-25,2014-12-31,0.0384615384615384,63.101875,1652874.671875
2014-09-30,DGX,USD,1022079,2014-10-30,2014-10-30 16:35:52,2014,Q3,1904000000.0,1178000000.0,726000000.0,0.381302521,0,446000000.0,0.0,446000000.0,-1000000.0,470000000.0,1648000000.0,1000000.0,41000000.0,79000000.0,335000000.0,0.1759453782,256000000.0,0.1344537815,-35000000.0,221000000.0,0.1160714286,82000000.0,128000000.0,0.0672268908,0.89,0.88,145000000,145000000,https://www.sec.gov/Archives/edgar/data/1022079/000102207914000052/0001022079-14-000052-index.htm,https://www.sec.gov/Archives/edgar/data/1022079/000102207914000052/dgx0930201410-q.htm,13.13103448275862,0.8827586206896552,1.8689655172413795,1.1655172413793105,1.1724137931034482,29.03448275862069,-20.07586206896552,28.841379310344827,26.93103448275862,8798600000.0,12492600000.0,17.184765625,4.621113445378152,32.46715867158672,52.06272189349112,2.103921568627451,2.103921568627451,6.561239495798319,37.29134328358209,46.09815498154982,73.9207100591716,0.0145477689632441,0.0192076012092832,0.9239598278335724,0.3942454851545761,11.026865671641792,1.3134453781512605,6.243902439024391,1.9496402877697845,0.0054554133612165,0.375,0.2342436974789916,0.0,0.7265585144373023,0.3763837638376384,0.0535714285714285,1.2911392405063291,0.0068277310924369,23.93427385409282,0.0184162844173205,0.0477611940298507,-32.074137931034485,373000000.0,-2911000000.0,-4028000000.0,8382000000.0,958000000.0,1041000000.0,110000000.0,45.04726890756302,80.3735144312394,8.480475382003396,1.9979013641133263,1.1197718631178708,10.612612612612612,0.0306073648971783,0.7034482758620689,2014-10-23,1.08,bmo,1869381818.0,2025-04-25,2014-09-30,0.0185185185185185,61.61890625,1121970.296875
2014-06-30,DGX,USD,1022079,2014-07-31,2014-07-31 16:42:40,2014,Q2,1902000000.0,1174000000.0,728000000.0,0.3827549947,0,440000000.0,0.0,440000000.0,3000000.0,466000000.0,1640000000.0,0.0,42000000.0,81000000.0,352000000.0,0.1850683491,262000000.0,0.1377497371,-33000000.0,229000000.0,0.1203995794,87000000.0,133000000.0,0.0699263933,0.92,0.92,144000000,145000000,https://www.sec.gov/Archives/edgar/data/1022079/000102207914000043/0001022079-14-000043-index.htm,https://www.sec.gov/Archives/edgar/data/1022079/000102207914000043/dgx0630201410-q.htm,13.208333333333334,0.9236111111111112,1.9444444444444444,1.6041666666666667,1.0,28.604166666666668,-20.98611111111111,28.416666666666668,27.77777777777778,8451360000.0,12265360000.0,15.886015037593983,4.443406940063092,30.18342857142857,36.585974025974025,2.065337243401759,2.065337243401759,6.448664563617245,34.844772727272726,43.804857142857145,53.09679653679654,0.0157371121334317,0.027332878968592,0.9672531769305964,0.4056574766834068,10.835227272727272,1.196343402225755,6.238095238095238,1.971830985915493,0.0056795592662009,0.3609022556390977,0.231335436382755,0.0,0.7318848006559393,0.175,0.0257623554153522,0.6049382716049383,0.0068349106203995,24.300902332355207,0.0186332012955694,0.0508409785932721,-32.75868055555556,247000000.0,-3022000000.0,-4133000000.0,8272000000.0,970000000.0,999500000.0,104000000.0,45.56782334384858,78.96081771720614,8.356047700170357,1.9750778816199377,1.1398058252427183,10.770642201834862,0.0325024437927663,0.3402777777777778,2014-07-24,1.06,bmo,1866777777.0,2025-04-25,2014-06-30,0.0188679245283019,58.56190476190476,2131455.8571428573
2014-03-31,DGX,USD,1022079,2014-05-01,2014-05-01 17:16:44,2014,Q1,1746000000.0,1101000000.0,645000000.0,0.3694158076,0,415000000.0,0.0,415000000.0,1000000.0,437000000.0,1538000000.0,1000000.0,39000000.0,75000000.0,291000000.0,0.1666666667,208000000.0,0.1191294387,-32000000.0,176000000.0,0.1008018328,65000000.0,103000000.0,0.0589919817,0.72,0.71,144000000,145000000,https://www.sec.gov/Archives/edgar/data/1022079/000102207914000021/0001022079-14-000021-index.htm,https://www.sec.gov/Archives/edgar/data/1022079/000102207914000021/dgx0331201410-q.htm,12.125,0.7152777777777778,0.5833333333333334,0.1111111111111111,1.0,27.916666666666668,-20.68055555555556,27.72222222222222,27.68055555555556,8340480000.0,12143480000.0,20.24388349514563,4.776907216494846,99.29142857142855,521.28,2.089298597194389,2.089298597194389,6.955028636884307,41.730171821305845,144.5652380952381,758.9675,0.0123494091467157,0.0019183548189073,0.9887274549098196,0.4132984293193717,13.06872852233677,1.248322147651007,5.333333333333333,0.7567567567567568,0.0051555785758133,0.4174757281553398,0.2376861397479954,0.0,0.7327748691099476,0.8095238095238095,0.0389461626575028,0.9066666666666666,0.0068728522336769,21.122369987501138,0.0152874744414192,0.0403605015673981,-31.97048611111111,296000000.0,-2978000000.0,-4042000000.0,8145000000.0,914500000.0,613500000.0,95000000.0,50.36082474226804,79.20980926430518,8.092643051771116,1.7871033776867964,1.1362229102167185,11.12121212121212,0.0258016032064128,0.4722222222222222,2014-04-24,0.88,bmo,1829142857.0,2025-04-25,2014-03-31,-0.0454545454545455,53.596065573770495,2535380.37704918
2013-12-31,DGX,USD,1022079,2014-02-18,2014-02-18 08:04:30,2013,Q4,1756000000.0,1051000000.0,705000000.0,0.4014806378,0,414630000.0,370000.0,415000000.0,1000000.0,435000000.0,1486000000.0,1032000.0,39000000.0,72000000.0,349983000.0,0.1993069476,270000000.0,0.1537585421,-32120000.0,238000000.0,0.1355353075,87000000.0,142020000.0,0.0808769932,0.97,0.97,146000000,146000000,https://www.sec.gov/Archives/edgar/data/1022079/000102207914000013/0001022079-14-000013-index.htm,https://www.sec.gov/Archives/edgar/data/1022079/000102207914000013/dgx1231201310-k.htm,12.027397260273972,0.9727397260273972,1.4404109589041096,0.9232876712328768,1.2808219178082192,27.21232876712329,-17.616438356164384,27.04109589041096,23.08904109589041,7816840000.0,10961840000.0,13.760104210674552,4.451503416856492,37.1699476937708,57.98842729970326,1.9799493414387035,1.9799493414387035,6.24250569476082,31.321064165973777,52.12477413219211,81.3192878338279,0.0181684670531826,0.0172448201575061,0.8439716312056738,0.3723737147966026,8.986150755893858,1.221731448763251,6.923076923076923,1.393638170974155,0.0056287451195112,0.3098084776792001,0.2361218678815489,0.0,0.7314483683504693,0.3590109367570138,0.0429954441913439,1.0486111111111112,0.0022169703872437,24.327737968791425,0.0213381316652221,0.0591011235955056,-28.106164383561644,251000000.0,-2572000000.0,-3592000000.0,7601000000.0,886416500.0,626146000.0,88100000.0,43.667425968109335,22.09324452901998,7.792578496669838,2.061032863849765,4.073643410852713,11.54945054945055,0.0359726443768997,0.5171232876712328,2014-01-30,0.93,bmo,1585966019.0,2025-04-25,2013-12-31,0.10752688172043,59.31125,2282521.359375
2013-09-30,DGX,USD,1022079,2013-10-24,2013-10-24 16:23:45,2013,Q3,1787100000.0,1088500000.0,698600000.0,0.3909126518,0,422963000.0,37000.0,423000000.0,3000000.0,483200000.0,1571700000.0,689000.0,40000000.0,69000000.0,767000000.0,0.4291869509,689500000.0,0.3858206032,-32477000.0,657400000.0,0.3678585418,245900000.0,404000000.0,0.2260645739,2.7,2.68,149600000,150900000,https://www.sec.gov/Archives/edgar/data/1022079/000102207913000078/0001022079-13-000078-index.htm,https://www.sec.gov/Archives/edgar/data/1022079/000102207913000078/dgx0930201310-q.htm,11.945855614973262,2.700534759358289,1.2459893048128343,0.9064171122994652,1.0581550802139037,25.879679144385022,-17.788101604278076,25.68649732620321,22.773395721925137,9243784000.0,12452384000.0,5.720163366336633,5.172505175983437,49.59111587982832,68.16949852507375,2.4055440185286385,2.4055440185286385,6.967927927927928,16.235181225554108,66.80463519313305,91.83174041297936,0.0437050454662289,0.0146693172406451,0.8761808103677102,0.377138056566788,4.183311603650587,1.1506053268765133,17.2375,0.4503503261657405,0.0049763170580359,0.1138613861386138,0.2366756197190979,0.0,0.731750210025203,0.2725321888412017,0.0284259414694197,0.736231884057971,0.0039169604386995,39.50650294192653,0.0544197080642458,0.168698847502923,-27.836732954545457,186600000.0,-2661100000.0,-3630300000.0,7468700000.0,933793000.0,955109500.0,87300000.0,46.3739969783448,82.21063849333946,7.0445567294441895,1.9407427839792883,1.0947488263005234,12.775821596244132,0.1051344107008093,0.339572192513369,2013-10-17,1.12,bmo,2103529411.0,2025-04-25,2013-09-30,-0.0892857142857143,59.855,1341908.640625
2013-06-30,DGX,USD,1022079,2013-07-25,2013-07-25 17:07:20,2013,Q2,1815700000.0,1093700000.0,722000000.0,0.3976427824,0,418548000.0,-48000.0,418500000.0,300000.0,433300000.0,1527000000.0,658000.0,39900000.0,71800000.0,368000000.0,0.2026766536,288700000.0,0.1590020378,-33000000.0,256400000.0,0.1412127554,94500000.0,165000000.0,0.0908740431,1.07,1.07,152700000,154100000,https://www.sec.gov/Archives/edgar/data/1022079/000102207913000057/0001022079-13-000057-index.htm,https://www.sec.gov/Archives/edgar/data/1022079/000102207913000057/dgx0630201310-q.htm,11.89063523248199,1.080550098231827,1.3628028814669286,0.9986902423051736,0.971185330713818,25.79240340537001,-17.39816633922724,25.618205631958087,23.158480681074,9232242000.0,12580342000.0,13.988245454545456,5.084673679572616,44.364449783757806,60.53929180327869,2.3600403895805107,2.3600403895805107,6.928645701382387,34.185711956521736,60.453349351273424,82.49404590163934,0.017872148498707,0.0165181978548655,0.8937856284669854,0.3869368422217549,9.098097826086956,1.1386844348028202,7.235588972431078,1.1918671248568156,0.0050908544208438,0.2848484848484848,0.2305160544142754,0.0,0.7298724007038435,0.2671792407496396,0.0306217987553009,0.7743732590529248,0.0066090213140937,24.956752167961437,0.0224630559349696,0.067598017124831,-27.469124099541585,179000000.0,-2656700000.0,-3627900000.0,7526000000.0,938359500.0,925472500.0,89600000.0,46.92833067136642,75.37115296699278,7.356679162475999,1.9178180581418809,1.1940907954454885,12.2337807606264,0.0421789923055292,0.364112639161755,2013-07-18,1.09,bmo,1866367924.0,2025-04-25,2013-06-30,-0.0275229357798165,59.573125,1296888.296875
2013-03-31,DGX,USD,1022079,2013-04-24,2013-04-24 16:34:40,2013,Q1,1786600000.0,1091800000.0,694800000.0,0.388895108,0,447869000.0,31000.0,447900000.0,3400000.0,467800000.0,1559600000.0,621000.0,39900000.0,70200000.0,308000000.0,0.1723944923,227000000.0,0.1270569797,-30000000.0,196600000.0,0.1100414195,73300000.0,135000000.0,0.075562521,0.86,0.85,158100000,159400000,https://www.sec.gov/Archives/edgar/data/1022079/000102207913000024/0001022079-13-000024-index.htm,https://www.sec.gov/Archives/edgar/data/1022079/000102207913000024/dgx0331201310-q.htm,11.30044275774826,0.8538899430740038,0.2985452245414294,-0.0120177103099304,0.845034788108792,26.73877292852625,-14.561037318153067,26.56546489563567,21.765338393421885,8904192000.0,12171792000.0,16.489244444444445,4.9838755177432,188.6481355932204,-4686.416842105263,2.1200457142857143,2.1200457142857143,6.812824359117878,39.5188051948052,257.87694915254235,-6406.206315789474,0.0151613981369673,-0.0002133826404462,0.8098095238095238,0.3654767789215791,10.60909090909091,1.206091706671081,5.68922305764411,0.3286908077994429,0.0053907193375884,0.3555555555555555,0.2506823015784171,0.0,0.70162902151254,1.0402542372881356,0.0274823687451024,0.6994301994301995,0.0027986118885033,22.591804363929143,0.0170593070135271,0.0486188641192782,-26.58333649588868,249000000.0,-2302100000.0,-3621600000.0,7532400000.0,898483000.0,569509000.0,91450000.0,46.84705026306951,77.07603956768638,7.402454662026011,1.921145504244241,1.1676780553957251,12.158129175946549,0.0321428571428571,0.3105629348513599,2013-04-17,1.03,bmo,2068101123.0,2025-04-25,2013-03-31,-0.1359223300970874,57.47983333333333,1348942.5333333334
2012-12-31,DGX,USD,1022079,2013-02-27,2013-02-27 16:38:49,2012,Q4,1773800000.0,1072600000.0,701200000.0,0.395309505,0,371144000.0,49856000.0,421000000.0,600000.0,436200000.0,1508800000.0,991000.0,40000000.0,71300000.0,336689000.0,0.1898122674,265000000.0,0.1493967753,-32715000.0,231600000.0,0.130567144,81600000.0,55816000.0,0.0314669072,0.35,0.34,158700000,160100000,https://www.sec.gov/Archives/edgar/data/1022079/000102207913000014/0001022079-13-000014-index.htm,https://www.sec.gov/Archives/edgar/data/1022079/000102207913000014/dgx1231201210-k.htm,11.177063642091998,0.3517076244486452,2.3963453056080657,2.01890359168242,1.862633900441084,26.375551354757405,-14.00252047889099,26.23251417769376,21.44675488342785,9247449000.0,12315449000.0,41.41934660312456,5.21335494418762,24.316195109124376,28.862200374531835,2.2212891835411117,2.2212891835411117,6.942974968993122,36.57811511513593,32.38351038653695,38.43773096129838,0.0060358267453002,0.034647393026985,0.8079556100021619,0.3623046349055892,9.112266810023494,1.490168003054601,6.625,5.797256097560975,0.0029307542004286,0.4855596961444747,0.2092366670425076,0.0,0.6902271674619502,0.1575072311333158,0.0337693088285037,0.8401122019635343,0.004084451460142,14.407947216967507,0.0208147427571136,0.0194081852637435,-25.8708254568368,513500000.0,-2222200000.0,-3537000000.0,7677300000.0,898866000.0,559995500.0,93800000.0,43.9903033036419,17.117285101622226,7.811859034122692,2.045905420991926,5.257843137254902,11.52094522019334,0.0134073166630635,0.3774417139256458,2013-01-23,1.05,bmo,1791362376.0,2025-04-25,2012-12-31,-0.0380952380952381,59.366290322580646,832568.4032258064
2012-09-30,DGX,USD,1022079,2012-10-24,2012-10-24 16:19:14,2012,Q3,1851400000.0,1089700000.0,761700000.0,0.4114183861,0,432627000.0,-27000.0,432600000.0,2502000.0,453000000.0,1542700000.0,657000.0,41685000.0,71300000.0,383697000.0,0.2072469483,308700000.0,0.1667386842,-33645000.0,274900000.0,0.1484822297,103300000.0,162437000.0,0.0877373879,1.02,1.01,158800000,160700000,https://www.sec.gov/Archives/edgar/data/1022079/000102207912000032/0001022079-12-000032-index.htm,https://www.sec.gov/Archives/edgar/data/1022079/000102207912000032/dgx0930201210-q.htm,11.658690176322418,1.022903022670025,2.4855163727959697,2.202770780856423,1.207808564231738,26.43324937027708,-16.637909319899244,26.2676322418136,22.49360831234257,10066332000.0,13404832000.0,15.492671004758767,5.437145943610241,25.503754750443377,28.77739279588336,2.413236161388536,2.413236161388536,7.240375931727342,34.93598334102169,33.96207752723588,38.32141795311607,0.0161366622916867,0.0347494996191264,0.8463308800613718,0.3788403961926019,8.700875951597224,1.3752101625256865,7.405541561712846,2.30011655011655,0.0026874734511041,0.1665445680479201,0.2336755968456303,0.0,0.7339757691523495,0.1137572840131745,0.0242519174678621,0.6297335203366059,0.0048120341363292,24.58775934112448,0.0229329706305361,0.0655252117789431,-26.347613350125943,401700000.0,-2642100000.0,-3648800000.0,8024200000.0,936100500.0,457995500.0,92300000.0,45.24461488603219,75.6531063595485,7.80490043131137,1.9891870054967489,1.1896405095683251,11.531216931216932,0.0389415769664133,0.2827455919395466,2012-10-17,1.18,bmo,1821700000.0,2025-04-25,2012-09-30,0.0,60.67174603174603,846349.8412698413
2012-06-30,DGX,USD,1022079,2012-07-26,2012-07-26 16:44:56,2012,Q2,1906800000.0,1110500000.0,796300000.0,0.4176106566,0,440788000.0,12000.0,440800000.0,-1255000.0,461600000.0,1572100000.0,621000.0,41900000.0,71800000.0,411945000.0,0.2160399622,334700000.0,0.1755296832,-34452000.0,298900000.0,0.1567547724,112400000.0,176993000.0,0.0928220055,1.12,1.11,158500000,159800000,https://www.sec.gov/Archives/edgar/data/1022079/000102207912000022/0001022079-12-000022-index.htm,https://www.sec.gov/Archives/edgar/data/1022079/000102207912000022/dgx0630201210-q.htm,12.030283911671924,1.1166750788643534,1.5823343848580442,1.2832807570977918,1.0958990536277602,25.36971608832808,-17.777917981072555,25.206309148264985,24.382334384858044,9494150000.0,13143150000.0,13.4103467368766,4.979101111810363,37.85546251993621,46.67723697148476,2.3763891670004003,2.3763891670004003,6.892778477029578,31.90510869169428,52.4049043062201,64.61725663716814,0.0186423218508239,0.0214237188163237,0.9568231878253904,0.406981943616387,8.85797861364988,1.115120404619914,7.988066825775657,1.3454935622317596,0.0028523880494831,0.1530060510867661,0.2311663520033564,0.0,0.7281002469977004,0.1889952153110047,0.0248584015103838,0.6601671309192201,0.0073998321795678,25.16571652586921,0.0245327598024118,0.069303026743412,-28.055824921135645,152500000.0,-2817800000.0,-3894500000.0,7780000000.0,957678500.0,0.0,89200000.0,44.436862806796725,0.0,7.30211616389014,2.02534549730262,0.0,12.32519422863485,0.0443014116940328,0.2990536277602523,2012-07-19,1.17,bmo,1878400000.0,2025-04-25,2012-06-30,0.0,57.67031746031746,1092655.5873015872
2012-03-31,DGX,USD,1022079,2012-04-27,2012-04-27 16:32:36,2012,Q1,1936500000.0,1116500000.0,820000000.0,0.4234443584,0,500641000.0,-41000.0,500600000.0,4756000.0,520400000.0,1636900000.0,654000.0,42300000.0,72200000.0,383017000.0,0.1977882778,299600000.0,0.1547121095,-28219000.0,269600000.0,0.1392202427,101400000.0,158524000.0,0.0818610896,1.0,0.99,158300000,159700000,https://www.sec.gov/Archives/edgar/data/1022079/000102207912000005/0001022079-12-000005-index.htm,https://www.sec.gov/Archives/edgar/data/1022079/000102207912000005/dgx0331201210-q.htm,12.233101705622236,1.0014150347441566,1.0189513581806695,0.8294377763739734,0.9185091598231206,24.61212886923563,-18.828174352495264,24.442830069488316,25.02779532533165,9680045000.0,13454245000.0,15.26589822361283,4.99873224890266,60.01267823930564,73.72463823305408,2.501756131600031,2.501756131600031,6.947712367673638,35.12701786082602,83.41131432114074,102.46949733434882,0.0163763701511718,0.0135639865310543,1.012999767399788,0.4147110480986943,9.853870715921223,0.9955421528779336,7.08274231678487,0.9572700296735904,0.0027789127013355,0.1696903938835759,0.2585287890524141,0.0,0.7275747508305648,0.1859888406695598,0.0154918667699457,0.4155124653739612,0.0103630260779757,23.467890707812845,0.0220412741542967,0.0615675003883796,-29.281958307012,-6800000.0,-2980500000.0,-4036700000.0,7651200000.0,940171500.0,107670000.0,88716000.0,45.26202943454686,0.0,7.117778772951186,1.98842166655714,0.0,12.644394110985278,0.0409696844390458,0.1895135818066961,2012-04-18,1.01,bmo,1801670093.0,2025-04-25,2012-03-31,0.0594059405940594,58.3658064516129,1070765.5322580645
2011-12-31,DGX,USD,1022079,2012-02-16,2012-02-16 16:39:21,2011,Q4,1879307000.0,1077367000.0,801940000.0,0.4267211265,0,457073000.0,0.0,457073000.0,0.0,476759000.0,1554126000.0,1114000.0,43779000.0,71671000.0,407679000.0,0.2169304962,325181000.0,0.1730323997,-32952000.0,292229000.0,0.1554982768,92886000.0,189437000.0,0.1008015189,1.2,1.2,158300000,158300000,https://www.sec.gov/Archives/edgar/data/1022079/000093041312000949/0000930413-12-000949-index.htm,https://www.sec.gov/Archives/edgar/data/1022079/000093041312000949/c68209_10k.htm,11.871806696146557,1.19669614655717,2.1335818066961467,1.8576689829437776,1.0416045483259633,23.468092229943142,-19.686531901452938,23.32831332912192,25.70243840808591,9190898000.0,13050929000.0,12.129227658799495,4.89057828231364,27.2124555139069,31.25422264842605,2.488821166831669,2.488821166831669,6.944543387535937,32.012757586238195,38.6412540785087,44.38049913455686,0.0206113700750459,0.0319956765922111,1.0899151121403612,0.4321650606079705,9.468309625955715,0.8975767362581262,7.427785011078371,1.6981376827625043,0.0017225737898516,0.083573958624767,0.2432135888388645,0.0,0.7335014499034131,0.1293190740971025,0.0232410138418044,0.6094096636017358,0.0112365888064057,25.062528004959223,0.0263864935704228,0.0763242737113024,-29.74786323436513,-159899000.0,-3116378000.0,-4197120000.0,7471249000.0,921357000.0,107670000.0,87066000.0,43.41012405104648,17.988856165076527,7.445819298344947,2.073249085724057,5.003097427324232,12.087319929991471,0.0512980141201753,0.2759128237523689,2012-01-24,1.06,bmo,1619559349.0,2025-04-25,2011-12-31,0.1603773584905659,54.56238095238095,1413567.9682539685
2011-09-30,DGX,USD,1022079,2011-11-03,2011-11-03 16:34:50,2011,Q3,1906400000.0,1116600000.0,789800000.0,0.4142887117,0,446595000.0,-95000.0,446500000.0,0.0,467700000.0,1584300000.0,651000.0,44059000.0,73300000.0,400675000.0,0.2101736257,322100000.0,0.1689571968,-38784000.0,283200000.0,0.1485522451,101100000.0,171848000.0,0.0901426773,1.08,1.07,157800000,159000000,https://www.sec.gov/Archives/edgar/data/1022079/000093041311006949/0000930413-11-006949-index.htm,https://www.sec.gov/Archives/edgar/data/1022079/000093041311006949/c66991_10-q.htm,12.081115335868189,1.0890240811153358,2.139416983523448,1.8903675538656528,0.7021546261089987,22.46514575411914,-20.949302915082384,22.32192648922687,26.91862484157161,7789008000.0,11881908000.0,11.331246217587635,4.085715484683172,23.07170616113744,26.11132417029836,2.211278673631615,2.211278673631615,6.232641628199748,29.654727647095527,35.195225118483414,39.83207509218907,0.0220628865704079,0.0382975598433073,1.1934192595957305,0.450726424703801,10.215012166968242,0.7915084178901423,7.310651626228466,1.856985698569857,0.002041338255141,0.0925236255295377,0.2342609106168695,0.0,0.7345520827748887,0.116409952606635,0.0206147712966848,0.5361527967257844,0.0081813890054553,23.38707118008202,0.0246613040330801,0.0694139031385062,-31.2167664765526,-367800000.0,-3305800000.0,-4385200000.0,7289000000.0,932815500.0,0.0,86500000.0,44.20022555602182,0.0,6.851155292853305,2.036188704194032,0.0,13.136470588235294,0.0487871905518964,0.2490494296577946,2011-10-25,1.11,bmo,1872658407.0,2025-04-25,2011-09-30,0.0180180180180178,51.71328125,1967672.453125
2011-06-30,DGX,USD,1022079,2011-07-27,2011-07-27 17:24:11,2011,Q2,1903200000.0,1104400000.0,798800000.0,0.4197141656,0,462789000.0,11000.0,462800000.0,0.0,482000000.0,1586400000.0,650000.0,46600000.0,72700000.0,397096000.0,0.2086464901,316800000.0,0.1664564943,-39058000.0,277800000.0,0.145964691,105800000.0,163143000.0,0.0857203657,1.03,1.02,157600000,159400000,https://www.sec.gov/Archives/edgar/data/1022079/000093041311004928/0000930413-11-004928-index.htm,https://www.sec.gov/Archives/edgar/data/1022079/000093041311004928/c66349_10-q.htm,12.076142131979696,1.0351713197969543,0.3775380710659898,0.1262690355329949,1.1687817258883249,21.89467005076142,-21.881979695431472,21.758883248730964,27.75507614213198,9314160000.0,13457560000.0,14.272999760945918,4.893947036569988,156.54050420168068,468.0482412060301,2.716132042458882,2.716132042458882,7.071017234131988,33.889940971452745,226.17747899159664,676.2592964824121,0.0175155891674611,0.0021365319041115,1.261985302694506,0.4588599541945882,10.434252674416262,0.7414467743553728,6.798283261802575,-2.575757575757576,0.0016956977333436,0.0968107733706012,0.2431636191677175,0.0,0.7315293918059208,0.6655462184873949,0.0208070617906683,0.5447042640990372,0.0085366750735603,22.51208270068932,0.0232608204269836,0.0644324644549763,-32.077227157360404,-515400000.0,-3448600000.0,-4502600000.0,7204400000.0,934886000.0,0.0,79850000.0,43.94886506935687,0.0,7.171314741035856,2.0478344516512226,0.0,12.55,0.0475746529802869,0.2512690355329949,2011-07-20,1.12,bmo,1903200000.0,2025-04-25,2011-06-30,0.0,58.00571428571429,1554369.761904762
2011-03-31,DGX,USD,1022079,2011-05-10,2011-05-09 18:09:16,2011,Q1,1821600000.0,1097000000.0,724600000.0,0.3977821695,0,447858000.0,42000.0,447900000.0,0.0,457600000.0,1554600000.0,351000.0,38280000.0,63400000.0,104583000.0,0.0574127141,267000000.0,0.1465744401,-28022000.0,239000000.0,0.1312033377,90600000.0,140800000.0,0.077294686,0.87,0.86,161500000,163200000,https://www.sec.gov/Archives/edgar/data/1022079/000093041311003792/0000930413-11-003792-index.htm,https://www.sec.gov/Archives/edgar/data/1022079/000093041311003792/c65633_10-q.htm,11.279256965944272,0.871826625386997,0.9944272445820432,0.7529411764705882,6.156037151702787,21.25448916408669,-15.36656346749226,21.10959752321981,26.39058823529412,9321780000.0,12551380000.0,16.55145596590909,5.11735836627141,58.04346201743462,76.659375,2.7343013023583245,2.7343013023583245,6.890305226174792,120.01357773251868,78.15305105853051,103.2185855263158,0.0151044113892411,0.0130447189270718,1.238941687199343,0.4599385848378596,30.88073587485538,1.4756304717104405,6.974921630094044,1.085135135135135,0.001838275522486,0.1217045454545454,0.2458596837944664,0.0,0.6440207330618289,0.2428393524283935,0.0214097496706192,0.6151419558359621,0.0104001976284584,20.34915124443265,0.0200176013111056,0.0430699580924413,-24.86346749226006,728000000.0,-2481700000.0,-3492200000.0,7463800000.0,892849500.0,106247000.0,74136000.0,46.462450592885375,0.0,5.882406563354603,1.937048064653339,0.0,15.299860529986052,0.0413000117329578,0.2414860681114551,2011-04-20,1.0,bmo,1958709677.0,2025-04-25,2011-03-31,-0.0699999999999999,56.02951612903226,1963831.9032258063
2010-12-31,DGX,USD,1022079,2011-02-16,2011-02-16 16:10:16,2010,Q4,1824040000.0,1080438000.0,743602000.0,0.407667595,0,430966000.0,0.0,430966000.0,0.0,449390000.0,1529828000.0,294000.0,37860000.0,63520000.0,368321000.0,0.2019259446,294212000.0,0.1612969014,-27271000.0,266941000.0,0.1463460231,91600000.0,165756000.0,0.0908730072,1.03,1.03,161500000,161500000,https://www.sec.gov/Archives/edgar/data/1022079/000093041311001115/0000930413-11-001115-index.htm,https://www.sec.gov/Archives/edgar/data/1022079/000093041311001115/c64010_10-k.htm,11.2943653250774,1.0263529411764707,2.10271826625387,1.6747987616099071,2.782049535603716,25.102941176470587,-11.419306501547988,24.975108359133127,18.74932507739938,8716155000.0,11257010000.0,13.146062585969736,4.77848895857547,25.666776603482443,32.224767080745345,2.1609515852316115,2.1609515852316115,6.17147102037236,30.563041477406937,33.148924140652376,41.618640934634726,0.0190171010038256,0.0310320318993868,0.741334034134296,0.3506432619614125,6.8984798586016005,1.322127405152734,7.771051241415742,1.949062169980256,0.0032439762716473,0.1705820603779048,0.2362700379377645,0.0,0.6916743573536844,0.2035077696862972,0.0378878752658932,1.0879880352644835,0.0048710554593101,24.015593022314484,0.025221222827606,0.0630421859614412,-20.755069659442725,391149000.0,-1844218000.0,-2868088000.0,7123868000.0,864699500.0,106247000.0,74886000.0,41.70791758952655,17.7006547344688,6.37841319909148,2.1578636671757567,5.084557681628658,14.110092461996553,0.0410950345607267,0.4279195046439628,2011-01-25,0.91,bmo,1693714285.0,2025-04-25,2010-12-31,0.0769230769230768,51.04953125,1192384.53125
2010-09-30,DGX,USD,1022079,2010-10-26,2010-10-26 16:30:16,2010,Q3,1864700000.0,1091500000.0,773200000.0,0.4146511503,0,426562000.0,38000.0,426600000.0,0.0,436400000.0,1527900000.0,272000.0,36472000.0,64100000.0,397700000.0,0.2132782753,336800000.0,0.1806188663,-25849000.0,311000000.0,0.1667828605,102900000.0,198075000.0,0.1062235212,1.14,1.13,173200000,174300000,https://www.sec.gov/Archives/edgar/data/1022079/000093041310005253/0000930413-10-005253-index.htm,https://www.sec.gov/Archives/edgar/data/1022079/000093041310005253/c63112_10-q.htm,10.766166281755195,1.143620092378753,1.9064665127020783,1.632217090069284,2.1322170900692843,22.405889145496538,-11.696304849884529,22.27136258660508,18.49810623556582,8741404000.0,11539504000.0,11.032947115991416,4.687833967930498,26.47305875227135,30.921131941987973,2.2661388500025925,2.2661388500025925,6.188397061189468,29.015599698265024,34.94701393095094,40.81890343119915,0.0226594034550971,0.0323403425811231,0.8211230362420283,0.3744281441726856,7.035705305506664,1.3522598624052948,9.234481245887256,1.5897929706307177,0.0020347989865243,0.0897993184399848,0.2287563683166193,0.0,0.6982256215053255,0.1438522107813446,0.0254732664771813,0.7410296411856474,0.0088309111385209,23.9389744793008,0.0294882042899801,0.0775912723284237,-20.26342378752887,404500000.0,-2025800000.0,-3025800000.0,7123400000.0,876871500.0,0.0,75800000.0,42.671207164691374,0.0,6.035730645900137,2.109150548580477,0.0,14.91120218579235,0.0513493544874786,0.2742494226327944,2010-10-20,1.0,bmo,1775904761.0,2025-04-25,2010-09-30,0.05,47.60984375,1502685.640625
2010-06-30,DGX,USD,1022079,2010-07-27,2010-07-27 17:24:10,2010,Q2,1874700000.0,1078900000.0,795800000.0,0.4244945858,0,419412000.0,-12000.0,419400000.0,0.0,429900000.0,1508800000.0,273000.0,36640000.0,63000000.0,429407000.0,0.2290537153,365900000.0,0.1951778951,-36101000.0,329800000.0,0.1759214808,125600000.0,194615000.0,0.1038112765,1.08,1.07,178900000,180800000,https://www.sec.gov/Archives/edgar/data/1022079/000093041310004093/0000930413-10-004093-index.htm,https://www.sec.gov/Archives/edgar/data/1022079/000093041310004093/c61752_10-q.htm,10.47903856903298,1.087842370039128,1.1688093907210733,0.8949133594186697,2.5036333147009504,22.06204583566238,-10.710452766908888,21.935718278367805,17.78390162101733,8903853000.0,11600853000.0,11.437778434344732,4.749481517042727,42.58179340028695,55.6143222985634,2.268902224600566,2.268902224600566,6.188111697871659,27.015984834900223,55.47992826398852,72.46004372267333,0.0218573914012282,0.0179809796949702,0.8013913309380016,0.3707821452993468,6.280754622071834,1.6386740331491714,9.986353711790391,1.025,0.0020281107516038,0.0927883256686278,0.2237221955512882,0.0,0.691244782947016,0.234337637494022,0.026137515335787,0.7777777777777778,0.0093070891342614,23.17128793593767,0.0295859938050784,0.0743145715594928,-18.9802557294578,635800000.0,-1916100000.0,-2903600000.0,7303000000.0,867401500.0,0.0,78950000.0,41.74954392702833,0.0,6.539994438780239,2.1557121715462557,0.0,13.761479591836734,0.0495922839742119,0.2738960313024036,2010-07-21,1.06,bmo,1857179439.0,2025-04-25,2010-06-30,0.0094339622641509,54.74333333333333,1752107.7936507936
2010-03-31,DGX,USD,1022079,2010-04-26,2010-04-26 16:18:02,2010,Q1,1805500000.0,1066400000.0,739100000.0,0.409360288,0,430733000.0,-33000.0,430700000.0,0.0,440500000.0,1506900000.0,575000.0,36000000.0,63300000.0,376446000.0,0.2084995846,298600000.0,0.1653835503,-21979000.0,276600000.0,0.15319856,105400000.0,162448000.0,0.0899739684,0.9,0.89,180200000,182400000,https://www.sec.gov/Archives/edgar/data/1022079/000093041310002125/0000930413-10-002125-index.htm,https://www.sec.gov/Archives/edgar/data/1022079/000093041310002125/c61116_10q.htm,10.019422863485016,0.9014872364039956,1.3274139844617092,1.106548279689234,2.5704772475027746,21.80410654827969,-10.936182019977805,21.665371809101,17.48723640399556,10503858000.0,13155858000.0,16.16495432384517,5.817700360011077,43.91244983277592,52.67732196589769,2.6904684818524114,2.6904684818524114,7.286545555247854,34.947530323074226,54.99940635451505,65.97722166499499,0.0154655556082346,0.0189835011097827,0.7979303808816373,0.3657969516920692,7.0448351157935,1.5283790060380864,8.294444444444444,1.3980128579777908,0.0017490716268251,0.1130946518270462,0.2385671559124896,0.0,0.692773772339776,0.1663879598662207,0.0220437551924674,0.6287519747235387,0.0061628357795624,20.963033262189388,0.024285722280461,0.062088365693319,-19.063706992230856,568800000.0,-1970700000.0,-2941800000.0,7280500000.0,846251500.0,103663500.0,85443000.0,43.12622542232069,0.0,6.709489872468118,2.0868972213232238,0.0,13.413836477987422,0.041609589918291,0.220865704772475,2010-04-21,0.98,bmo,1862515789.0,2025-04-25,2010-03-31,-0.0306122448979592,57.47770491803279,1336076.2786885246
2009-12-31,DGX,USD,1022079,2010-02-17,2010-02-17 16:21:03,2009,Q4,1848273000.0,1070239000.0,778034000.0,0.4209518832,0,432992000.0,0.0,432992000.0,0.0,447641000.0,1517880000.0,275000.0,35024000.0,63025000.0,390412000.0,0.2112307002,330393000.0,0.1787576835,-38030000.0,292363000.0,0.1581817188,101605000.0,181590000.0,0.098248473,1.01,1.01,180200000,180200000,https://www.sec.gov/Archives/edgar/data/1022079/000093041310000862/0000930413-10-000862-index.htm,https://www.sec.gov/Archives/edgar/data/1022079/000093041310000862/c60319_10k.htm,10.256786903440622,1.0077136514983351,1.999550499445061,1.7226637069922308,2.964794672586016,22.26117647058824,-10.522447280799112,22.14006104328524,17.43797447280799,10880476000.0,13453519000.0,14.979453714411587,5.886833817298635,30.196786736197648,35.05036981676675,2.727183085988482,2.727183085988482,7.278967446908546,34.45979887913281,37.33780067107202,43.33917158467129,0.0166895271861267,0.0285303694433956,0.7788421458683354,0.3628477973684797,6.590583793530937,1.585541893407552,9.433331429876656,1.890822934268112,0.0028500591334423,0.1707693154909411,0.234268422467893,0.0,0.689847650118063,0.1384745184128508,0.0269954709071657,0.7916699722332408,0.0117563801451408,22.40522125671409,0.0280877086999194,0.068368853711963,-18.60001526082131,620213000.0,-1896145000.0,-2872754000.0,7353768000.0,857815500.0,103663500.0,86143000.0,40.28672712310357,17.434825305375714,7.684956350871161,2.2339863877497,5.162082121479595,11.71119208631519,0.0455153962551499,0.2768867924528302,2010-01-25,0.96,bmo,1829245360.0,2025-04-25,2009-12-31,0.0104166666666666,57.82296875,1105818.859375
2009-09-30,DGX,USD,1022079,2009-10-27,2009-10-27 07:33:19,2009,Q3,1897200000.0,1097500000.0,799700000.0,0.4215159182,0,441569000.0,31000.0,441600000.0,0.0,451400000.0,1548900000.0,1693000.0,33000000.0,9200000.0,366100000.0,0.1929685853,348300000.0,0.1835863378,-22043000.0,326300000.0,0.1719903015,125200000.0,192219000.0,0.1013172043,1.03,1.02,185100000,187200000,https://www.sec.gov/Archives/edgar/data/1022079/000093041309005367/0000930413-09-005367-index.htm,https://www.sec.gov/Archives/edgar/data/1022079/000093041309005367/c59138_10-q.htm,10.249594813614262,1.0384602917341976,2.018060507833604,1.7963587250135062,1.3344138303619666,21.27552674230146,-10.709886547811994,21.13884386817936,16.286331712587792,9660369000.0,12394969000.0,12.564274343327144,5.0919086021505375,25.861464409719897,29.053217084804484,2.46891458801881,2.46891458801881,6.533295909761754,33.85678503141218,33.182174475227754,37.2774295802181,0.0198976871380378,0.0344195961872677,0.762011858515641,0.3564077124448641,7.469543840480743,1.4842062771218083,10.554545454545456,1.852570238301882,0.00281386766903,0.1414168214380472,0.2327477335020029,0.0,0.7077112495069151,0.1098588382060432,0.0216302972802024,0.6450837066729544,0.010628294328484,22.224235067402137,0.0287026740374167,0.0786107475871094,-18.76787682333873,479800000.0,-1982400000.0,-2956900000.0,7232200000.0,892411500.0,0.0,80307500.0,42.13889943074004,0.0,6.634168564920274,2.135793796606506,0.0,13.566131025957972,0.049125690042936,0.2217017828200972,2009-10-20,0.96,bmo,1785505882.0,2025-04-25,2009-09-30,0.0625,54.138125,1666390.6875
2009-06-30,DGX,USD,1022079,2009-07-28,2009-07-28 17:08:24,2009,Q2,1901818000.0,1100212000.0,801606000.0,0.421494591,0,448756000.0,0.0,448756000.0,0.0,442231000.0,1542443000.0,115000.0,36961000.0,65187000.0,423964000.0,0.2229256427,359375000.0,0.1889639282,-37559000.0,321816000.0,0.1692149301,123535000.0,188200000.0,0.0989579445,1.01,1.0,185266000,187003000,https://www.sec.gov/Archives/edgar/data/1022079/000093041309003869/0000930413-09-003869-index.htm,https://www.sec.gov/Archives/edgar/data/1022079/000093041309003869/c58300_10-q.htm,10.265337406755693,1.0158366888689776,-0.0496961126164541,-0.2460948042274351,0.6439065991601265,20.32559670959593,-11.448107046085088,20.19336521541999,16.839015253743266,10454560380.0,13418002380.0,13.887566923485654,5.4971403046979255,-1135.5012903225806,-229.3018748492093,2.794482217204149,2.794482217204149,7.055355654431707,31.64891920068685,-1457.369651352232,-294.29961573048496,0.0180017134302494,-0.0043610633391358,0.8240089127817587,0.3754198870234009,6.989843477276373,1.3078712656610765,9.723086496577473,-0.0464135021097046,0.0031601520101412,0.1755472901168969,0.2359615904360985,0.0,0.7168767700164466,-3.951993048767242,0.0191322198023154,0.558178777977204,0.010588289731194,21.483624654489063,0.0299521741343575,0.0809515288741457,-19.50838389126985,315222000.0,-2120945000.0,-3106695000.0,7045566000.0,892394000.0,0.0,83108000.0,42.4268515704447,0.0,6.520879612292903,2.121298108830107,0.0,13.801818980116666,0.0503054680600372,0.1963986916109809,2009-07-21,0.95,bmo,1806710000.0,2025-04-25,2009-06-30,0.0526315789473684,51.41285714285715,1263616.7301587302
2009-03-31,DGX,USD,1022079,2009-04-24,2009-04-24 16:37:36,2009,Q1,1808006000.0,1053489000.0,754517000.0,0.4173199646,0,424301000.0,0.0,424301000.0,0.0,433454000.0,1486943000.0,436000.0,39844000.0,64860000.0,392220000.0,0.2169351208,321063000.0,0.1775785036,-33547000.0,287516000.0,0.1590238085,110189000.0,167102000.0,0.0924233659,0.88,0.88,189370000,190698000,https://www.sec.gov/Archives/edgar/data/1022079/000093041309002189/0000930413-09-002189-index.htm,https://www.sec.gov/Archives/edgar/data/1022079/000093041309002189/c57323_10q.htm,9.547478481280034,0.8824100966362148,1.440370702856841,1.2312034641178644,1.0784231926915562,18.653065427470032,-12.273089718540424,18.653065427470032,16.486397000580872,8991287600.0,11869251600.0,13.451795310648585,4.973040797430982,32.963736283880145,38.56389409529365,2.5454261222971457,2.5454261222971457,6.564829762733089,30.26171944316965,43.51488874957381,50.90756541841623,0.018584879878606,0.0259309912408985,0.8725640377416499,0.3692728552938652,7.337626842078425,1.172311762151064,8.058001204698323,1.5528248394589426,0.0021177167105632,0.1139483668657466,0.2346789778352505,0.0,0.7016585010985867,0.1452176431554133,0.0219081131367926,0.610699969164354,0.0072062813950838,19.24427703225944,0.0279476341055056,0.0671052753110559,-20.597986745524636,218207000.0,-2324155000.0,-3329745000.0,6936591000.0,860563000.0,95609500.0,94313000.0,44.215987115087,0.0,7.389816125275157,2.0354628692500896,0.0,12.178922787019804,0.0473064387227584,0.2091672387389766,2009-04-21,0.82,bmo,1665797752.0,2025-04-25,2009-03-31,0.0853658536585366,48.27360655737705,1678950.1475409835
2008-12-31,DGX,USD,1022079,2009-02-17,2009-02-17 16:22:26,2008,Q4,1800306000.0,1040925000.0,759381000.0,0.4218066262,0,435640000.0,0.0,435640000.0,0.0,442324000.0,1483249000.0,0.0,0.0,65765000.0,364874000.0,0.2026733233,317057000.0,0.1761128386,-53980000.0,263077000.0,0.146129047,93481000.0,169813000.0,0.0943245204,0.9,0.9,189370000,189370000,https://www.sec.gov/Archives/edgar/data/1022079/000093041309000848/0000930413-09-000848-index.htm,https://www.sec.gov/Archives/edgar/data/1022079/000093041309000848/c56618_10-k.htm,9.506817341711992,0.8967259861646512,1.916470401858795,1.533516396472514,1.3410043829540057,19.036257062892748,-12.02636637270951,19.036257062892748,16.28151766383271,9830196700.0,12659481700.0,14.47209091765648,5.460292139225221,27.08625186679231,33.85030647171851,2.7269016082572146,2.7269016082572146,7.031849974393242,34.695488579619266,34.88210056155317,43.592956315727854,0.0172746288993383,0.0295418300225874,0.8552898613441275,0.3668840278777652,7.754142525913055,1.2221315015745928,0.0,2.1371861989364773,0.005339974529706,0.3091223875675007,0.2419810854376978,0.0,0.6999581143359634,0.1998225514022296,0.0402820409419287,1.1027142096860032,0.0,19.598007391598305,0.0284505712719237,0.0673459974832451,-20.43233220679094,272058000.0,-2277433000.0,-3302115000.0,7034074000.0,860494000.0,691066500.0,100471500.0,41.63657178279693,16.53309316233158,8.829886879458174,2.1615612464325293,5.4436274637980535,10.19265605875153,0.0471062133276521,0.3829540053862808,2009-01-26,0.8,bmo,1655448275.0,2025-04-25,2008-12-31,0.0874999999999999,45.9434375,1656579.609375
2008-09-30,DGX,USD,1022079,2008-10-23,2008-10-23 16:32:33,2008,Q3,1826603000.0,1073123000.0,753480000.0,0.4125034285,0,428179000.0,0.0,428179000.0,0.0,436545000.0,1509668000.0,0.0,0.0,66144000.0,316935000.0,0.1735106096,316935000.0,0.1735106096,-56617000.0,260318000.0,0.1425148212,100642000.0,110742000.0,0.0606272956,0.57,0.56,194971000,197190000,https://www.sec.gov/Archives/edgar/data/1022079/000093041308006118/0000930413-08-006118-index.htm,https://www.sec.gov/Archives/edgar/data/1022079/000093041308006118/c55354_10q.htm,9.368588149006776,0.5679921629370521,1.6870047340373695,1.4544573295515744,1.4703673879705188,19.141226131065647,-11.528770945422652,19.141226131065647,16.04515543337214,10074151570.0,12915812570.0,22.74239125625328,5.515238708137455,30.628248372689768,35.525277332082645,2.699409099824651,2.699409099824651,7.070946762925496,40.75224437187436,39.26769540643992,45.54605123123525,0.0109926874963625,0.0281489709609362,0.8382511822129999,0.3650868340748645,8.966068752267816,1.2504237072998543,0.0,2.970119737768868,0.0007622478127952,0.0693413519712485,0.2344127322685882,0.0,0.6978562582479884,0.1378463259728138,0.0248220330307132,0.6854741170778906,0.0,15.640380260967184,0.0263497377708087,0.0427741101183624,-19.667528760687485,310734000.0,-2247776000.0,-3285205000.0,7163928000.0,905314000.0,1135575000.0,98574500.0,43.75901605329675,99.87882097392378,8.287605428268709,2.056719005984585,0.901091934430194,10.859590358031936,0.0296737606592096,0.2325474044857953,2008-10-21,0.82,bmo,1783109523.0,2025-04-25,2008-09-30,0.024390243902439,52.9575,1813924.078125
2008-06-30,DGX,USD,1022079,2008-07-24,2008-07-24 16:29:45,2008,Q2,1837901000.0,1083481000.0,754420000.0,0.4104791281,0,438037000.0,0.0,438037000.0,0.0,446297000.0,1529778000.0,1444000.0,46876000.0,67425000.0,385132000.0,0.2095499159,308123000.0,0.1676494,-37292000.0,263005000.0,0.1431007437,100787000.0,161328000.0,0.087778395,0.83,0.82,194527000,196119000,https://www.sec.gov/Archives/edgar/data/1022079/000093041308004422/0000930413-08-004422-index.htm,https://www.sec.gov/Archives/edgar/data/1022079/000093041308004422/c54355_10-q.htm,9.448050913240836,0.829334745305279,1.096521305525711,0.850293275483609,0.7371624504567489,18.854215610172368,-12.469986171585436,18.854215610172368,16.99783577601053,9428723690.0,12544987690.0,14.611108564539323,5.130158637489179,44.20342747171863,57.00386137057526,2.570777856907985,2.570777856907985,6.825714600514391,32.57321565073793,58.81299226921328,75.84406571748133,0.017110269141846,0.0175426712499197,0.8887594086028835,0.3804890211115097,8.091418007332551,1.253394657703874,6.573150439457292,1.3221697411484676,0.0033212342443773,0.1941076564514529,0.238335470735366,0.0,0.7112617635533796,0.2245538037439698,0.0260612513949336,0.7103893214682981,0.0,18.75687240113194,0.0253841776031226,0.0652191313979859,-20.6394523639392,286488000.0,-2425749000.0,-3482291000.0,7272964000.0,935125500.0,1112086500.0,97847000.0,45.17445172509292,89.73045212606405,8.167923572263842,1.9922765316044329,1.003003973205855,11.018712308427656,0.0439867010355938,0.2462280300421021,2008-07-22,0.78,bmo,1727183132.0,2025-04-25,2008-06-30,0.064102564102564,48.77453125,950574.4375
2008-03-31,DGX,USD,1022079,2008-04-24,2008-04-24 16:14:31,2008,Q1,1784637000.0,1058627000.0,726010000.0,0.406811021,0,436485000.0,0.0,436485000.0,0.0,445749000.0,1504376000.0,0.0,0.0,65259000.0,280261000.0,0.1570408996,280261000.0,0.1570408996,-47709000.0,232552000.0,0.130307732,91858000.0,139607000.0,0.0782271129,0.72,0.71,194143000,195783000,https://www.sec.gov/Archives/edgar/data/1022079/000093041308002571/0000930413-08-002571-index.htm,https://www.sec.gov/Archives/edgar/data/1022079/000093041308002571/c53221_10-q.htm,9.192383964397376,0.7190936577677279,0.8133540740588123,0.5716610951721154,0.8757565299804783,18.03838922855833,-13.452578769257713,18.03838922855833,17.654548451399226,8788853610.0,12046338610.0,15.73856183787346,4.924729012118431,55.65841672630093,79.19027616593382,2.509647586954641,2.509647586954641,6.750021774736263,42.98257199539001,76.28755286339428,108.54121864412888,0.015884551750999,0.0126278130146259,0.978720895070198,0.3964115890040796,11.62304066566522,1.2279696393732356,0.0,1.1310822523225912,0.002208251594715,0.1390188171080246,0.2445791497094367,0.0,0.7070916992103243,0.2971559208901442,0.0262927418853245,0.7190272606077323,0.011898217956929,17.08373653620732,0.0226005039730854,0.0551243532788461,-21.709770632987023,271906000.0,-2611724000.0,-3679672000.0,7291754000.0,914852500.0,674502000.0,96298500.0,47.79482886435729,97.25269618099672,8.277391375810366,1.883048901700681,0.9254242147950456,10.872990766512949,0.0398646269717509,0.2416929788866969,2008-04-21,0.7,bmo,1735027777.0,2025-04-25,2008-03-31,0.0285714285714286,49.04524590163935,1587396.8852459015
2007-12-31,DGX,USD,1022079,2008-02-22,2008-02-22 16:59:24,2007,Q4,1770473000.0,1042723000.0,727750000.0,0.411048347,0,408626000.0,0.0,408626000.0,0.0,415685000.0,1458408000.0,0.0,0.0,68622000.0,380687000.0,0.215019941,312065000.0,0.1762608071,-58345000.0,253720000.0,0.1433063368,99711000.0,-5251000.0,-0.0029658741,-0.0271,-0.027,193556000,194143000,https://www.sec.gov/Archives/edgar/data/1022079/000093041308001152/0000930413-08-001152-index.htm,https://www.sec.gov/Archives/edgar/data/1022079/000093041308001152/c52267_10-k.htm,9.147084048027445,-0.0271290995887495,1.8360371158734423,1.4424765959205603,0.8658682758478167,17.174574800057865,-14.37617537043543,17.174574800057865,18.293377627146665,10239112400.0,13612311400.0,-487.4839268710722,5.783263794477521,28.812053712124623,36.67303868194843,3.0801344787774174,3.0801344787774174,7.688516797488581,35.757226803121725,38.30396931700509,48.75469699140401,-0.0005128374213374,0.0272679885807289,1.0651429709389388,0.4133691226150645,8.860820043762986,1.0668013664550953,0.0,-67.67777566177871,0.0018907888929903,-3.686916777756618,0.2308004697049884,0.0,0.7129413813920251,0.2143532483904371,0.0430257902831616,1.1100813150301652,0.0,,0.0254569575688639,-0.0021355459612112,-22.550397559362665,86060000.0,-2782595000.0,-3867094000.0,7104897000.0,922415500.0,557830000.0,93840500.0,44.83379865154679,17.69983974650986,8.219881982079611,2.007414109598205,5.084791799753251,10.949062309679316,-0.0015796082234686,0.3935605199528818,2008-02-21,0.78,bmo,1748088607.0,2025-04-25,2007-12-31,0.0128205128205128,54.66203125,1067186.640625
2007-09-30,DGX,USD,1022079,2007-10-25,2007-10-25 16:20:27,2007,Q3,1767070000.0,1026598000.0,740472000.0,0.4190394268,0,424334000.0,0.0,424334000.0,0.0,434480000.0,1461078000.0,0.0,0.0,64024000.0,305992000.0,0.1731634853,305992000.0,0.1731634853,-58267000.0,247725000.0,0.1401896925,97400000.0,97965000.0,0.0554392299,0.51,0.5,193377000,195589000,https://www.sec.gov/Archives/edgar/data/1022079/000093041307008167/0000930413-07-008167-index.htm,https://www.sec.gov/Archives/edgar/data/1022079/000093041307008167/c50699_10-q.htm,9.137953324335363,0.5066010952698614,1.5058771208571855,1.228729373193296,0.851305998128009,17.210268025670064,-14.192520310067898,17.210268025670064,19.46527767004349,11152051590.0,14751565590.0,28.459275225845968,6.311041209459727,38.29661743394619,46.93466377394701,3.3509065584558018,3.3509065584558018,8.348036914213925,48.20899105205365,50.65750094436165,62.08362340493586,0.0087844823178404,0.021306214204843,1.1310269916197675,0.4385761196071461,11.763425187586604,1.2047183025416155,0.0,2.9725105905170213,0.0017310716189038,0.1970601745521359,0.2401342335051809,0.0,0.7075425938736035,0.1840440656314173,0.0303293021781819,0.8370923403723604,0.0,14.006129522929504,0.0242025263938901,0.0390290408094805,-22.347882633405213,246271000.0,-2744507000.0,-3805315000.0,7210388000.0,967966000.0,851521000.0,94643000.0,49.0403662560057,79.83005032154749,8.104662194939012,1.835222835208295,1.127395005232854,11.104719460880288,0.0294359794114907,0.2771477476638897,2007-10-24,0.76,bmo,1744150649.0,2025-04-25,2007-09-30,0.0131578947368421,55.220793650793645,1598688.9047619049
2007-06-30,DGX,USD,1022079,2007-07-31,2007-07-31 06:41:14,2007,Q2,1641156000.0,968742000.0,672414000.0,0.4097197341,0,395105000.0,0.0,395105000.0,0.0,400005000.0,1368747000.0,0.0,0.0,54898000.0,272409000.0,0.1659860489,272409000.0,0.1659860489,-38577000.0,233832000.0,0.1424800567,91853000.0,141332000.0,0.0861173466,0.74,0.73,192651000,194476000,https://www.sec.gov/Archives/edgar/data/1022079/000093041307006329/0000930413-07-006329-index.htm,https://www.sec.gov/Archives/edgar/data/1022079/000093041307006329/c49589_10-q.htm,8.518803432112993,0.7336167473825727,0.6685301399940826,0.4131200980010485,0.6348163258950122,16.554946509491256,-14.742539618273458,16.554946509491256,20.30690730907185,9950424150.0,13740272150.0,17.601152162992104,6.063058082229843,77.25904474622067,125.02417638337438,3.1199134331474947,3.1199134331474947,8.3723132657712,50.43986120135531,106.68492969338396,172.6425108056491,0.0142036156318019,0.0079984530106688,1.2266368421927258,0.4605757947961822,13.912345039995008,1.2204722168561652,0.0,0.9112798233945604,0.0019356963793347,0.1362819460560948,0.240747984956945,0.0,0.7098503149210746,0.3820471609481882,0.0299819151866123,0.8962985901125724,0.0,16.53064382461169,0.0214764039539902,0.0573461752107187,-22.860963607767413,255649000.0,-2840165000.0,-3889505000.0,7174015000.0,891822000.0,796573500.0,92278000.0,53.362459144651694,73.62167635964994,8.996729779445921,1.686578944123124,1.222466051443058,10.003634899162527,0.0443140512089227,0.255410041993034,2007-07-24,0.68,bmo,1528789041.0,2025-04-25,2007-06-30,0.0735294117647057,50.23809523809524,1706894.4444444445
2007-03-31,DGX,USD,1022079,2007-04-30,2007-04-27 20:16:20,2007,Q1,1526208000.0,931785000.0,594423000.0,0.3894770569,0,389093000.0,0.0,389093000.0,0.0,393553000.0,1325338000.0,0.0,0.0,50335000.0,200870000.0,0.1316137774,200870000.0,0.1316137774,-23745000.0,177125000.0,0.1160556097,69610000.0,105893000.0,0.0693830723,0.55,0.54,193379000,195263000,https://www.sec.gov/Archives/edgar/data/1022079/000093041307003866/0000930413-07-003866-index.htm,https://www.sec.gov/Archives/edgar/data/1022079/000093041307003866/c48206_10-q.htm,7.892315091090553,0.5475930685338118,0.7837097099478226,0.5762104468427285,0.8191013501983152,15.664741259392178,-5.210353761266735,15.664741259392178,10.369822990086824,9643810730.0,11490719730.0,22.767819237343357,6.318804992504298,63.63325523084333,86.54823992389636,3.1835827463858823,3.1835827463858823,7.528934280255379,57.20475795290486,75.81981042935475,103.12329803369022,0.0109804104378145,0.0115542499868203,0.6619849519614213,0.3241400446323649,9.194548713098024,0.7953804810622176,0.0,1.4311899747858687,0.002011756611901,0.1832132435571756,0.2549410041095316,0.0,0.6525139569083989,0.2647654615876953,0.0262913049859521,0.7971789013608821,0.0105385373422233,13.892545987522311,0.0226386489763226,0.0492585837244276,-12.137421850356036,-320790000.0,-1007573000.0,-1910361000.0,4476872000.0,792495000.0,508209500.0,83140500.0,47.79940873065794,77.33846327210676,8.472480239540237,1.882868478711435,1.1637159078703831,10.622627312835595,0.0349570452180618,0.2074992631050941,2007-04-19,0.69,bmo,1784877966.0,2025-04-25,2007-03-31,-0.144927536231884,50.93540983606557,2001510.8852459013
2006-12-31,DGX,USD,1022079,2007-03-01,2007-03-01 13:34:18,2006,Q4,1549270000.0,919414000.0,629856000.0,0.4065501817,0,372726000.0,0.0,372726000.0,0.0,350754000.0,1270168000.0,0.0,0.0,49390000.0,328492000.0,0.212030182,279102000.0,0.1801506516,-31153000.0,247949000.0,0.1600424716,96674000.0,149286000.0,0.0963589303,0.77,0.77,193379000,193379000,https://www.sec.gov/Archives/edgar/data/1022079/000093041307001855/0000930413-07-001855-index.htm,https://www.sec.gov/Archives/edgar/data/1022079/000093041307001855/c46960_10k.htm,8.011573128416218,0.7719866169542712,1.5828502577839372,1.2730906665149784,0.7738172190361932,15.612713893442413,-2.922866495327828,15.612713893442413,8.046266657703267,10249087000.0,11655426000.0,17.16350997414359,6.615429847605647,33.483900160083635,41.6309705145234,3.3946692651724595,3.3946692651724595,7.523172849148309,35.481612946434005,38.078427913358816,47.34340689470285,0.0145657852255522,0.0240205786134901,0.5153663041940983,0.2748359881741212,4.281197106778856,1.0348849131526583,0.0,2.050359712230216,0.0019260252157094,0.1322294120011253,0.2405816933136251,0.0,0.6331190313772966,0.1956973439184553,0.0386640159559018,1.212816359586961,0.0,16.467790958463585,0.0352733514986498,0.0718726680114968,-9.683463561193305,40148000.0,-565221000.0,-1451293000.0,4376897000.0,815722000.0,538213500.0,77939500.0,44.987161695508206,21.116591655119453,7.690507214377853,2.000570754144424,4.262051446080817,11.7027391680668,0.0494460234282854,0.3097595912689589,2007-01-25,0.74,bmo,1486461756.0,2025-04-25,2006-12-31,0.0405405405405405,51.641269841269846,2199649.095238095
2006-09-30,DGX,USD,1022079,2006-10-27,2006-10-27 17:11:57,2006,Q3,1583202000.0,933735000.0,649467000.0,0.4102237112,0,354631000.0,0.0,354631000.0,0.0,356606000.0,1290341000.0,0.0,0.0,49388000.0,292861000.0,0.1849801857,292861000.0,0.1849801857,-25595000.0,267266000.0,0.1688135816,103413000.0,160522000.0,0.1013907259,0.81,0.8,197164000,200129000,https://www.sec.gov/Archives/edgar/data/1022079/000095011706004409/0000950117-06-004409-index.htm,https://www.sec.gov/Archives/edgar/data/1022079/000095011706004409/a44938.htm,8.029873607758008,0.8141547138422836,1.190354222880445,0.9602057170680246,0.5331348522042564,15.563444645067053,-2.6160303097928628,15.563444645067053,7.891476131545312,12058550240.0,13509350240.0,18.780214300843497,7.616558240830924,51.37966398943309,63.69468428781204,3.929721304941648,3.929721304941648,8.532928988215023,46.12888107327367,57.56130399028526,71.35798096324703,0.0133118821753152,0.0156998972705694,0.5070520255325722,0.272737391779919,4.953885973209133,1.0546254773402943,0.0,1.462073734441385,0.0016344419194458,0.1227806780379013,0.2239960535673906,0.0,0.6283010301833014,0.1933445535695264,0.0286615352936643,0.9187859399044302,0.0,16.88486499743506,0.0370645529080037,0.0757010703277383,-9.381601103649754,64328000.0,-515787000.0,-1394312000.0,4390343000.0,828654500.0,837640500.0,74389000.0,48.7194306222453,82.96094716380985,7.452167906311748,1.8473122294435431,1.0848477877463385,12.07702257000582,0.0523119869932095,0.2301485058124201,2006-10-19,0.77,bmo,1486663414.0,2025-04-25,2006-09-30,0.0649350649350648,61.57365079365079,936928.5714285716
2006-06-30,DGX,USD,1022079,2006-07-31,2006-07-31 17:27:21,2006,Q2,1584335000.0,936432000.0,647903000.0,0.4089431844,0,383021000.0,0.0,383021000.0,0.0,385278000.0,1321710000.0,0.0,0.0,49560000.0,346886000.0,0.2189473817,262625000.0,0.1657635538,-34566000.0,228059000.0,0.1439461982,96082000.0,131977000.0,0.0833011958,0.67,0.66,198013000,200586000,https://www.sec.gov/Archives/edgar/data/1022079/000095011706003240/0000950117-06-003240-index.htm,https://www.sec.gov/Archives/edgar/data/1022079/000095011706003240/a42417.htm,8.00116659007237,0.6665067445066738,0.8608121688980016,0.6287162964047815,0.7609550888073006,14.660653593450936,-2.21423845909107,14.660653593450936,7.739633256402358,11864938960.0,13246807960.0,22.475391469725785,7.488907939293142,69.60868138830874,95.3053075650232,4.087130196348605,4.087130196348605,8.361115521654195,38.187784920694405,77.71576725412433,106.40519189679824,0.0111232767774812,0.0104925950668354,0.5279187047881502,0.281325664137232,3.983640158438219,1.1019430461541242,0.0,1.2915280692847997,0.001669540826698,0.1500943346189108,0.2417550581158656,0.0,0.6133805125712378,0.2696242930561096,0.0290077540419166,0.927320419693301,0.0,14.827577388956655,0.0328037142824065,0.0626627973559287,-8.878074924373653,112801000.0,-438448000.0,-1325283000.0,4196279000.0,788001500.0,825052000.0,74690000.0,45.46078323081924,78.2883861294787,6.868272335844995,1.979728319748488,1.1495958014915753,13.103732001175434,0.0454622803995866,0.2320958724932201,2006-07-24,0.76,bmo,1467263414.0,2025-04-25,2006-06-30,0.0789473684210525,55.813809523809525,1251149.2063492064
2006-03-31,DGX,USD,1022079,2006-04-28,2006-04-28 16:25:48,2006,Q1,1555408000.0,922984000.0,632424000.0,0.4065968543,0,358190000.0,0.0,358190000.0,0.0,387883000.0,1310867000.0,0.0,0.0,49060000.0,307778000.0,0.1978760557,244541000.0,0.157219842,-3480000.0,241061000.0,0.1549824869,96425000.0,144636000.0,0.0929891064,0.73,0.72,198395000,201034000,https://www.sec.gov/Archives/edgar/data/1022079/000095011706001951/0000950117-06-001951-index.htm,https://www.sec.gov/Archives/edgar/data/1022079/000095011706001951/a41877.htm,7.839955644043449,0.729030469517881,1.2130295622369516,1.0003931550694325,0.7886337861337231,14.442380100304948,-2.4041583709266865,14.442380100304948,7.723934574964087,10177663500.0,11553592500.0,17.591857317680244,6.543404367214261,42.29080774041278,51.279839071309446,3.5520461062312583,3.5520461062312583,7.428014064476973,37.53872109117611,48.00814638139442,58.212414283051096,0.0142111202635064,0.0195008412294236,0.5348103651420307,0.2819708944666807,4.470524209007792,1.0643647697659608,0.0,1.663894189551702,0.0017564935213273,0.123599933626483,0.2302868443520928,0.0,0.6150017811903357,0.1752936727901304,0.0271221441576743,0.8598858540562576,0.0124591104070443,15.391589936498532,0.0319031848475935,0.0691277871852923,-9.03278560447592,72566000.0,-476973000.0,-1369288000.0,4161163000.0,754315500.0,514457000.0,77928000.0,44.88543198954872,81.47227904275697,7.597672332348123,2.005104908446819,1.1046702149177348,11.845733280285431,0.0504785543971722,0.2126364071675193,2006-04-20,0.65,bmo,1346020000.0,2025-04-25,2006-03-31,0.1538461538461538,51.73661290322581,1000932.258064516
2005-12-31,DGX,USD,1022079,2006-02-28,2006-02-28 16:17:28,2005,Q4,1434876000.0,871555000.0,563321000.0,0.3925921125,0,320327000.0,0.0,320327000.0,0.0,329472000.0,1201027000.0,0.0,0.0,47138000.0,280987000.0,0.1958266777,233849000.0,0.1629750585,-18857000.0,214992000.0,0.1498331563,84663000.0,130329000.0,0.0908294515,0.66,0.66,198395000,198395000,https://www.sec.gov/Archives/edgar/data/1022079/000095011706000951/0000950117-06-000951-index.htm,https://www.sec.gov/Archives/edgar/data/1022079/000095011706000951/a41430.htm,7.2324201718793315,0.6569167569747222,1.529317775145543,1.2977696010484134,0.4643766223947176,13.926681620000505,-2.931656543763704,13.926681620000505,8.025529877265052,10213374600.0,11713469600.0,19.59152337545749,7.117949286210098,33.662068692754666,39.66805815023828,3.696501536020476,3.696501536020476,8.163401994318672,41.68687376996089,38.60620350747671,45.49432596292398,0.0127606207648547,0.0252091997095651,0.5762700761206,0.3000735943340843,5.338663354532416,0.9711293644192458,0.0,2.3280236938824053,0.0017801168283791,0.1395008018169402,0.2232436809870678,0.0,0.6303312310419205,0.1514061876872472,0.032015310033759,0.9745428316856888,0.0,14.347302423022926,0.0312132844581169,0.0664433687398196,-9.387087628216436,-31795000.0,-581626000.0,-1473634000.0,4066478000.0,713349500.0,439996000.0,78056000.0,45.97026502638556,19.969651943939283,8.048270046067087,1.9577872772398133,4.506838689660522,11.182527361141403,0.0471696542578603,0.2315481740971294,2006-01-26,0.62,bmo,1382696875.0,2025-04-25,2005-12-31,0.032258064516129,49.63777777777778,940817.4603174604
2005-09-30,DGX,USD,1022079,2005-10-28,2005-10-28 16:57:20,2005,Q3,1371821000.0,807020000.0,564801000.0,0.4117162516,0,313426000.0,0.0,313426000.0,0.0,321605000.0,1128625000.0,0.0,0.0,43455000.0,293810000.0,0.214175173,243196000.0,0.1772796888,-24316000.0,226039000.0,0.1647729551,90791000.0,135248000.0,0.0985901222,0.67,0.66,202681000,206126000,https://www.sec.gov/Archives/edgar/data/1022079/000095011705004117/0000950117-05-004117-index.htm,https://www.sec.gov/Archives/edgar/data/1022079/000095011705004117/a40726.htm,6.768374934009601,0.6672949117085469,0.8765745185784558,0.6078665489118368,1.036550046624992,13.951682693493716,1.4472052141049234,13.951682693493716,4.214993018585856,10243497740.0,10887707740.0,18.934656593812846,7.467080428131658,57.65625047139279,83.14324927152748,3.622502110341789,3.622502110341789,7.936682511785429,37.05696790442804,61.28223195339544,88.37209921836319,0.0132033025664532,0.0120274346836532,0.3021135952691565,0.1883901018229514,2.192607467410912,0.9662905883053982,0.0,1.3136238613509996,0.0017829847249031,0.1350408139122205,0.228474414664887,0.0,0.558890554550719,0.3065432133509695,0.0397005148630907,1.2532965136347949,0.0,14.473163254819674,0.037814164157594,0.0676133846986023,-4.625364489024625,-40165000.0,293321000.0,-555651000.0,3165117000.0,693585000.0,698344000.0,77218500.0,45.51707547850631,76.57137369581919,8.717962380114496,1.977279934043633,1.1753739766707885,10.323513233469356,0.047828991410458,0.268707969666619,2005-10-20,0.71,bmo,1464213636.0,2025-04-25,2005-09-30,-0.0704225352112675,50.96046875,965871.875
2005-06-30,DGX,USD,1022079,2005-07-28,2005-07-28 16:22:11,2005,Q2,1377529000.0,798678000.0,578851000.0,0.4202096653,0,316765000.0,0.0,316765000.0,0.0,317651000.0,1116329000.0,0.0,0.0,43003000.0,304203000.0,0.2208323745,261200000.0,0.1896148829,-11863000.0,249337000.0,0.181003086,100248000.0,149089000.0,0.1082293004,0.74,0.72,202597000,206554000,https://www.sec.gov/Archives/edgar/data/1022079/000095011705002972/0000950117-05-002972-index.htm,https://www.sec.gov/Archives/edgar/data/1022079/000095011705002972/a40252.htm,6.799355370513878,0.7358894751649827,1.1573715306741956,0.8193161794103565,1.0074532199390909,13.72347566844524,1.2102499049837856,13.72347566844524,4.216429660853813,10792342190.0,11442471190.0,18.097146989382185,7.834566234177284,46.02670671272603,65.01763463079324,3.8816697232527737,3.8816697232527737,8.306519274730332,37.61459022429101,48.79934830262709,68.93428673843762,0.0138143321788057,0.0153804426395786,0.3072421129108543,0.1895099924483162,2.1371551233880006,1.2174262657591683,0.0,1.5727518462126648,0.0011551709332893,0.0836211927103944,0.2299516017448634,0.0,0.5624145333086048,0.292088877516206,0.0497187355039349,1.5926563263028162,0.0,15.074038258196126,0.041127435667775,0.0755852330741986,-4.76313321520062,204417000.0,245193000.0,-582685000.0,3398531000.0,697898500.0,706115000.0,76262000.0,45.30142015159027,80.01633950102544,8.59390142210002,1.986692684221305,1.1247702726872004,10.47254274624987,0.0536226749654268,0.338055351263839,2005-07-25,0.72,bmo,1348800000.0,2025-04-25,2005-06-30,0.0,52.95015625,871450.0
2005-03-31,DGX,USD,1022079,2005-04-29,2005-04-29 08:08:22,2005,Q1,1319485000.0,780082000.0,539403000.0,0.4087981296,0,308348000.0,0.0,308348000.0,0.0,309490000.0,1089572000.0,0.0,0.0,42528000.0,229913000.0,0.1742444969,229913000.0,0.1742444969,-9827000.0,220086000.0,0.1667968942,88475000.0,131611000.0,0.0997442184,0.65,0.64,201719000,206142000,https://www.sec.gov/Archives/edgar/data/1022079/000095011705001656/0000950117-05-001656-index.htm,https://www.sec.gov/Archives/edgar/data/1022079/000095011705001656/a39688.htm,6.541203357145336,0.652447216176959,0.6743489705977127,0.3998036873075912,0.4271387425081425,13.077404706547227,0.5060703255518816,13.077404706547227,4.23456888047234,10604367830.0,11372398830.0,20.14339194672178,8.03674754165451,77.95666975424358,131.48953266045035,4.019910768203169,4.019910768203169,8.618816303330465,49.46392257071153,83.60275257481861,141.01278184207916,0.0124110179984203,0.0076051681055277,0.3238080472000912,0.1967295007078589,3.3405288087233,1.114784994679573,0.0,1.0335686226835143,0.0019577781846897,0.15774517327579,0.2336881434802214,0.0,0.5840387547855614,0.4071264215718707,0.0419716783442024,1.302224416854778,0.0,13.855580704219491,0.0377731872553761,0.0728706764336218,-5.219635978762536,107009000.0,102084000.0,-664741000.0,3276648000.0,675850000.0,685568000.0,75793500.0,47.91089705453264,81.00867601098346,8.798305819131835,1.8784870568706145,1.1109921113609789,10.229242066614214,0.0498911848962134,0.2745452832901214,2005-04-21,0.63,bmo,1263248437.0,2025-04-25,2005-03-31,0.0158730158730158,48.60950819672131,1234131.1475409835
2004-12-31,DGX,USD,1022079,2005-03-10,2005-03-10 16:53:17,2004,Q4,1283288000.0,757430000.0,525858000.0,0.4097739557,0,304551000.0,0.0,304551000.0,0.0,295019000.0,1052449000.0,0.0,0.0,42271000.0,273110000.0,0.2128205048,230839000.0,0.1798808997,-22809000.0,208030000.0,0.1621070251,81957000.0,126073000.0,0.0982421717,0.62,0.62,200222245,201718000,https://www.sec.gov/Archives/edgar/data/1022079/000095011705000922/0000950117-05-000922-index.htm,https://www.sec.gov/Archives/edgar/data/1022079/000095011705000922/a39336.txt,6.409317805821226,0.629665300176811,1.3164021809864332,1.106740162662745,0.3661031769971413,11.430553083649622,-1.1475298361578157,11.430553083649622,5.488011584327206,9566618866.1,10592138866.1,18.970395854187657,7.454771544735087,36.29589854082171,43.17183166556856,4.180025205284685,4.180025205284685,8.2539062674162,38.783416447951375,40.18673713202794,47.7997548042817,0.0131784282163417,0.0231632516254237,0.4801177636957316,0.2613885381470235,3.7549705246970086,0.892020218665093,0.0,2.0906379637194323,0.0015860357993111,0.1203509078073814,0.2373208508144703,0.0,0.5990815902229132,0.1592689691280973,0.0327120646339714,0.9930921908637128,0.0,12.725643770299884,0.0395767687528006,0.0748040793271056,-6.578743285992023,-112708000.0,-229761000.0,-984057000.0,3025189000.0,667663000.0,659348500.0,74273000.0,45.535600738104,79.49094965871434,8.950569689608281,1.976475516763928,1.1322043627155685,10.055225881821922,0.0550861621103436,0.2096620183236882,2005-01-27,0.6,bmo,1283288000.0,2025-04-25,2004-12-31,0.0,45.48796875,1047540.625
2004-09-30,DGX,USD,1022079,2004-10-29,2004-10-29 08:01:38,2004,Q3,1289897000.0,748424000.0,541473000.0,0.4197800289,0,308248000.0,0.0,308248000.0,0.0,309773000.0,1058197000.0,0.0,0.0,42538000.0,274238000.0,0.2126045723,231700000.0,0.1796267454,-12969000.0,218731000.0,0.1695724542,88587000.0,130144000.0,0.1008948777,0.65,0.63,202488000,206544000,https://www.sec.gov/Archives/edgar/data/1022079/000095011704003722/0000950117-04-003722-index.htm,https://www.sec.gov/Archives/edgar/data/1022079/000095011704003722/a38595.txt,6.370239224052783,0.6427245071312868,1.0720783453834302,0.8582434514637904,0.9928292046936116,12.23620165145589,-0.2569633756074434,12.23620165145589,5.442258306665086,8931745680.0,9832701680.0,17.157428848045242,6.924386737855813,41.14438108926079,51.395673249551166,3.604876844666229,3.604876844666229,7.622858011143525,35.854628753126846,45.29466462136602,56.58001703263822,0.0145709477925932,0.0194568907609111,0.4447669678619226,0.2507400525784319,3.285306923183512,1.426909110492222,0.0,1.6680215761003196,0.0017097441583222,0.1173392549791,0.2389710186162151,0.0,0.5755950341277437,0.1994582717209546,0.0335677964984801,1.0178898866895485,0.0,13.302308077953915,0.0368094446533456,0.0697732519426433,-5.753895292560546,332943000.0,-52032000.0,-804439000.0,3480660000.0,681877500.0,644671500.0,73033500.0,47.86742662398626,78.12937586181096,8.804781781450087,1.8801929902557413,1.1519354789059737,10.221718406424564,0.0525264723023597,0.2138348939196397,2004-10-25,0.64,bmo,1310374603.0,2025-04-25,2004-09-30,-0.015625,42.03703125,1051203.125
2004-06-30,DGX,USD,1022079,2004-07-30,2004-07-30 16:36:51,2004,Q2,1297674000.0,758195000.0,539479000.0,0.4157276789,0,307402000.0,0.0,307402000.0,0.0,309460000.0,1067655000.0,0.0,0.0,42847000.0,272866000.0,0.2102731503,230019000.0,0.1772548421,-17191000.0,212828000.0,0.164007293,85999000.0,126829000.0,0.0977356408,0.62,0.6,206018000,210794000,https://www.sec.gov/Archives/edgar/data/1022079/000095011704002750/0000950117-04-002750-index.htm,https://www.sec.gov/Archives/edgar/data/1022079/000095011704002750/a38099.txt,6.298837965614655,0.6156209651583843,1.0068683318933298,0.7849945150423749,0.6688833014590958,11.840581890902737,-0.4403741420652564,11.840581890902737,5.349658767680494,8751644640.0,9715968640.0,17.250874484542177,6.744101091645513,42.19022354205936,54.11502779443864,3.5876615179392406,3.5876615179392406,7.487218392292672,35.60710619864695,46.83906919342631,60.07784075239762,0.0144920189538226,0.0184791552505267,0.4518070832135963,0.2535458427261482,3.534057009667749,1.3559260403977964,0.0,1.6355328828580211,0.0017726953776313,0.1223221818353846,0.2368869222932724,0.0,0.5820530770435886,0.2203603091118578,0.0352245633340885,1.0668191471981705,0.0,12.806618802930563,0.0369747622599686,0.0698108108256873,-5.945934335834733,274078000.0,-90725000.0,-863358000.0,3419477000.0,664110500.0,628516000.0,72736500.0,47.00248290402674,75.92633821114622,8.647274118135837,1.9147924628528428,1.1853594170407094,10.40790412914562,0.0519924587178754,0.2218738168509547,2004-07-22,0.64,bmo,1297700000.0,2025-04-25,2004-06-30,0.0,42.42306451612903,1238283.8709677418
2004-03-31,DGX,USD,1022079,2004-04-30,2004-04-30 16:06:48,2004,Q1,1255742000.0,737281000.0,518461000.0,0.4128722301,0,307545000.0,0.0,307545000.0,0.0,309582000.0,1046863000.0,0.0,0.0,41070000.0,249949000.0,0.1990448675,208879000.0,0.1663391047,-13342000.0,195537000.0,0.1557143107,79388000.0,116149000.0,0.0924943181,0.56,0.54,206284000,217198000,https://www.sec.gov/Archives/edgar/data/1022079/000095011704001657/0000950117-04-001657-index.htm,https://www.sec.gov/Archives/edgar/data/1022079/000095011704001657/a37551.txt,6.087442554924279,0.5630538480929205,0.5365951794613252,0.317785189350604,0.9214238622481628,12.14081072695895,-0.1352310407011692,12.14081072695895,5.343826957010723,8544283280.0,9456554280.0,18.390780979603782,6.80417098416713,77.19040644677526,130.33961741465052,3.411633780602965,3.411633780602965,7.530650627278534,37.83393524278953,85.43200693823346,144.2559459377002,0.0135937674575789,0.0076722643493627,0.4401540454909352,0.2516738937415654,3.6498285650272657,1.6217937872736392,0.0,0.9530086354596252,0.0018057687806437,0.1328379925784983,0.2449109769363452,0.0,0.5781548048347316,0.4077747965055876,0.0359444854118123,1.099026053080107,0.0,12.401952647571106,0.0329751334033328,0.0628611911202323,-5.629768910821974,411625000.0,-27896000.0,-801981000.0,3553741000.0,629849000.0,633624500.0,72554500.0,46.62262630381082,75.36598664552592,8.865344420919568,1.9303931832052037,1.194172650101474,10.151889845094663,0.0463769562639376,0.2188099901107211,2004-04-22,0.52,bmo,1187207272.0,2025-04-25,2004-03-31,0.0576923076923077,40.317741935483866,1345180.6451612904
2003-12-31,DGX,USD,1022079,2004-02-27,2004-02-27 17:21:27,2003,Q4,1204005000.0,706222000.0,497783000.0,0.413439313,0,298026000.0,0.0,298026000.0,0.0,301798000.0,1008020000.0,0.0,0.0,40403000.0,236388000.0,0.1963347328,195985000.0,0.1627775632,-13139000.0,182846000.0,0.1518648178,74601000.0,108245000.0,0.0899041117,0.52,0.52,206284000,206284000,https://www.sec.gov/Archives/edgar/data/1022079/000095011704000798/0000950117-04-000798-index.htm,https://www.sec.gov/Archives/edgar/data/1022079/000095011704000798/a37115.txt,5.836637839095616,0.5247377402028272,1.2714800954024548,1.014790289115976,0.7511876830001357,11.608723895212426,-0.6842944678210622,11.608723895212426,5.345334587268038,7541743040.0,8489442040.0,17.418224952653706,6.263880166610604,28.753890943473923,36.02714806410777,3.1493556337469424,3.1493556337469424,7.051002313113318,35.91316835033927,32.36711848897768,40.55433654190652,0.0143527828283049,0.0277568459823844,0.4604584134757927,0.2563473254633704,4.009082525339696,1.375775075987842,0.0,2.4230772783962307,0.0,0.0,0.2475288723884037,0.0,0.5895388450971284,0.2018826776877149,0.0439790532431343,1.310570997203178,0.0,11.707243472601798,0.0317735559278074,0.061308986075279,-6.101460850090167,271986000.0,-141159000.0,-910938000.0,3415144000.0,626513500.0,633555000.0,70454000.0,45.5370451119389,82.81602668849172,9.237265335829244,1.976412825618406,1.0867461721935832,9.743143314386623,0.0452020174602684,0.2566898062864788,2004-01-27,0.49,bmo,1156784313.0,2025-04-25,2003-12-31,0.0408163265306122,33.94375,1631300.03125
2003-09-30,DGX,USD,1022079,2003-10-31,2003-10-31 07:59:56,2003,Q3,1221221000.0,711180000.0,510041000.0,0.4176484027,0,292413000.0,0.0,292413000.0,0.0,292518000.0,1003698000.0,0.0,0.0,38528000.0,256051000.0,0.209668029,217523000.0,0.1781192757,-14770000.0,202753000.0,0.1660248227,82729000.0,120024000.0,0.0982819653,0.57,0.56,209574000,214556000,https://www.sec.gov/Archives/edgar/data/1022079/000095011703004623/0000950117-03-004623-index.htm,https://www.sec.gov/Archives/edgar/data/1022079/000095011703004623/a36348.txt,5.827158903299074,0.5727046293910504,0.8246967658201876,0.6057573935698131,0.4345386355177646,11.362859896742917,-0.7396766774504471,11.362859896742917,5.351002509853322,6354283680.0,7384646680.0,13.235443911217756,5.203221759206564,36.76502837966847,50.05304156721885,2.6683423253938927,2.6683423253938927,6.046937188273048,28.840530519310605,42.726569734139495,58.169267512662366,0.018888675111842,0.0199788058565241,0.4709203984277891,0.263199387152451,4.024053801781676,1.4431029619181943,0.0,1.44000366593348,0.0,0.0,0.239443147472898,0.0,0.5952866221707552,0.265478635693002,0.0375722330356258,1.1909260797342194,0.0,12.100419640851223,0.0353416240385608,0.0696037842969306,-6.065857405975932,298452000.0,-155017000.0,-907404000.0,3426928000.0,636122000.0,605850000.0,68453000.0,47.448905644432905,78.1144014173627,8.65907365223994,1.8967771496023853,1.152156303664582,10.39372150122764,0.0504014512715423,0.2189393722503745,2003-10-21,0.54,bmo,1177585714.0,2025-04-25,2003-09-30,0.037037037037037,30.57609375,1852634.3125
2003-06-30,DGX,USD,1022079,2003-07-31,2003-07-31 16:29:08,2003,Q2,1219935000.0,703124000.0,516811000.0,0.4236381447,0,296062000.0,0.0,296062000.0,0.0,298130000.0,1001254000.0,0.0,0.0,38271000.0,256952000.0,0.2106276154,218681000.0,0.1792562719,-15276000.0,203405000.0,0.1667342932,82993000.0,120412000.0,0.0987036195,0.57,0.56,210098000,215354000,https://www.sec.gov/Archives/edgar/data/1022079/000095011703003382/0000950117-03-003382-index.htm,https://www.sec.gov/Archives/edgar/data/1022079/000095011703003382/a35846.txt,5.806504583575284,0.5731230187817113,0.8061809250920999,0.6237660520328608,0.4191805728755152,11.284695713428972,-0.7991508724499995,11.284695713428972,5.423964054869632,6702126200.0,7753621200.0,13.914988124107232,5.493838770098407,39.56928154353896,51.14096847053078,2.826837409717524,2.826837409717524,6.3557658399832775,30.175368162147016,45.777296799447385,59.16446296126728,0.0179662388332824,0.0195537947345724,0.480647789945725,0.2685091873523371,4.092184532519693,1.4250672439906524,0.0,1.4066455170581005,0.0,0.0,0.2426867005209294,0.0,0.5982015725107274,0.2262703909031332,0.031415608208634,1.0014109900446813,0.0,12.063132870426015,0.0354710308383686,0.0706125615672549,-6.090186484402517,284299000.0,-167900000.0,-920017000.0,3406133000.0,621021000.0,593369500.0,67775000.0,46.360142138720505,76.08842821465346,8.765708466785375,1.9413227796131152,1.1828342641814145,10.267281913495516,0.0507876360458426,0.182414873059239,2003-07-22,0.55,bmo,1198116071.0,2025-04-25,2003-06-30,0.0181818181818181,30.52380952380953,1916860.3174603172
2003-03-31,DGX,USD,1022079,2003-04-30,2003-04-30 16:05:55,2003,Q1,1092797000.0,648097000.0,444700000.0,0.4069374275,0,279199000.0,0.0,279199000.0,0.0,281222000.0,929319000.0,0.0,0.0,36701000.0,200179000.0,0.1831804077,163478000.0,0.1495959451,-14684000.0,148794000.0,0.1361588657,60758000.0,88036000.0,0.0805602504,0.44,0.43,200074000,204910000,https://www.sec.gov/Archives/edgar/data/1022079/000095011703001797/0000950117-03-001797-index.htm,https://www.sec.gov/Archives/edgar/data/1022079/000095011703001797/a35137.txt,5.461964073292882,0.4400171936383538,0.2913971830422743,0.1040614972460189,0.2778821835920709,11.211226846066957,-1.4722052840449034,11.211226846066957,6.122629627037996,5972208900.0,7141590900.0,16.959564553137355,5.465067071011359,102.43750364487744,286.84961095100863,2.6625096797922496,2.6625096797922496,6.535148705569287,35.67602445810999,122.4951698941699,343.0158933717579,0.0147409445104976,0.0034861473114244,0.5461159345987093,0.2926165021815233,5.841681694883079,1.3477322071024471,0.0,0.6622404470898269,0.0,0.0,0.2554902694645025,0.0,0.6061744334787682,0.6428877720793812,0.0342982273926447,1.0212528268984495,0.0,10.535439379357202,0.026912659035871,0.0533981936955242,-6.966724811819627,233997000.0,-294550000.0,-1036300000.0,3354925000.0,567884500.0,601122000.0,63983500.0,50.53767534134885,82.2514376705956,9.313605833694648,1.7808496214380465,1.0942057980850888,9.663282042106518,0.0392479074484803,0.1873356857962554,2003-04-22,0.41,bmo,1041972093.0,2025-04-25,2003-03-31,0.048780487804878,27.38377049180328,2311619.704918033
2002-12-31,DGX,USD,1022079,2003-02-28,2003-02-28 16:33:38,2002,Q4,1033765000.0,619317000.0,414448000.0,0.4009112322,0,267030000.0,0.0,267030000.0,0.0,269160000.0,888477000.0,0.0,0.0,34694000.0,179982000.0,0.1741033987,145288000.0,0.1405425798,-8051000.0,137237000.0,0.1327545429,55540000.0,81697000.0,0.0790285993,0.41,0.41,194198347,200074000,https://www.sec.gov/Archives/edgar/data/1022079/000095011703000883/0000950117-03-000883-index.htm,https://www.sec.gov/Archives/edgar/data/1022079/000095011703000883/a34631.txt,5.323243044906041,0.4206884418022363,1.2690324289938473,1.0795714960436815,0.4983410080210415,9.108537880603071,-0.2166341817523297,9.108537880603071,4.235561284154494,5524942972.15,6250704972.15,16.906811058392595,5.344486389218052,22.41865483497265,26.353048505134723,3.123443122587787,3.123443122587787,6.046543433130354,34.7296116953362,25.36359161574232,29.81481114876628,0.0147869399578993,0.0379462740261399,0.4650100092545324,0.2474399080439576,4.032414352546366,1.2963409054101014,0.0,3.016561195637539,0.0,0.0,0.2583082228552911,0.0,0.5447730685034612,0.1492955803346805,0.0355912610699723,1.0605003747045598,0.0,9.28529879335985,0.0318650403066683,0.0539872751879381,-5.337374215651795,188466000.0,-42070000.0,-730891000.0,2569548000.0,549296000.0,610176000.0,59957000.0,45.45693653780114,88.63804804324764,8.849926612703994,1.979895849892077,1.0153653198239183,10.169575855104354,0.0461861659156192,0.1894609329501656,2003-01-23,0.39,bmo,1007955000.0,2025-04-25,2002-12-31,0.0256410256410256,29.95828125,3140228.1875
2002-09-30,DGX,USD,1022079,2002-10-31,2002-10-31 09:04:44,2002,Q3,1058714000.0,625075000.0,433639000.0,0.4095903143,0,272587000.0,0.0,272587000.0,0.0,274610000.0,899685000.0,0.0,0.0,32882000.0,191911000.0,0.1812680289,159029000.0,0.1502095939,-12884000.0,146145000.0,0.1380401128,59528000.0,86617000.0,0.0818134076,0.45,0.44,193800000,199424000,https://www.sec.gov/Archives/edgar/data/1022079/000095011702002530/0000950117-02-002530-index.htm,https://www.sec.gov/Archives/edgar/data/1022079/000095011702002530/a33594.txt,5.462920536635707,0.4469401444788441,0.681016511867905,0.5003508771929824,0.5874819401444789,8.656996904024767,-0.6913673890608875,8.656996904024767,5.407007223942209,5963226000.0,6897250000.0,17.211476961797338,5.632518319395039,45.18245808108743,61.4968443197756,3.5543503527989677,3.5543503527989677,6.514743358451858,35.93983669513472,52.25941612807904,71.12913538486923,0.0145251915657732,0.0162609969838473,0.6245823215471418,0.3023535830906961,4.866964374110916,1.079672016594177,0.0,1.5237309073276608,0.0,0.0,0.2574699116097454,0.0,0.5227497066280563,0.2652881854206287,0.0330712543708688,1.0648074934614682,0.0,9.330385177384109,0.0330095189867504,0.0523674384410383,-6.255437306501548,68638000.0,-133987000.0,-857866000.0,2451867000.0,587064000.0,627610000.0,58472500.0,49.00425421785298,87.88806143262808,8.49714034315882,1.8365752409963552,1.0240298685958713,10.591798695246972,0.0516276197662788,0.1806656346749226,2002-10-17,0.41,bmo,986515909.0,2025-04-25,2002-09-30,0.0731707317073171,30.6209375,2943437.53125
2002-06-30,DGX,USD,1022079,2002-08-13,2002-08-12 21:49:52,2002,Q2,1068810000.0,630258000.0,438552000.0,0.4103180172,0,276821000.0,0.0,276821000.0,0.0,278886000.0,909144000.0,0.0,0.0,33505000.0,193171000.0,0.1807346488,159666000.0,0.1493867011,-13194000.0,146472000.0,0.137042131,59321000.0,87151000.0,0.0815402176,0.45,0.44,192786000,200594000,https://www.sec.gov/Archives/edgar/data/1022079/000095011702001837/0000950117-02-001837-index.htm,https://www.sec.gov/Archives/edgar/data/1022079/000095011702001837/a33151.txt,5.544022906227631,0.4520608342929466,0.8563484900355834,0.6378471465770336,0.4660089425580695,8.143713755148195,-1.2059330034338591,8.143713755148195,5.822969510234145,7769275799.999999,8802022800.0,22.28682344436667,7.269089735313105,47.06028032854408,63.18128130895842,4.948602223957544,4.948602223957544,8.235348471664748,45.56596383515124,53.31586509340247,71.57978335827207,0.0112173904291053,0.0158274726197775,0.7150262994635648,0.3252475383784081,5.346283862484534,0.9865125118716728,0.0,1.894321350300054,0.0,0.0,0.258999260860209,0.0,0.5222334734179636,0.2551547016209144,0.0394120563991729,1.2572451872854795,0.0,9.101248033862875,0.0338484313138777,0.0528506904774033,-6.818107902026081,-12767000.0,-232487000.0,-947677000.0,2358708000.0,573033500.0,633547500.0,54731500.0,50.32702725461027,92.07843454585264,8.272326571023294,1.788303520187663,0.9774275642705714,10.87964785085448,0.0555104032244709,0.2185013434585499,2002-07-22,0.41,bmo,995927272.0,2025-04-25,2002-06-30,0.0731707317073171,44.11140625,2073584.375
2002-03-31,DGX,USD,1022079,2002-05-13,2002-05-13 16:55:48,2002,Q1,946762000.0,557738000.0,389024000.0,0.4108994658,0,258403000.0,0.0,258403000.0,0.0,260558000.0,818296000.0,0.0,0.0,30310000.0,158776000.0,0.1677042382,128466000.0,0.1356898566,-15943000.0,112523000.0,0.1188503552,45834000.0,66689000.0,0.0704390333,0.35,0.34,190844000,198614000,https://www.sec.gov/Archives/edgar/data/1022079/000095011702001184/0000950117-02-001184-index.htm,https://www.sec.gov/Archives/edgar/data/1022079/000095011702001184/a32670.txt,4.960920961623105,0.3494424765777284,0.2769487120370564,0.0607197501624363,0.7829798159753516,7.574762633354991,0.351260715558257,7.574762633354991,4.305060677831108,7899033160.0,8571201160.0,29.61145451273823,8.34320891628519,149.45005411132553,681.6562961684501,5.464197626172698,5.464197626172698,9.05317403951574,53.9829770242354,162.16750217580503,739.6618191232309,0.0084426788252652,0.0014670149833881,0.568342651276496,0.2733441882067368,4.233435783745654,1.5229866904392748,0.0,0.7925444975933063,0.0,0.0,0.2729334299433226,0.0,0.4586467916463165,0.7807545313505128,0.0435864557301623,1.3614648630814912,0.0,7.717268675961728,0.0319446382412053,0.0409850573455247,-5.101677286160424,326180000.0,67036000.0,-610251000.0,2224686000.0,528370000.0,639750500.0,50719500.0,52.13136986909065,100.41521287773112,8.315678687842679,1.7264077315827864,0.8962785360977821,10.822928996953408,0.0461324655955528,0.2162289618746201,2002-04-18,0.3,bmo,835411764.0,2025-04-25,2002-03-31,0.1333333333333334,36.41666666666666,1133406.6666666667
2001-12-31,DGX,USD,1022079,2002-03-04,2002-03-04 00:00:00,2001,Q4,910440000.0,537574000.0,372866000.0,0.4095448355,0,258356000.0,0.0,258356000.0,0.0,269782000.0,807356000.0,0.0,0.0,39727000.0,142811000.0,0.1568593208,103084000.0,0.113224375,-11549000.0,91535000.0,0.1005392997,40597000.0,50938000.0,0.055948772,0.27,0.27,190548690,190844000,https://www.sec.gov/Archives/edgar/data/1022079/000095011702000464/0000950117-02-000464-index.htm,https://www.sec.gov/Archives/edgar/data/1022079/000095011702000464/a32159.txt,4.777991388972551,0.267322750946228,0.8634171140195191,0.6597788733157913,0.6419986408723146,7.011263105508624,-0.2264827955521499,7.011263105508624,4.3124988159194375,6833076023.4,7532485023.4,33.53624024991166,7.505245840912086,41.532649072774014,54.35154329780464,5.114627629909572,5.114627629909572,8.273455717455295,52.74443161521171,45.78378113333698,59.91477110563156,0.0074546221680487,0.0183987415871665,0.6150815838776874,0.2804045650056047,4.897444874694527,1.3308281065192076,0.0,3.2298676822804198,0.0012846337388812,0.1723271428010522,0.2837704846008523,0.0,0.4706081271295028,0.2358515222795597,0.0426200518430648,0.976741259093312,0.0,6.493926252420647,0.0252337813794069,0.0328333157149744,-5.594517600724518,217891000.0,-43156000.0,-718054000.0,2105653000.0,510988500.0,632633000.0,48047000.0,50.2510873863187,110.03082366334682,8.3552031906305,1.7910060195931856,0.8179526154904225,10.771730854005533,0.0381276165112385,0.2036382407037277,2002-01-28,0.24,bmo,834570000.0,2025-04-25,2001-12-31,0.0833333333333334,32.0515625,1376371.875
2001-09-30,DGX,USD,1022079,2001-10-31,2001-10-31 00:00:00,2001,Q3,903189000.0,535564000.0,367625000.0,0.4070299793,0,251048000.0,0.0,251048000.0,0.0,262490000.0,798054000.0,0.0,0.0,37097000.0,142232000.0,0.1574775601,105135000.0,0.1164042078,-15249000.0,89886000.0,0.0995206983,39764000.0,50122000.0,0.0554944757,0.27,0.26,186764000,196092000,https://www.sec.gov/Archives/edgar/data/1022079/000095012301507710/0000950123-01-507710-index.htm,https://www.sec.gov/Archives/edgar/data/1022079/000095012301507710/y54386e10-q.txt,4.835990876185988,0.2683707780942794,0.8012518472510762,0.6312458503780172,1.2790419995288171,6.655040585980167,-0.2128675761924139,6.655040585980167,5.132311366216188,5509538000.0,6229190000.0,27.480637245121905,6.100094221696677,36.817387817835545,46.73298047398511,4.432730292005452,4.432730292005452,6.896884262319404,43.79598121379155,41.626449263256376,52.83720969684632,0.0090973145116704,0.0213981644195938,0.7711915952891654,0.326756707926108,5.059705270262669,1.1122357693844136,0.0,2.9856150991580543,5.26359923463637e-06,0.0005785882446829,0.2779573267610655,0.0,0.4372562187443539,0.2121754819740051,0.0351543253959027,0.8558913119659272,0.0,6.339196672839658,0.025210513586979,0.0303623957470111,-5.5864473346041,99740000.0,-39756000.0,-702143000.0,1875615000.0,517255000.0,605179500.0,45322000.0,51.18234389479942,102.1805610533942,7.761761432807283,1.7584188833748349,0.8807937544301674,11.595306140122975,0.0403259416117825,0.170005996873059,2001-10-18,0.24,bmo,833723076.0,2025-04-25,2001-09-30,0.0833333333333334,32.44474576271187,1288206.779661017
2001-06-30,DGX,USD,1022079,2001-08-09,2001-08-09 00:00:00,2001,Q2,931589000.0,549391000.0,382198000.0,0.4102646124,0,256474000.0,0.0,256474000.0,0.0,268613000.0,818004000.0,0.0,0.0,36638000.0,150223000.0,0.1612545876,113585000.0,0.1219260854,-27874000.0,85711000.0,0.0920051654,38607000.0,25495000.0,0.0273672188,0.14,0.13,185132000,194608000,https://www.sec.gov/Archives/edgar/data/1022079/000095012301505212/0000950123-01-505212-index.htm,https://www.sec.gov/Archives/edgar/data/1022079/000095012301505212/y52201e10-q.txt,5.032025797809131,0.13771255104466,0.5990536482077653,0.4109878357064149,0.9407611866127952,6.270515091934404,-0.716224099561394,6.270515091934404,5.479441695654992,6929490760.0,7769745760.0,67.94950735438321,7.438356142032592,62.48188307004256,91.07325508956852,5.969206588489869,5.969206588489869,8.34031505309745,51.72141256665091,70.05830051215466,102.11660020765704,0.0036792025392642,0.010980171939792,0.8738423582941459,0.3499900808197556,5.593384501707462,1.0748276237867378,0.0,4.350029417532849,4.185011713616889e-06,0.0011374779368503,0.2753081026074803,0.0,0.4462661617947678,0.3139381807689533,0.0373737774920055,0.9502975053223428,0.0,4.4078786471127325,0.0271862277691131,0.0158851706838069,-6.214507756627704,66601000.0,-132596000.0,-780892000.0,1846909000.0,515072500.0,628650500.0,44808500.0,50.32108580071255,98.66939938950584,7.282682097085683,1.7885146667229823,0.912136899148614,12.358084398056503,0.0219619200377646,0.1880658125013503,2001-07-23,0.24,bmo,859938461.0,2025-04-25,2001-06-30,0.0833333333333334,29.65714285714286,1412060.3174603174
2001-03-31,DGX,USD,1022079,2001-05-03,2001-05-03 00:00:00,2001,Q1,882553000.0,494800000.0,387753000.0,0.4393537839,0,252802000.0,0.0,252802000.0,0.0,298167000.0,792967000.0,0.0,0.0,34265000.0,123851000.0,0.1403326486,89586000.0,0.1015077848,-24114000.0,65472000.0,0.0741847798,29724000.0,35748000.0,0.0405052161,0.2,0.19,183778000,193238000,https://www.sec.gov/Archives/edgar/data/1022079/000095012301501769/0000950123-01-501769-index.htm,https://www.sec.gov/Archives/edgar/data/1022079/000095012301501769/y48616e10-q.txt,4.802277748152663,0.1945172980443796,0.2216315336982663,-0.0156928468042964,0.6569339093906779,5.981216467694718,-1.0799061911654275,5.981216467694718,5.569279239081936,4083547160.0,4986328160.0,28.557871489314085,4.626971026102682,100.25649161572268,-1415.9317475728155,3.71496335570079,3.71496335570079,5.649890896070831,40.26070164956278,122.42096093884264,-1728.9626074895978,0.0087541538273798,-0.0007062487310664,0.9311281859070464,0.3525415613961667,7.28925079329194,1.0356460029629824,0.0,1.1393924135615978,2.8896446000638327e-05,0.0033008839655365,0.2864439869333626,0.0,0.4469769067953507,1.0708060199847782,0.0494191283696276,1.2728731942215088,0.0,5.116407576813717,0.0217566716779719,0.0222651841480459,-6.958147874065449,32795000.0,-198463000.0,-851205000.0,1803538000.0,497422500.0,672285500.0,44717500.0,51.9339688381321,119.13704527081649,8.214409862570735,1.7329698078826246,0.7554325339814867,10.956356148003808,0.0325213606788838,0.2373243805025628,2001-04-23,0.16,bmo,743242105.0,2025-04-25,2001-03-31,0.1875,25.361129032258063,1885425.8064516129
2000-12-31,DGX,USD,1022079,2001-04-02,2001-04-02 00:00:00,2000,Q4,836334000.0,496382000.0,339952000.0,0.4064787513,0,247543000.0,0.0,247543000.0,0.0,263467000.0,759849000.0,0.0,0.0,15924000.0,92409000.0,0.110492937,76485000.0,0.0914526971,-22932000.0,53553000.0,0.0640330299,25294000.0,25363000.0,0.0303264007,0.14,0.14,181434386,183780000,https://www.sec.gov/Archives/edgar/data/1022079/000095012301500486/0000950123-01-500486-index.htm,https://www.sec.gov/Archives/edgar/data/1022079/000095012301500486/y47180e10-k.txt,4.609567229444588,0.1397915828370042,0.67793654065112,0.4106829010902046,0.9451185289650662,5.686876797433536,-1.266617674116085,5.686876797433536,5.655559690873592,6440920703.0,7295556703.0,63.48737041162324,7.701373737047639,52.36478323753466,86.44138800461671,6.242442251610059,6.242442251610059,8.723257338575259,78.94855158047376,59.31298691067552,97.91116468488298,0.0039377910658311,0.0115685324250761,0.99449309213555,0.3582126389753873,9.24840654048848,1.0269102294264862,0.0,4.352631020205952,0.0010667729532518,0.2709064385127942,0.2959858142799408,0.0,0.4404214155451354,0.3942163071844944,0.0579780326998543,3.045026375282592,0.0,4.22930182778742,0.0185566330410671,0.0158228697019775,-7.02704309865496,25699000.0,-229808000.0,-852052000.0,1737158000.0,499482000.0,679678000.0,43643000.0,52.25372877343263,125.02947326857138,8.027406312074168,1.7223651232667383,0.7198302739920706,11.211591453223113,0.0245814333273566,0.2672536395609154,2001-01-29,0.15,bmo,836334000.0,2025-04-25,2000-12-31,0.0,28.91444444444444,2190520.634920635
2000-09-30,DGX,USD,1022079,2000-11-14,2000-11-14 00:00:00,2000,Q3,850236000.0,474230000.0,376006000.0,0.4422372141,0,251219000.0,0.0,251219000.0,0.0,293217000.0,767447000.0,0.0,0.0,41998000.0,124787000.0,0.1467674857,82789000.0,0.0973717885,-28770000.0,54019000.0,0.0635341246,25307000.0,28712000.0,0.0337694475,0.16,0.15,179888000,191540000,https://www.sec.gov/Archives/edgar/data/1022079/000091205700049772/0000912057-00-049772-index.htm,https://www.sec.gov/Archives/edgar/data/1022079/000091205700049772/a2030896z10-q.txt,4.726474250644846,0.1596104242639864,0.5919071866939429,0.4403740104954193,0.8993707195588366,5.484729387174242,-2.123966023303389,5.484729387174242,6.607350128969136,5160986720.0,6187783720.0,44.93754109779884,6.070063747006714,48.470436995783125,65.14916710848544,5.230887063834015,5.230887063834015,7.277724914023871,49.58676560859705,58.11380598626933,78.11082986190007,0.0055632772486575,0.0153493903971913,1.2046811542644356,0.3953832704512144,8.228397188809732,1.0629796510450011,0.0,3.708449428810253,0.0,0.0,0.2954697284048194,0.0,0.4553036870366588,0.2560083398292589,0.0320605102583282,0.6490547168912806,0.0,4.438124564537457,0.0191196060697128,0.0175346775853297,-8.067140387352131,62172000.0,-382076000.0,-970169000.0,1854966000.0,509171500.0,645514000.0,45430500.0,54.34395861854826,127.1106003416064,8.162874554541046,1.656117851695881,0.7080448031724134,11.025527759694969,0.0291008749925251,0.1515331761985235,2000-10-19,0.12,bmo,680160000.0,2025-04-25,2000-09-30,0.25,27.044126984126983,2154088.888888889
2000-06-30,DGX,USD,1022079,2000-08-03,2000-08-03 00:00:00,2000,Q2,877113000.0,489202000.0,387911000.0,0.4422588652,0,252846000.0,0.0,252846000.0,0.0,296035000.0,785237000.0,0.0,0.0,43189000.0,135065000.0,0.1539881406,91876000.0,0.1047481909,-33663000.0,58213000.0,0.0663688715,28045000.0,30168000.0,0.0343946561,0.17,0.16,178308000,187924000,https://www.sec.gov/Archives/edgar/data/1022079/000091205700034406/0000912057-00-034406-index.htm,https://www.sec.gov/Archives/edgar/data/1022079/000091205700034406/a10-q.txt,4.919089440742984,0.1691903896628306,0.5990757565560715,0.4695863337595621,0.5576137918657603,5.279163021289006,-2.650402674024721,5.279163021289006,6.698684299078,3332576520.0,4427578520.0,27.616816825775658,3.7994836697210057,31.198057667103544,39.80098792561895,3.540333936389123,3.540333936389123,5.047899780301968,32.78109443601229,41.448965736753415,52.87860553438989,0.0090524553056624,0.0251250044815175,1.26889135116013,0.4066971977254928,8.107222448450745,1.3350683603435969,0.0,3.5408379740121982,0.0,0.0,0.2882707245246622,0.0,0.4814276958697946,0.2161486612993821,0.0263238602095739,0.5346037185394429,0.0,4.482926733170373,0.0209647959113254,0.0198083381757655,-8.376054355385063,239855000.0,-472588000.0,-1039889000.0,2078803000.0,494588500.0,574612500.0,48877000.0,51.8127994910576,114.29401351588912,8.80292803381834,1.7370225288740315,0.787442817269587,10.223870927292106,0.0320487147262824,0.1294894227965094,2000-07-24,0.16,bmo,877100000.0,2025-04-25,2000-06-30,0.0,15.032380952380953,1684063.492063492
2000-03-31,DGX,USD,1022079,2000-04-27,2000-04-27 00:00:00,2000,Q1,857479000.0,507792000.0,349687000.0,0.4078082379,0,249835000.0,0.0,249835000.0,0.0,283020000.0,790812000.0,0.0,0.0,33185000.0,99852000.0,0.1164483328,66667000.0,0.0777476766,-31471000.0,35196000.0,0.0410459032,17387000.0,17809000.0,0.0207690217,0.1,0.0975,176524000,182464000,https://www.sec.gov/Archives/edgar/data/1022079/000091205700020092/0000912057-00-020092-index.html,https://www.sec.gov/Archives/edgar/data/1022079/000091205700020092/,4.857577439894858,0.1008871314948675,0.1878328159343772,0.0880560150461127,0.1613774897464367,5.081631959393624,-2.992482608597131,5.081631959393624,6.829824839681856,1754648560.0,2931789560.0,24.631486327137964,2.04628750091839,52.91940042826552,112.88269171384457,1.9560645240404444,1.9560645240404444,3.419080304007445,29.361350398589916,88.4214361974847,188.61229799279465,0.0101496108143729,0.0088587540287839,1.344021939065583,0.4247210366954539,11.788857509113488,1.3339437427413487,0.0,1.861811443652086,1.6527526173104432e-05,0.0016283901398169,0.2913599050239131,0.0,0.5020987199833723,0.5312000482552703,0.0205404447222614,0.5307518457134247,0.0,3.396336793246068,0.0149009217680633,0.0126004698024565,-8.63903350252657,207891000.0,-528245000.0,-1111181000.0,2056449000.0,511740500.0,577228000.0,51102500.0,50.823693641476936,93.57648407221856,8.845058606673598,1.770827611131189,0.9617800977705216,10.17517282837391,0.0198532936468122,0.0997768008882644,2000-04-24,0.09,bmo,771749999.0,2025-04-25,2000-03-31,0.1111111111111112,8.685238095238095,624038.0952380953
1999-12-31,DGX,USD,1022079,2000-03-30,2000-03-30 00:00:00,1999,Q4,814500000.0,536000000.0,278500000.0,0.3419275629,0,192000000.0,0.0,192000000.0,0.0,225600000.0,761600000.0,0.0,0.0,33600000.0,86500000.0,0.1062001228,52900000.0,0.0649478207,-71500000.0,-18600000.0,-0.0228360958,-4100000.0,-14500000.0,-0.0178023327,-0.0821,-0.0821,176524000,176524000,https://www.sec.gov/Archives/edgar/data/1022079/000091205700014960/0000912057-00-014960-index.html,https://www.sec.gov/Archives/edgar/data/1022079/000091205700014960/,4.614103464684689,-0.082141805080329,0.3568919806938433,0.195440846570438,0.1546531916339987,4.889420135505653,-3.2448845482767217,4.889420135505653,6.893113684258231,1348643360.0,2538143360.0,-23.25247172413793,1.6557929527317372,21.40703746031746,39.09111188405797,1.5625574788552892,1.5625574788552892,3.1161981092694906,29.34269780346821,40.28798984126984,73.56937275362318,-0.0107515451675823,0.0255812626401096,1.4098018769551617,0.4227201667535175,13.751445086705202,1.2445807187678266,0.0,-4.344827586206897,0.0,0.0,0.2357274401473296,0.0,0.4988361994094146,0.4523809523809524,0.0349907918968692,0.8482142857142857,0.0,,0.0185536722507886,-0.0100512962706224,-8.823208175658834,171500000.0,-572800000.0,-1142700000.0,2035400000.0,546478000.0,601142500.0,51850000.0,59.58629834254144,105.19337686567164,8.781716417910447,1.5104143486581512,0.8555671723983814,10.248565965583174,-0.0167999073108562,0.1614511341234053,2000-01-27,0.05,bmo,651600000.0,2025-04-25,1999-12-31,0.1999999999999999,7.1409375,379856.25
1999-09-30,DGX,USD,1022079,1999-11-15,1999-11-15 00:00:00,1999,Q3,614800000.0,353100000.0,261700000.0,0.4256668835,0,192700000.0,0.0,192700000.0,0.0,216800000.0,569900000.0,0.0,0.0,24100000.0,69000000.0,0.11223162,44900000.0,0.0730318803,-50500000.0,-5600000.0,-0.0091086532,1700000.0,-9400000.0,-0.015289525,-0.065,-0.065,144615385,144615385,https://www.sec.gov/Archives/edgar/data/1022079/000091205799006043/0000912057-99-006043-index.html,https://www.sec.gov/Archives/edgar/data/1022079/000091205799006043/,4.251276584438094,-0.0649999998271276,0.9259042528566376,-6.31122338747015,0.2544680844296061,5.919148920427795,-3.655904245595999,5.919148920427795,8.762553168184699,940000002.5,2170400002.5,-25.00000006648936,1.5289525089459988,7.02016432038835,-1.0299112550673826,1.098130844042056,1.098130844042056,3.530253745120364,31.4550725,16.209111295743092,-2.3779993453489645,-0.0099999999734042,-0.970957444226177,1.480373831775701,0.448312460199533,17.831884057971013,1.3697557921102066,0.0,-18.34246575342466,0.0,0.0,0.3134352635003253,0.0,0.4898818368357744,7.816280806572069,1.7023422251138582,43.427385892116185,0.0,,0.0263116912307741,-0.0065191760871072,-10.322726036375728,236200000.0,-528700000.0,-1095600000.0,2065900000.0,389300000.0,407500000.0,42150000.0,81.05562784645413,146.76295666949872,13.101104502973662,1.1103485642044428,0.6132337617228204,6.86964980544747,-0.0109813084112149,7.237127640326788,1999-10-26,0.07,bmo,614800000.0,2025-04-25,1999-09-30,0.0,6.56046875,203856.25
1999-06-30,DGX,USD,1022079,1999-08-13,1999-08-13 00:00:00,1999,Q2,394000000.0,214300000.0,179700000.0,0.4560913706,0,131600000.0,0.0,131600000.0,0.0,148200000.0,362500000.0,0.0,0.0,16600000.0,48151000.0,0.1222106599,31500000.0,0.0799492386,-7034000.0,24500000.0,0.0621827411,11400000.0,13100000.0,0.033248731,0.11,0.11,119090909,121860465,https://www.sec.gov/Archives/edgar/data/1022079/000104746999032015/0001047469-99-032015-index.html,https://www.sec.gov/Archives/edgar/data/1022079/000104746999032015/,3.3083969490903797,0.1100000000839694,0.2435114505675659,0.1326717558264669,1.2469465658373635,5.019694660320377,0.9656488556989686,5.019694660320377,3.357938933861022,814581817.56,1065981817.56,15.545454533587783,2.0674665420304565,28.08902819172414,51.55581123797468,1.3626326824355972,1.3626326824355972,2.7055376080203044,22.138311095512037,36.75799370896552,67.46720364303798,0.0160818713573054,0.0193964555301852,0.6689528270324523,0.3046160877513711,5.221075367074412,1.6841097638800255,0.0,2.213740458015267,8.716128750906022e-05,0.0054198473282442,0.3340101522842639,0.0,0.3677635588056063,0.4551724137931034,0.0335025380710659,0.7951807228915663,0.0,3.524733223064791,0.0158760082409813,0.0157831325301204,-3.202385498627775,214400000.0,115000000.0,-187200000.0,940300000.0,227350000.0,241200000.0,32950000.0,51.37309644670051,100.4573028464769,13.81707886140924,1.7518897287683417,0.8959030100334449,6.513677811550152,0.0219136835061893,0.110839694741099,1999-07-16,0.08,bmo,315200000.0,2025-04-25,1999-06-30,0.25,6.07904761904762,232546.03174603172
1999-03-31,DGX,USD,1022079,1999-05-17,1999-05-17 00:00:00,1999,Q1,381800000.0,215600000.0,166200000.0,0.4353064432,0,127000000.0,0.0,127000000.0,0.0,143500000.0,359100000.0,0.0,0.0,16500000.0,39222000.0,0.1027291776,22700000.0,0.0594552122,-8661000.0,14000000.0,0.0366684128,6600000.0,7433000.0,0.019468308,0.0625,0.06,118864000,121120000,https://www.sec.gov/Archives/edgar/data/1022079/000095014699001154/0000950146-99-001154-index.html,https://www.sec.gov/Archives/edgar/data/1022079/,3.2120743034055725,0.0625336519046978,0.1985462377170548,0.091701440301521,1.2972809261004172,4.856811145510836,0.736135415264504,4.856811145510836,3.504845874276484,660883840.0,923283840.0,22.2280317503027,1.7309686746987951,28.00355254237288,60.63154495412845,1.14478406374502,1.14478406374502,2.4182394971189103,23.53994798837387,39.12219661016949,84.70493944954129,0.0112470596950895,0.0164930648024318,0.7216351983370864,0.316037020179032,6.690122890214676,1.7160413971539457,0.0,3.189189189189189,4.38806311257361e-05,0.0039015202475447,0.3326348873755893,0.0,0.371567288727052,0.538135593220339,0.0332634887375589,0.7696969696969697,0.0,2.6141094266796108,0.011262034380112,0.0089727184934814,-3.347102571005519,221400000.0,87500000.0,-210300000.0,952500000.0,225350000.0,242750000.0,32100000.0,54.1697223677318,101.5213358070501,13.775510204081632,1.6614447345517842,0.8865131578947368,6.533333333333333,0.0128754547029274,0.1068447974155337,1999-04-14,0.06,bmo,381800000.0,2025-04-25,1999-03-31,0.0,5.08655737704918,336806.5573770492
1998-12-31,DGX,USD,1022079,1999-03-31,1999-03-31 00:00:00,1998,Q4,363300000.0,202600000.0,160700000.0,0.4423341591,0,122200000.0,0.0,122200000.0,0.0,139300000.0,341900000.0,0.0,0.0,17100000.0,38500000.0,0.105973025,21400000.0,0.0589044867,-11400000.0,10000000.0,0.0275254611,4600000.0,5400000.0,0.014863749,0.0456,0.0456,118400000,118400000,https://www.sec.gov/Archives/edgar/data/1022079/000095014699000670/0000950146-99-000670-index.html,https://www.sec.gov/Archives/edgar/data/1022079/,3.0684121621621623,0.0456081081081081,0.3116554054054054,0.206081081081081,1.7136824324324325,4.796452702702703,0.6182432432432432,4.796452702702703,3.925675675675676,526880000.0,788780000.0,24.392592592592592,1.450261491879989,14.27859078590786,21.59344262295082,0.9277689734108118,0.9277689734108118,2.171153316818057,20.487792207792207,21.37615176151761,32.32704918032787,0.0102490130580018,0.0463103552991193,0.8184539531607677,0.3417144537568005,6.802597402597403,1.8681744749596123,0.0,6.833333333333333,0.0,0.0,0.3363611340489953,0.0,0.3636965152183502,0.3387533875338753,0.0344068263143407,0.7309941520467836,0.0,2.2185660913091083,0.0104854368932038,0.0062391681109185,-3.447001689189189,268700000.0,73200000.0,-214100000.0,1003800000.0,228650000.0,243050000.0,30500000.0,54.7233691164327,107.63573543928923,13.859822309970385,1.6446355817111815,0.8361535286834503,6.493589743589744,0.0095087163232963,0.1055743243243243,1999-01-27,0.04861,bmo,272475000.0,2025-04-25,1998-12-31,0.0285949393128986,4.27203125,228393.75
1998-09-30,DGX,USD,1022079,1998-11-13,1998-11-13 00:00:00,1998,Q3,360700000.0,199200000.0,161500000.0,0.4477405046,0,122800000.0,0.0,122800000.0,0.0,140000000.0,339200000.0,0.0,0.0,17200000.0,38700000.0,0.1072913779,21500000.0,0.059606321,-9400000.0,12100000.0,0.033545883,6000000.0,6100000.0,0.0169115609,0.05,0.05,122000000,122000000,https://www.sec.gov/Archives/edgar/data/1022079/000095014698001944/0000950146-98-001944-index.html,https://www.sec.gov/Archives/edgar/data/1022079/,2.9565573770491804,0.05,0.5188524590163934,0.4491803278688525,1.4836065573770492,4.601639344262295,0.4959016393442623,4.601639344262295,3.857377049180328,503860000.0,793460000.0,20.65,1.396894926531744,7.959873617693523,9.194525547445256,0.8975062344139652,0.8975062344139652,2.199778209037982,20.502842377260983,12.534913112164295,14.479197080291971,0.0121065375302663,0.108760369944032,0.8382614891343071,0.3444590835895184,7.483204134366925,1.851351351351351,0.0,10.55,0.0,0.0,0.3404491266980871,0.0,0.3666373883765188,0.1342812006319115,0.0235652897144441,0.4941860465116279,0.0,2.275267953955112,0.0097656031851577,0.0070495781809776,-3.537704918032787,258300000.0,60500000.0,-243100000.0,1000600000.0,239800000.0,234950000.0,29500000.0,58.98530634876629,110.15060240963857,13.463855421686748,1.52580372250423,0.8170631665299426,6.684563758389261,0.0108656929105806,0.0696721311475409,1998-10-14,0.05,bmo,360700000.0,2025-04-25,1998-09-30,0.0,4.82890625,277918.75
1998-06-30,DGX,USD,1022079,1998-08-12,1998-08-12 00:00:00,1998,Q2,366700000.0,206000000.0,160700000.0,0.4382328879,0,116100000.0,0.0,116100000.0,0.0,133300000.0,339300000.0,0.0,0.0,17200000.0,44600000.0,0.1216253068,27400000.0,0.07472048,-9100000.0,18300000.0,0.0499045541,9400000.0,8900000.0,0.0242705209,0.075,0.0725,118666667,122758621,https://www.sec.gov/Archives/edgar/data/1022079/000095014698001362/0000950146-98-001362-index.html,https://www.sec.gov/Archives/edgar/data/1022079/,3.090168530645594,0.0749999997893258,0.106179774982641,0.026123595432237,1.2867977491943885,4.724157290100682,0.4634831447654968,4.724157290100682,4.12078650527869,649106668.49,985406668.49,18.23333338455056,1.7701299931551675,51.51640226111111,209.3892479,1.1578784668034248,1.1578784668034248,2.687228438751023,22.09431992130045,78.2068784515873,317.87311886774194,0.0137111516982314,0.0047757944117435,0.8722797003210846,0.3584781174400703,7.540358744394619,1.9795258620689653,0.0,1.4157303370786516,0.0,0.0,0.3166075811289883,0.0,0.3706473132468294,0.753968253968254,0.0259067357512953,0.5523255813953488,0.0,2.823475766613129,0.0118093610954531,0.0103669190448456,-3.824157292628771,272700000.0,55000000.0,-252400000.0,1022700000.0,242900000.0,237200000.0,29600000.0,59.689119170984455,98.78155339805824,12.757281553398055,1.5078125,0.9111012826183104,7.054794520547945,0.0158758473064573,0.0800561795504039,1998-07-15,0.07,bmo,320862500.0,2025-04-25,1998-06-30,0.1428571428571427,5.016349206349206,266996.8253968254
1998-03-31,DGX,USD,1022079,1998-05-11,1998-05-11 00:00:00,1998,Q1,367900000.0,206100000.0,161800000.0,0.4397934221,0,120400000.0,0.0,120400000.0,0.0,137700000.0,343800000.0,0.0,0.0,17300000.0,41400000.0,0.112530579,24100000.0,0.0655069312,-10500000.0,13600000.0,0.036966567,7000000.0,6600000.0,0.0179396575,0.055,0.055,120000000,120000000,https://www.sec.gov/Archives/edgar/data/1022079/000095014698000811/0000950146-98-000811-index.html,https://www.sec.gov/Archives/edgar/data/1022079/,3.0658333333333334,0.055,0.2383333333333333,0.155,1.4383333333333332,4.595833333333333,0.3575,4.595833333333333,4.225833333333333,504000000.0,838500000.0,19.09090909090909,1.369937483011688,17.622377622377623,27.096774193548388,0.913871260199456,0.913871260199456,2.2791519434628977,20.2536231884058,29.318181818181817,45.08064516129032,0.013095238095238,0.0369047619047619,0.9194922937443336,0.3612852664576803,8.079710144927537,1.942551770207081,0.0,4.333333333333333,0.0,0.0,0.3272628431639032,0.0,0.3623539469934454,0.3496503496503496,0.0271812992661049,0.5780346820809249,0.0,2.384815244416221,0.0102422175630914,0.0073743016759776,-4.02125,282200000.0,42900000.0,-270500000.0,1038500000.0,240500000.0,246600000.0,30200000.0,59.34764881761348,108.42794759825328,13.100436681222709,1.516488046166529,0.8300443012484897,6.87,0.0119673617407071,0.0833333333333333,1998-04-14,0.02727,bmo,183950000.0,2025-04-25,1998-03-31,1.2002200220022,4.037868852459017,219049.18032786885
1997-12-31,DGX,USD,1022079,1998-03-20,1998-03-20 00:00:00,1997,Q4,365400000.0,207100000.0,158300000.0,0.4332238643,0,130600000.0,0.0,130600000.0,0.0,149200000.0,356300000.0,0.0,0.0,18600000.0,27700000.0,0.0758073344,9100000.0,0.0249042146,-59300000.0,-50200000.0,-0.1373836891,-12800000.0,-37400000.0,-0.1023535851,-0.33,-0.31,114915085,120000000,https://www.sec.gov/Archives/edgar/data/1022079/000095014698000451/0000950146-98-000451-index.html,https://www.sec.gov/Archives/edgar/data/1022079/,3.179739196120335,-0.3254577064447196,0.3341597841571452,0.1148674258040186,1.4071259660992288,4.713915496820979,0.2427879681766758,4.713915496820979,4.479829606356729,484941658.7,838041658.7,-3.2415886276737966,1.327152870005473,12.628689028645832,36.7380044469697,0.8952218177958279,0.8952218177958279,2.293491129447182,30.254211505415164,21.824001528645837,63.4880044469697,-0.0771226792523032,0.0272197691478717,0.9503415174450804,0.3674780498251124,12.747292418772563,1.9379871230091497,0.0,-1.0267379679144386,0.0,0.0,0.3574165298303229,0.0,0.3667642229995003,0.65625,0.0689655172413793,1.3548387096774193,0.0,,0.0059554473602427,-0.0421598466914665,-4.381496128206319,276800000.0,27900000.0,-287300000.0,1040800000.0,254750000.0,238950000.0,29800000.0,58.7192118226601,106.42684693384838,13.211009174311927,1.532718120805369,0.8456512862392813,6.8125,-0.0690419051135314,0.2192923583531265,1998-01-27,0.0125,bmo,401940000.0,2025-04-25,1997-12-31,0.6,4.18328125,240881.25
1997-09-30,DGX,USD,1022079,1997-11-12,1997-11-12 00:00:00,1997,Q3,373600000.0,216300000.0,157300000.0,0.4210385439,0,119700000.0,0.0,119700000.0,0.0,138700000.0,355000000.0,0.0,0.0,19000000.0,37600000.0,0.1006423983,18600000.0,0.0497858672,-12300000.0,6300000.0,0.016862955,3300000.0,3000000.0,0.0080299786,0.025,0.025,120000000,120000000,https://www.sec.gov/Archives/edgar/data/1022079/000095014697001649/0000950146-97-001649-index.html,https://www.sec.gov/Archives/edgar/data/1022079/,3.1133333333333333,0.025,0.4783333333333333,0.4066666666666667,1.0375,4.721666666666667,0.2591666666666666,4.721666666666667,4.295,507600000.00000006,898500000.0,42.3,1.358672376873662,8.843205574912893,10.401639344262296,0.8958701023649842,0.8958701023649842,2.4049785867237685,23.89627659574468,15.653310104529616,18.41188524590164,0.0059101654846335,0.0961386918833727,0.9096364278150372,0.3625237391854822,10.39627659574468,1.9835125448028672,0.0,19.133333333333333,0.0,0.0,0.3203961456102783,0.0,0.3766617429837518,0.1498257839721254,0.0230192719486081,0.4526315789473684,0.0,1.629704727857166,0.0075890179565957,0.0033852403520649,-4.272291666666667,274400000.0,31100000.0,-301700000.0,1077800000.0,279550000.0,221550000.0,28550000.0,65.30781584582441,96.94868238557558,12.149791955617198,1.3780892659535229,0.9283261802575108,7.407534246575342,0.0052947405577126,0.0716666666666666,1997-10-20,0.03,bmo,373600000.0,2025-04-25,1997-09-30,0.0,4.531875,351087.5
1997-06-30,DGX,USD,1022079,1997-08-08,1997-08-08 00:00:00,1997,Q2,401500000.0,226400000.0,175100000.0,0.4361145704,0,127900000.0,0.0,127900000.0,0.0,147100000.0,373500000.0,0.0,0.0,19200000.0,47200000.0,0.1175591532,28000000.0,0.0697384807,-11500000.0,16500000.0,0.0410958904,8400000.0,8100000.0,0.0201743462,0.07,0.07,115714286,115714286,https://www.sec.gov/Archives/edgar/data/1022079/000095014697001180/0000950146-97-001180-index.html,https://www.sec.gov/Archives/edgar/data/1022079/,3.4697530778524617,0.0699999998271605,0.2635802462627648,0.2022222217229081,0.6550617267776254,4.849876531234873,0.0812345677006553,4.849876531234873,4.456666655662551,594771430.04,1034671430.04,18.35714290246913,1.4813734247571606,19.50070262426229,25.41758248034188,1.0598207947968636,1.0598207947968636,2.577014769713574,21.92100487372881,33.92365344393443,44.21672777948718,0.0136186770091751,0.0393428446931727,0.9189237348538846,0.3690953335241912,9.319915254237287,2.081510934393638,0.0,3.765432098765432,0.0,0.0,0.3185554171855542,0.0,0.3949327225880332,0.2327868852459016,0.0176836861768368,0.3697916666666667,0.0,2.7637936822118787,0.0118270990754212,0.0095812633073101,-4.5824073960928215,272000000.0,9400000.0,-312500000.0,1096900000.0,289700000.0,212400000.0,28250000.0,64.55790784557908,83.52031802120142,11.090989399293289,1.3940972222222223,1.0775821037601143,8.114695340501791,0.0144333570919458,0.0613580245398567,1997-07-16,0.06,bmo,344142857.0,2025-04-25,1997-06-30,0.1666666666666668,4.4365625,363118.75
1997-03-31,DGX,USD,1022079,1997-04-29,1997-04-29 00:00:00,1997,Q1,388100000.0,225700000.0,162400000.0,0.4184488534,0,124000000.0,0.0,124000000.0,0.0,143600000.0,369300000.0,0.0,0.0,19600000.0,38400000.0,0.0989435712,18800000.0,0.0484411234,-10400000.0,8400000.0,0.0216439062,4400000.0,4000000.0,0.010306622,0.035,0.035,114285714,114285714,https://www.sec.gov/Archives/edgar/data/1022079/000095014697000661/0000950146-97-000661-index.html,https://www.sec.gov/Archives/edgar/data/1022079/,3.395875008489688,0.0350000000875,0.43750000109375,0.3858750009646875,0.5941250014853126,4.7810000119525,0.05250000013125,4.7810000119525,4.5123750112809375,425142856.08,872942856.08,26.571428505,1.0954466788971915,8.502857121600002,9.640427575510206,0.7780798976573939,0.7780798976573939,2.2492730123164133,22.73288687708333,17.4588571216,19.794622586848075,0.0094086021740591,0.103729838969002,0.943814055636896,0.3721853348729792,11.661458333333334,2.151187005414411,0.0,12.5,0.0,0.0,0.3195052821437774,0.0,0.3900115473441108,0.118,0.015202267456841,0.3010204081632653,0.0,1.9403704591714408,0.0077556795914241,0.0047326076668244,-4.711437511778594,276400000.0,6000000.0,-322700000.0,1096000000.0,310200000.0,107350000.0,28800000.0,67.57536717340892,85.61364643331856,11.404519273371733,1.3318462594371998,1.0512342803912436,7.891608391608392,0.007320644216691,0.0516250001290625,1997-04-16,0.02571,bmo,194050000.0,2025-04-25,1997-03-31,0.5558148580318942,4.070983606557378,1153626.2295081967
1996-12-31,DGX,USD,1022079,1997-03-19,1997-03-19 00:00:00,1996,Q4,385000000.0,242100000.0,142900000.0,0.3711688312,0,123900000.0,478000000.0,601900000.0,0.0,601900000.0,844000000.0,0.0,-15000000.0,23900000.0,-465200000.0,-1.2083116883,-459000000.0,-1.1922077922,-15100000.0,-474100000.0,-1.2314285714,-7000000.0,-467100000.0,-1.2132467532,-4.04,-4.04,115600000,115600000,https://www.sec.gov/Archives/edgar/data/1022079/000095014697000404/0000950146-97-000404-index.html,https://www.sec.gov/Archives/edgar/data/1022079/,3.330449826989619,-4.040657439446367,-1.1280276816608996,-1.2283737024221453,0.3633217993079585,4.662629757785467,-0.060553633217993,4.662629757785467,4.506920415224913,436968000.0,930968000.0,-0.2338728323699422,1.134981818181818,-3.3509815950920245,-3.077239436619718,0.8107012987012987,0.8107012987012987,2.4180987012987014,-2.00122098022356,-7.139325153374233,-6.556112676056338,-1.068956994562531,-0.3249665879423665,0.9944341372912802,0.3842293906810036,-1.061908856405847,2.0522088353413657,30.6,0.2791693427531578,0.0,0.0,0.3218181818181818,0.0,0.3913978494623656,-0.088957055214724,0.0301298701298701,0.4853556688433338,0.0,,-0.3946099029188399,-0.5501766784452297,-4.781574394463668,262000000.0,-7000000.0,-345000000.0,1096000000.0,326000000.0,0.0,27500000.0,76.9090909090909,0.0,10.780669144981411,1.1702127659574468,0.0,8.348275862068965,-0.8666048237476809,0.1003460207612457,1997-03-19,,bmo,,2025-04-25,1996-12-31,,3.734,335920.0
1996-09-30,DGX,USD,1022079,1996-09-30,1996-09-29 20:00:00,1996,Q3,405400000.0,255400000.0,150000000.0,0.3700049334,0,125200000.0,167900000.0,293100000.0,0.0,293100000.0,548500000.0,0.0,-19900000.0,25000000.0,-157900000.0,-0.3894918599,-143100000.0,-0.3529847065,-19900000.0,-163000000.0,-0.4020720276,-43600000.0,-119400000.0,-0.294523927,-1.03,-1.03,115600000,115600000,,,3.5069204152249136,-1.032871972318339,0.2179930795847751,0.1150519031141868,0.4152249134948096,1.1418685121107266,-7.525951557093426,1.1505190311418685,10.485294117647058,404600000.0,1588600000.0,-0.8471524288107203,0.9980266403552048,16.055555555555554,30.42105263157895,3.042105263157895,3.042105263157895,3.918598914652195,-10.060797973400886,63.03968253968254,119.4436090225564,-0.2951062778052397,0.0328719723183391,9.263157894736842,0.6532343584305408,-7.498416719442686,1.2649769585253456,7.190954773869347,-0.2110552763819095,0.0,0.0,0.3088307844104588,0.0,0.5312831389183457,0.4722222222222221,0.0293537247163295,0.4759999999999999,0.0,,-0.0721921107336612,-0.1350678733031674,-12.549740484429066,115000000.0,-870000000.0,-1205000000.0,1410000000.0,,,,71.70695609274792,0.0,9.162098668754894,1.255108359133127,0.0,9.823076923076924,-0.8977443609022556,0.1029411764705882,1997-01-27,-0.88529,bmo,385000000.0,2025-04-25,1996-09-30,0.1667024364897377,,
