date,symbol,reportedCurrency,cik,fillingDate,acceptedDate,calendarYear,period,revenue,costOfRevenue,grossProfit,grossProfitRatio,researchAndDevelopmentExpenses,generalAndAdministrativeExpenses,sellingAndMarketingExpenses,sellingGeneralAndAdministrativeExpenses,otherExpenses,operatingExpenses,costAndExpenses,interestIncome,interestExpense,depreciationAndAmortization,ebitda,ebitdaratio,operatingIncome,operatingIncomeRatio,totalOtherIncomeExpensesNet,incomeBeforeTax,incomeBeforeTaxRatio,incomeTaxExpense,netIncome,netIncomeRatio,eps,epsdiluted,weightedAverageShsOut,weightedAverageShsOutDil,link,finalLink,revenuePerShare,netIncomePerShare,operatingCashFlowPerShare,freeCashFlowPerShare,cashPerShare,bookValuePerShare,tangibleBookValuePerShare,shareholdersEquityPerShare,interestDebtPerShare,marketCap,enterpriseValue,peRatio,priceToSalesRatio,pocfratio,pfcfRatio,pbRatio,ptbRatio,evToSales,enterpriseValueOverEBITDA,evToOperatingCashFlow,evToFreeCashFlow,earningsYield,freeCashFlowYield,debtToEquity,debtToAssets,netDebtToEBITDA,currentRatio,interestCoverage,incomeQuality,dividendYield,payoutRatio,salesGeneralAndAdministrativeToRevenue,researchAndDdevelopementToRevenue,intangiblesToTotalAssets,capexToOperatingCashFlow,capexToRevenue,capexToDepreciation,stockBasedCompensationToRevenue,grahamNumber,roic,returnOnTangibleAssets,grahamNetNet,workingCapital,tangibleAssetValue,netCurrentAssetValue,investedCapital,averageReceivables,averagePayables,averageInventory,daysSalesOutstanding,daysPayablesOutstanding,daysOfInventoryOnHand,receivablesTurnover,payablesTurnover,inventoryTurnover,roe,capexPerShare,report_date,epsEstimated,time,revenueEstimated,updatedFromDate,fiscalDateEnding,surprise(%),QuarterAvgPrice,QuarterAvgVolume
2024-12-28,DIS,USD,1744489,2025-02-05,2025-02-05 06:43:16,2025,Q1,24690000000.0,15406000000.0,9284000000.0,0.3760226812,0,0.0,0.0,3930000000.0,0.0,3930000000.0,19336000000.0,120000000.0,487000000.0,1276000000.0,5312000000.0,0.2151478331,4078000000.0,0.1651680842,-418000000.0,3660000000.0,0.1482381531,1016000000.0,2554000000.0,0.1034426893,1.41,1.4,1812000000,1818000000,https://www.sec.gov/Archives/edgar/data/1744489/000174448925000067/0001744489-25-000067-index.htm,https://www.sec.gov/Archives/edgar/data/1744489/000174448925000067/dis-20241228.htm,13.625827814569536,1.4094922737306843,1.7687637969094925,0.4078366445916114,3.0275938189845477,58.90673289183223,12.723509933774835,56.25441501103753,25.27317880794702,202128600000.0,241950600000.0,19.785493343774476,8.186658566221142,63.06664586583463,273.5163734776725,1.982955470750395,1.982955470750395,9.799538274605103,45.54792921686747,75.49160686427457,327.40270635994585,0.0126355201589483,0.0036560882527262,0.444488046069477,0.229936157039473,7.496611445783133,0.6791884290879872,8.373716632443532,1.212178517397882,0.0044822949350067,0.3547376664056382,0.0,0.0,0.4246927113465891,0.7694227769110764,0.0998784933171324,1.932601880877743,0.0128392061563385,42.23776360946657,0.0174503318760952,0.0225295954552672,-40.555601545253865,-11179000000.0,23055000000.0,-66640000000.0,72505000000.0,13248000000.0,7398000000.0,2020000000.0,50.18347509113001,0.0,11.7889134103596,1.7934190455436914,0.0,7.634291377601586,0.0250556738249634,1.3609271523178808,2025-02-05,1.45,bmo,24665486885.0,2025-05-04,2024-12-28,0.2137931034482759,107.4675,8836848.383333333
2024-09-28,DIS,USD,1744489,2024-11-14,2024-11-14 06:46:46,2024,Q4,22574000000.0,14230000000.0,8344000000.0,0.3696287765,0,0.0,0.0,4314000000.0,4030000000.0,8344000000.0,19830000000.0,171000000.0,532000000.0,1285000000.0,2738000000.0,0.1212899796,2646000000.0,0.1172144946,-1698000000.0,948000000.0,0.0419952157,384000000.0,460000000.0,0.0203774254,0.25,0.25,1814000000,1819000000,https://www.sec.gov/Archives/edgar/data/1744489/000174448924000276/0001744489-24-000276-index.htm,https://www.sec.gov/Archives/edgar/data/1744489/000174448924000276/dis-20240928.htm,12.444321940463064,0.2535832414553473,3.041896361631753,2.2210584343991178,3.308710033076075,58.170893054024255,11.828555678059535,55.51047409040794,27.16372657111356,174162140000.0,216903140000.0,94.65333695652176,7.715165234340391,31.562548024646613,43.22713824770415,1.729583498848018,1.729583498848018,9.608538141224418,79.21955441928415,39.30828923523016,53.83547778605113,0.0026412169717253,0.0231336156066984,0.4840609358862318,0.2484112140006829,15.610299488677867,0.7295297551952369,4.973684210526316,11.995652173913044,0.0046910310128251,1.7760869565217392,0.0,0.0,0.4284243625744703,0.2698441464298658,0.0659608399043147,1.1587548638132297,0.0146185877558252,17.79668042017376,0.0093443892300808,0.0041015032901189,-40.869487320837926,-9358000000.0,21457000000.0,-65456000000.0,74707000000.0,12847500000.0,17506000000.0,2003000000.0,50.74909187560911,93.57976106816584,12.788475052705552,1.7734307486841072,0.9617464179507976,7.037586547972305,0.0045682052911734,0.820837927232635,2024-11-14,1.11,bmo,22492476281.0,2025-04-25,2024-09-28,0.0270270270270268,105.0478125,9270224.5625
2024-06-29,DIS,USD,1744489,2024-08-07,2024-08-07 06:54:11,2024,Q3,23155000000.0,14709000000.0,8446000000.0,0.3647592313,0,0.0,0.0,3872000000.0,0.0,4912000000.0,19621000000.0,167000000.0,509000000.0,1220000000.0,4640000000.0,0.2003886849,3453000000.0,0.1491254589,-360000000.0,3093000000.0,0.1335780609,251000000.0,2621000000.0,0.1131936947,1.44,1.43,1821000000,1829000000,https://www.sec.gov/Archives/edgar/data/1744489/000174448924000232/0001744489-24-000232-index.htm,https://www.sec.gov/Archives/edgar/data/1744489/000174448924000232/dis-20240629.htm,12.71554091158704,1.4393190554640307,1.42888522789676,0.6792970895112576,3.269632070291049,57.82701812191104,11.13783635365184,55.25645249862713,26.410214168039538,180807090000.0,222437090000.0,17.24600247996948,7.808554955733103,69.48773635664874,146.16579628132578,1.7968942179642624,1.7968942179642624,9.606438782120492,47.93902801724138,85.48696771714066,179.81979789814065,0.0144961129566323,0.0068415458707952,0.47289857088907,0.2406002871994013,8.97198275862069,0.7158542064472649,6.783889980353635,0.9927508584509728,0.0,0.0,0.0,0.0,0.4298940193758469,0.5245964642582629,0.0589505506370114,1.1188524590163935,0.0155905851867847,42.30203851966101,0.018639323493155,0.0232459135617422,-41.62465678198792,-10119000000.0,20282000000.0,-66976000000.0,110943000000.0,12496000000.0,19292000000.0,1966000000.0,50.396890520405954,123.69569651233938,12.139506424637975,1.785824463982724,0.7275920063316185,7.413810483870968,0.0260479815547295,0.7495881383855024,2024-08-07,1.19,bmo,23080610832.0,2025-04-25,2024-06-29,0.1680672268907562,92.00734375,10618463.6875
2024-03-30,DIS,USD,1744489,2024-05-07,2024-05-07 09:01:19,2024,Q2,22083000000.0,14172000000.0,7911000000.0,0.3582393697,0,0.0,0.0,3687000000.0,0.0,6840000000.0,21012000000.0,190000000.0,501000000.0,1242000000.0,2231000000.0,0.10102794,2982000000.0,0.1350360005,-2325000000.0,657000000.0,0.0297513925,441000000.0,-20000000.0,-0.000905674,-0.0109,-0.0109,1834000000,1834000000,https://www.sec.gov/Archives/edgar/data/1744489/000174448924000152/0001744489-24-000152-index.htm,https://www.sec.gov/Archives/edgar/data/1744489/000174448924000152/dis-20240330.htm,12.040894220283532,-0.0109051254089422,1.9989094874591056,1.312431842966194,3.617775354416576,56.57742639040349,10.01908396946565,54.11777535441657,25.51799345692476,224408240000.0,264072240000.0,-2805.103,10.162035955259702,61.21337697763229,93.231508101371,2.260994639906501,2.260994639906501,11.958168727075126,118.36496638278798,72.03279869067103,109.71011217282924,-8.912328709498368e-05,0.0107259876018812,0.4664792649014629,0.2372969094357029,17.778574630210667,0.6909715884893837,5.952095808383233,-183.3,0.0024464342307573,-27.45,0.0,0.0,0.4376403054687099,0.3434260774686307,0.0570121813159443,1.0136876006441224,0.0166191187791513,,0.0058002281416585,-0.000182278850185,-40.7407306434024,-10159000000.0,18375000000.0,-68632000000.0,110754000000.0,13070500000.0,9184000000.0,1951000000.0,49.012362450753976,116.64690939881456,12.37087214225233,1.836271411940795,0.7715592334494773,7.275154004106776,-0.0002015072744126,0.6864776444929117,2024-05-07,1.1,bmo,22121134058.0,2025-04-25,2024-03-30,0.0999999999999998,107.6484126984127,10433422.76190476
2023-12-30,DIS,USD,1744489,2024-02-07,2024-02-07 17:00:58,2024,Q1,23549000000.0,15587000000.0,7962000000.0,0.3381035288,0,0.0,0.0,3683000000.0,0.0,4745000000.0,20332000000.0,282000000.0,528000000.0,1243000000.0,4397000000.0,0.186717058,3036000000.0,0.1289226719,-165000000.0,2871000000.0,0.1219160049,720000000.0,1911000000.0,0.0811499427,1.04,1.04,1832000000,1835000000,https://www.sec.gov/Archives/edgar/data/1744489/000174448924000081/0001744489-24-000081-index.htm,https://www.sec.gov/Archives/edgar/data/1744489/000174448924000081/dis-20231230.htm,12.854257641921397,1.043122270742358,1.1926855895196506,0.4836244541484716,3.925764192139738,57.58788209606987,-9.240720524017467,54.97871179039301,26.319868995633183,165411280000.0,205909280000.0,21.63936159079017,7.024131810267952,75.70310297482838,186.6944469525959,1.6422720187448496,1.6422720187448496,8.74386513227738,46.82949283602456,94.23765675057209,232.4032505643341,0.0115530210515268,0.0053563457099177,0.4734861647521371,0.2411338194100336,9.210370707300433,0.8368833177585151,5.75,1.0158066015806602,0.0033226270904862,0.2875981161695447,0.0,0.0,0.619039914245553,0.594508009153318,0.0551615779863263,1.0450522928399035,0.01307911163956,35.921639305840415,0.0131611815773785,0.0253636653217243,-40.129776200873366,-5062000000.0,-16929000000.0,-66302000000.0,152689000000.0,13222500000.0,7562500000.0,1958500000.0,53.94496581595821,0.0,11.282478988901008,1.6683669854764436,0.0,7.976970317297851,0.0189732032048927,0.709061135371179,2024-02-07,0.99,amc,23709041921.0,2025-04-25,2023-12-30,0.2323232323232323,104.45475409836064,12578528.31147541
2023-09-30,DIS,USD,1744489,2024-01-24,2024-01-24 17:00:30,2023,Q4,21241000000.0,13728000000.0,7513000000.0,0.3537027447,0,0.0,0.0,3938000000.0,0.0,6146000000.0,19874000000.0,476000000.0,501000000.0,1409000000.0,2765000000.0,0.1301727791,2166000000.0,0.1019726002,-1159000000.0,1007000000.0,0.0474083141,313000000.0,264000000.0,0.0124287934,0.14,0.14,1831000000,1833000000,https://www.sec.gov/Archives/edgar/data/1744489/000174448924000064/0001744489-24-000064-index.htm,https://www.sec.gov/Archives/edgar/data/1744489/000174448924000064/dis-20230930.htm,11.600764609503004,0.1441835062807209,2.622610595303113,1.872200983069361,7.745494265428728,61.72146368104861,12.49808847624249,54.2200983069361,25.63189513926816,148402550000.0,180651550000.0,140.5327178030303,6.986608445930041,30.904321116201583,43.29129229871645,1.4948331436284334,1.4948331436284334,8.50485146650346,65.33509945750453,37.62006455643482,52.69881855309218,0.0017789451731119,0.0230993335357108,0.4676914088862475,0.2258547808871528,11.663291139240506,1.0521532483380969,4.323353293413174,6.919308357348704,0.0,0.0,0.0,0.0,0.4384105380413369,0.2861307788421491,0.0646862200461372,0.9751596877217884,0.0132762111011722,13.262616160001658,0.0083501410582375,0.0022866843942451,-37.22337520480612,1624000000.0,22884000000.0,-59804000000.0,126693000000.0,12721000000.0,7562500000.0,1931500000.0,52.24330304599595,99.15865384615384,12.869318181818182,1.7227088402270885,0.9076363636363636,6.993377483443709,0.0026592262054655,0.750409612233752,2023-11-08,0.67,amc,20132800000.0,2025-04-25,2023-09-30,0.2238805970149252,88.15920634920634,12535996.555555556
2023-07-01,DIS,USD,1744489,2023-08-09,2023-08-09 17:01:19,2023,Q3,22330000000.0,14471000000.0,7859000000.0,0.3519480519,0,0.0,0.0,3787000000.0,0.0,7601000000.0,22072000000.0,111000000.0,503000000.0,1344000000.0,1512000000.0,0.0677115987,2728000000.0,0.1221674877,19000000.0,-134000000.0,-0.0060008957,19000000.0,-460000000.0,-0.0206000896,-0.25,-0.25,1829000000,1829000000,https://www.sec.gov/Archives/edgar/data/1744489/000174448923000171/0001744489-23-000171-index.htm,https://www.sec.gov/Archives/edgar/data/1744489/000174448923000171/dis-20230701.htm,12.20885729907053,-0.2515035538545653,1.5319846910880262,0.8950246036085292,6.2646254784035,60.65718972115911,10.70694368507381,53.36796063422635,26.07545106615637,163293120000.0,199024120000.0,-88.74626086956522,7.312723690103001,58.27734475374733,99.75144777031154,1.6729138407950006,1.6729138407950006,8.91285803851321,131.629708994709,71.02930763740186,121.57857055589491,-0.002817020092457,0.0100249171551134,0.4834443192295871,0.2315649489898568,23.63161375661376,1.0687114826096196,5.423459244532803,-6.091304347826087,0.0,0.0,0.0,0.0,0.4483151195143854,0.4157744468236973,0.0521719659650694,0.8668154761904762,0.0130317957904164,,0.0174798588625276,-0.0040916530278232,-38.59978130125752,1940000000.0,19583000000.0,-62667000000.0,127876000000.0,12941000000.0,9295500000.0,1874000000.0,52.84729064039409,0.0,11.816736922120102,1.703020134228188,0.0,7.616315789473684,-0.004712631902469,0.636960087479497,2023-08-09,0.99,amc,22484600000.0,2025-04-25,2023-07-01,0.0404040404040404,85.40555555555555,16154532.253968254
2023-04-01,DIS,USD,1744489,2023-05-10,2023-05-10 17:02:02,2023,Q2,21815000000.0,14616000000.0,7199000000.0,0.330002292,0,0.0,0.0,3530000000.0,0.0,4670000000.0,19286000000.0,182000000.0,504000000.0,1310000000.0,3811000000.0,0.1746963099,2359000000.0,0.1081366033,-236000000.0,2123000000.0,0.0973183589,635000000.0,1271000000.0,0.0582626633,0.7,0.69,1828000000,1831000000,https://www.sec.gov/Archives/edgar/data/1744489/000174448923000099/0001744489-23-000099-index.htm,https://www.sec.gov/Archives/edgar/data/1744489/000174448923000099/dis-20230401.htm,11.933807439824946,0.6952954048140044,1.7702407002188183,1.086980306345733,5.688730853391685,60.37746170678337,10.177789934354486,53.53336980306346,26.81728665207877,183037640000.0,221156640000.0,36.002682926829266,8.390448773779509,56.56292954264524,92.1175842979366,1.870422137974024,1.870422137974024,10.137824432729774,58.031130936762,68.3425957972806,111.30178158027176,0.0069439269431139,0.010855690665592,0.495794970314432,0.2368372238330941,10.002361584885858,1.0073781009409752,4.680555555555555,2.174731182795699,0.0,0.0,0.0,0.0,0.4479444298001542,0.3859703337453646,0.0572541829016731,0.9534351145038168,0.0137520055008022,28.93931384183587,0.0091726741739495,0.0112385381942295,-40.25574398249453,207000000.0,18605000000.0,-66225000000.0,126551000000.0,13381500000.0,18370000000.0,1839000000.0,52.68393307357323,114.47660098522168,11.379310344827584,1.7083007047768206,0.786186864611909,7.909090909090909,0.0129880746788747,0.6832603938730853,2023-05-10,0.89,amc,21790000000.0,2025-04-25,2023-04-01,0.0449438202247191,94.73129032258063,12510883.677419355
2022-12-31,DIS,USD,1744489,2023-02-08,2023-02-08 17:02:03,2023,Q1,23512000000.0,16386000000.0,7126000000.0,0.3030792787,0,0.0,0.0,3741000000.0,0.0,4967000000.0,21353000000.0,165000000.0,465000000.0,1306000000.0,3544000000.0,0.1507315413,2079000000.0,0.088422933,-306000000.0,1773000000.0,0.0754083021,412000000.0,1279000000.0,0.0543977543,0.7,0.7,1825000000,1827000000,https://www.sec.gov/Archives/edgar/data/1744489/000174448923000049/0001744489-23-000049-index.htm,https://www.sec.gov/Archives/edgar/data/1744489/000174448923000049/dis-20221231.htm,12.883287671232877,0.7008219178082192,-0.5336986301369863,-1.180821917808219,4.641095890410959,59.65917808219178,9.130958904109589,52.68438356164384,26.7627397260274,158556000000.0,198463000000.0,30.992181391712272,6.743620279006465,-162.78850102669404,-73.57587006960557,1.64906551290185,1.64906551290185,8.440923783599864,55.99971783295711,-203.76078028747432,-92.09419953596289,0.0080665506193395,-0.0135914124977925,0.5031461585663918,0.2393431754764402,11.260440180586908,0.9941632803841892,4.470967741935484,-0.7156502571638501,0.0,0.0,0.0,0.0,0.4562248916506699,-1.212525667351129,0.0502296699557672,0.9042879019908115,0.0114834977883633,28.8227920462234,0.0089504573732086,0.011636793740333,-40.20068493150685,-158000000.0,16664000000.0,-66334000000.0,126256000000.0,13322500000.0,17177000000.0,1786000000.0,53.56286151752297,99.6832662028561,10.051263273526182,1.6802687057814625,0.9028596616893492,8.954098360655738,0.0133022704344298,0.6471232876712328,2023-02-08,0.69,amc,23442237670.0,2025-04-25,2022-12-31,0.4347826086956523,100.81887096774194,10943389.838709677
2022-10-01,DIS,USD,1744489,2023-01-24,2023-01-24 16:15:45,2022,Q4,20150000000.0,13558000000.0,6592000000.0,0.327146402,0,0.0,0.0,4716000000.0,0.0,5828000000.0,19386000000.0,63000000.0,434000000.0,1317000000.0,2052000000.0,0.1018362283,559000000.0,0.0277419355,-183000000.0,376000000.0,0.0186600496,122000000.0,162000000.0,0.0080397022,0.0888,0.0888,1824000000,1826000000,https://www.sec.gov/Archives/edgar/data/1744489/000119312523014219/0001193125-23-014219-index.htm,https://www.sec.gov/Archives/edgar/data/1744489/000119312523014219/d431948d10ka.htm,11.047149122807015,0.0888157894736842,1.3837719298245614,0.7543859649122807,6.367872807017544,59.41776315789474,8.576754385964913,52.08771929824562,26.756030701754387,172057920000.0,208811920000.0,265.5214814814815,8.53885459057072,68.16874801901743,125.04209302325582,1.8109834961266416,1.8109834961266416,10.362874441687344,101.76019493177388,82.73055467511885,151.7528488372093,0.0009415434058484,0.0079973069533794,0.5091044964634557,0.2375325957246195,17.91130604288499,1.000859904378633,1.2880184331797235,9.937007874015748,0.0,0.0,0.0,0.0,0.4554021735393923,0.4548335974643423,0.0569727047146402,0.8716780561883067,0.0126054590570719,10.202439316435074,0.0021259167497552,0.0014608149904866,-40.17434210526316,25000000.0,15644000000.0,-66155000000.0,126355000000.0,13168500000.0,18531500000.0,1666000000.0,56.51017369727047,107.57117568962974,11.563652456114472,1.5926335757192538,0.8366553532860228,7.78300803673938,0.0017051195688784,0.6293859649122807,2022-11-08,0.5,amc,21268320692.0,2025-04-25,2022-10-01,-0.4,95.64730158730158,14438919.984126983
2022-07-02,DIS,USD,1744489,2022-08-10,2022-08-10 17:01:59,2022,Q3,21504000000.0,13682000000.0,7822000000.0,0.3637462798,0,0.0,0.0,4087000000.0,0.0,5330000000.0,19012000000.0,7000000.0,380000000.0,1290000000.0,3796000000.0,0.1765252976,2445000000.0,0.1136997768,-326000000.0,2119000000.0,0.0985398065,617000000.0,1409000000.0,0.0655226935,0.77,0.77,1823000000,1825000000,https://www.sec.gov/Archives/edgar/data/1744489/000174448922000161/0001744489-22-000161-index.htm,https://www.sec.gov/Archives/edgar/data/1744489/000174448922000161/dis-20220702.htm,11.795940756993966,0.7729018102029621,1.054306088864509,0.1025781678551837,7.108612177729018,58.06801974766868,6.90016456390565,50.74053757542512,28.51453647833242,175263220000.0,213906220000.0,31.09709368346345,8.150261346726191,91.18793964620188,937.2364705882352,1.8947375135135136,1.8947375135135136,9.947275855654762,56.35042676501581,111.29355879292405,1143.8835294117648,0.0080393364905654,0.0010669665888827,0.5578594594594595,0.2528592569362094,10.179926238145416,1.0233845752996351,6.434210526315789,1.2796271637816246,0.0,0.0,0.0,0.0,0.4570841949488911,0.9027055150884497,0.0806826636904761,1.3449612403100777,0.0126953125,29.705095526039692,0.0096846992069121,0.0127171803781759,-40.70117937465716,718000000.0,12579000000.0,-66794000000.0,127580000000.0,13715500000.0,20263500000.0,1509000000.0,57.275390625,137.20362520099405,10.458997222628271,1.5713554987212277,0.6559593441365423,8.605031446540881,0.0152324324324324,0.9517279210093252,2022-08-10,0.94,amc,20993823814.0,2025-04-25,2022-07-02,0.1595744680851065,107.0221875,10945396.109375
2022-04-02,DIS,USD,1744489,2022-05-11,2022-05-11 17:01:23,2022,Q2,19249000000.0,12594000000.0,6655000000.0,0.3457322458,0,0.0,0.0,3752000000.0,0.0,5182000000.0,17776000000.0,3000000.0,374000000.0,1287000000.0,2793000000.0,0.1450984467,1616000000.0,0.0839524131,-514000000.0,1102000000.0,0.0572497273,505000000.0,470000000.0,0.0244168528,0.26,0.26,1822000000,1828000000,https://www.sec.gov/Archives/edgar/data/1744489/000174448922000100/0001744489-22-000100-index.htm,https://www.sec.gov/Archives/edgar/data/1744489/000174448922000100/dis-20220402.htm,10.56476399560922,0.2579582875960483,0.968715697036224,0.3765093304061471,7.28430296377607,57.08726673984632,5.553787047200879,49.74533479692646,28.757958287596047,249614000000.0,288365000000.0,132.77340425531915,12.96763468232116,141.42436260623228,363.86880466472303,2.754027097400592,2.754027097400592,14.980778222245313,103.24561403508773,163.37960339943342,420.3571428571428,0.0018829072087302,0.0027482432876361,0.5739772275916855,0.2569633445787417,13.874328678839955,1.061687105165366,4.320855614973262,2.9564489112227808,0.0,0.0,0.0,0.0,0.463781717238075,0.6113314447592068,0.0560548599927268,0.8383838383838383,0.0131954906748402,16.991909282138174,0.0049113639496563,0.004329442975709,-40.694017563117455,1826000000.0,10119000000.0,-67013000000.0,128637000000.0,14314000000.0,19189000000.0,1386500000.0,64.27035170658216,140.55979037636968,10.204859456884227,1.4003346428051795,0.6402969139254665,8.819327731092438,0.0051855774747341,0.5922063666300769,2022-05-11,1.2,amc,20053850667.0,2025-04-25,2022-04-02,-0.0999999999999999,110.99177419354838,13531174.032258064
2022-01-01,DIS,USD,1744489,2022-02-09,2022-02-09 17:00:57,2022,Q1,21819000000.0,14567000000.0,7252000000.0,0.3323708694,0,0.0,0.0,3771000000.0,0.0,5237000000.0,19804000000.0,34000000.0,361000000.0,1269000000.0,3356000000.0,0.1538108988,2212000000.0,0.1013795316,-524000000.0,1688000000.0,0.0773637655,488000000.0,1152000000.0,0.0527980201,0.63,0.63,1819000000,1828000000,https://www.sec.gov/Archives/edgar/data/1744489/000174448922000059/0001744489-22-000059-index.htm,https://www.sec.gov/Archives/edgar/data/1744489/000174448922000059/dis-20220101.htm,11.995052226498077,0.6333150082462892,-0.1105002748763056,-0.6498075865860363,7.940626717976911,56.95052226498076,4.929631665750413,49.40296866410115,29.957669048927983,281744910000.0,321432910000.0,61.14255859375,12.912824144094596,-1401.7159701492535,-238.36286802030452,3.135236690999733,3.135236690999733,14.73178926623585,95.77857866507748,-1599.1687064676617,-271.9398561759729,0.0040888050115971,-0.0041952843087742,0.6023769251313096,0.2662521949132118,11.825983313468416,1.095748576755335,6.127423822714682,-0.1675,0.0,0.0,0.0,0.0,0.4654248909306432,-4.880597014925373,0.0449608139694761,0.7730496453900709,0.0089829964709656,26.53246942719748,0.0087334113549666,0.010599438744997,-40.373831775700936,2876000000.0,8967000000.0,-66805000000.0,130183000000.0,14124500000.0,17533000000.0,1338000000.0,61.38594802694899,115.59071874785474,8.30987849248301,1.4661335841956726,0.7786092255064407,10.830483271375464,0.0128193714947031,0.5393073117097307,2022-02-09,0.57,amc,20270068141.0,2025-04-25,2022-01-01,0.8596491228070178,144.56596774193548,12051261.774193548
2021-10-02,DIS,USD,1744489,2021-11-24,2021-11-24 16:34:25,2021,Q4,18534000000.0,12341000000.0,6193000000.0,0.3341426567,0,0.0,0.0,4386000000.0,0.0,5653000000.0,17994000000.0,6000000.0,323000000.0,1275000000.0,1888000000.0,0.1018668393,532000000.0,0.0287040035,-242000000.0,290000000.0,0.0156469192,34000000.0,160000000.0,0.008632783,0.088,0.088,1818000000,1830000000,https://www.sec.gov/Archives/edgar/data/1744489/000174448921000220/0001744489-21-000220-index.htm,https://www.sec.gov/Archives/edgar/data/1744489/000174448921000220/dis-20211002.htm,10.194719471947195,0.088008800880088,1.4493949394939494,0.8388338833883389,8.778327832783278,56.22882288228823,3.871287128712871,48.70902090209021,30.103960396039604,319986180000.0,358433180000.0,499.9784062499999,17.26482033020395,121.43688045540796,209.8270032786885,3.613499034476528,3.613499034476528,19.339224128628462,189.84808262711863,136.02777229601517,235.03815081967213,0.0005000215946826,0.0047658308243187,0.6143891228981514,0.2672082275341463,20.36387711864407,1.083019596486147,1.6470588235294117,10.29296875,0.0,0.0,0.0,0.0,0.4674940695155911,0.4212523719165085,0.0598899320168339,0.8705882352941177,0.0092802417179238,9.821074622301383,0.0026324711387285,0.0014757016500189,-41.10849834983498,2580000000.0,7038000000.0,-67728000000.0,130390000000.0,13361000000.0,17337000000.0,1337500000.0,64.90935577856911,119.28774005348028,9.706668827485618,1.3865489638662378,0.7544782050498258,9.27197595792637,0.001806827549603,0.6105610561056105,2021-11-10,0.51,amc,23352840000.0,2025-04-25,2021-10-02,-0.2745098039215686,161.50109375,12205979.9375
2021-07-03,DIS,USD,1744489,2021-08-12,2021-08-12 17:01:29,2021,Q3,17022000000.0,11233000000.0,5789000000.0,0.3400892962,0,0.0,0.0,3200000000.0,0.0,4390000000.0,15623000000.0,0.0,413000000.0,1266000000.0,2702000000.0,0.1587357537,1323000000.0,0.0777229468,-390000000.0,995000000.0,0.0584537657,-133000000.0,923000000.0,0.0542239455,0.51,0.5,1818000000,1830000000,https://www.sec.gov/Archives/edgar/data/1744489/000174448921000181/0001744489-21-000181-index.htm,https://www.sec.gov/Archives/edgar/data/1744489/000174448921000181/dis-20210703.htm,9.363036303630365,0.5077007700770076,0.8030803080308031,0.2871287128712871,8.839383938393839,55.34323432343234,2.8481848184818483,47.71232123212321,30.94114411441144,321985980000.0,361753980000.0,87.21180390032504,18.91587240042298,220.53834246575343,616.8313793103448,3.7120390588072554,3.7120390588072554,21.25214310891787,133.88378238341969,247.776698630137,693.0152873563219,0.0028665844394839,0.0016211885995781,0.6437324909788912,0.2761236469011626,14.7179866765359,1.2390471674023271,3.2033898305084745,1.2943262411347518,0.0,0.0,0.0,0.0,0.4719391161155369,0.6424657534246575,0.0551051580307836,0.740916271721959,0.0092821055105158,23.345890435224067,0.0083539970595334,0.0086435360771643,-41.1709295929593,6553000000.0,5178000000.0,-67641000000.0,134366000000.0,12944000000.0,17689500000.0,1375000000.0,70.61156150863587,146.757767292798,10.76827205555061,1.2745788094346686,0.6132554457607687,8.357886904761905,0.0106408734047336,0.5159515951595159,2021-08-12,0.57,amc,16761100000.0,2025-04-25,2021-07-03,0.4035087719298247,178.24421875,8526321.328125
2021-04-03,DIS,USD,1744489,2021-05-13,2021-05-13 17:01:15,2021,Q2,15613000000.0,9782000000.0,5831000000.0,0.3734708256,0,0.0,0.0,3149000000.0,0.0,4317000000.0,14099000000.0,131000000.0,415000000.0,1272000000.0,2951000000.0,0.189009159,1410000000.0,0.0903093576,-180000000.0,1230000000.0,0.0787805034,108000000.0,912000000.0,0.0584128611,0.5,0.5,1817000000,1829000000,https://www.sec.gov/Archives/edgar/data/1744489/000174448921000108/0001744489-21-000108-index.htm,https://www.sec.gov/Archives/edgar/data/1744489/000174448921000108/dis-20210403.htm,8.592735277930656,0.5019262520638414,0.7638965327462851,0.3401210787011557,8.745184369840397,54.59328563566318,1.767749036873968,47.07760044028618,31.12878370941112,343358490000.0,383614490000.0,94.12239309210528,21.99183308781144,247.37643371757923,555.5962621359223,4.014010872106617,4.014010872106617,24.570197271504515,129.9947441545239,276.37931556195963,620.7354207119741,0.0026561160610882,0.0017998681203426,0.6563712882861819,0.2803795255930087,13.64147746526601,1.2340289768035433,3.397590361445783,1.2370766488413547,0.0,0.0,0.0,0.0,0.4793208489388265,0.5547550432276657,0.0493178761288669,0.6053459119496856,0.0087106898097739,23.057826865641907,0.0071914337742099,0.0087468589952621,-41.31053935057787,6235000000.0,3212000000.0,-68177000000.0,134356000000.0,13292000000.0,16954000000.0,1443000000.0,72.24556459360788,156.98016765487628,12.936004906971988,1.2457512167876803,0.5733208299144297,6.957325746799431,0.0106616787467851,0.4237754540451293,2021-05-13,0.29,amc,15820400000.0,2025-04-25,2021-04-03,1.7241379310344829,179.84507936507936,8435844.444444444
2021-01-02,DIS,USD,1744489,2021-02-11,2021-02-11 17:01:06,2021,Q1,16249000000.0,11775000000.0,4474000000.0,0.2753400209,0,0.0,0.0,2950000000.0,0.0,4137000000.0,15912000000.0,80000000.0,404000000.0,1298000000.0,1783000000.0,0.1097298295,226000000.0,0.0139085482,-180000000.0,46000000.0,0.0028309434,16000000.0,29000000.0,0.0017847252,0.016,0.016,1812000000,1823000000,https://www.sec.gov/Archives/edgar/data/1744489/000174448921000047/0001744489-21-000047-index.htm,https://www.sec.gov/Archives/edgar/data/1744489/000174448921000047/dis-20210102.htm,8.967439293598234,0.0160044150110375,0.0463576158940397,-0.3730684326710817,9.41942604856512,54.115894039735096,0.891832229580574,46.39679911699779,32.38355408388521,328298160000.0,369505160000.0,2830.1565517241384,20.20420702812481,3908.3114285714287,-485.64816568047337,3.90501076471078,3.90501076471078,22.740178472521382,207.23789119461583,4398.870952380952,-546.6052662721894,8.833433608034842e-05,-0.0020591038341488,0.6931641112868885,0.2886501426533523,23.11104879416713,1.313719581104498,0.5594059405940595,2.8,0.0,0.0,0.0,0.0,0.4777005072119195,9.047619047619047,0.0467721090528647,0.5855161787365177,0.0082466613330051,4.087475582272495,0.0008154925298238,0.0002750222862887,-41.65769867549669,8328000000.0,1616000000.0,-68956000000.0,137033000000.0,13379500000.0,15014500000.0,1531500000.0,77.82571235152932,128.7592356687898,11.312101910828028,1.1564301473204754,0.6989789861094622,7.956081081081081,0.0003449465332873,0.4194260485651214,2021-02-11,-0.45,amc,40662131707.0,2025-04-25,2021-01-02,-1.711111111111111,184.41557377049185,11877398.93442623
2020-10-03,DIS,USD,1744489,2020-11-25,2020-11-25 16:59:53,2020,Q4,14707000000.0,11013000000.0,3694000000.0,0.2511729109,0,0.0,0.0,2833000000.0,0.0,3799000000.0,14812000000.0,8000000.0,496000000.0,1335000000.0,1162000000.0,0.0790099952,-474000000.0,-0.0322295506,-127000000.0,-580000000.0,-0.0394370028,49000000.0,-710000000.0,-0.048276331,-0.39,-0.4,1773116064,1809000000,https://www.sec.gov/Archives/edgar/data/1744489/000174448920000197/0001744489-20-000197-index.htm,https://www.sec.gov/Archives/edgar/data/1744489/000174448920000197/dis-20201003.htm,8.294437289582866,-0.4004250000410577,0.9401527817865396,0.5290121831528339,10.103117536247192,54.99470789296283,0.3665862676432218,47.13904616680525,33.344686904827455,217295373643.2,258009373643.2,-76.51245550816901,14.774962510586796,130.35115395512898,231.65818085629,2.599755615893184,2.599755615893184,17.543304116624736,222.03904788571427,154.77466925206957,275.0632981270789,-0.0032674418608001,0.004316704880888,0.701434502231315,0.2908870795687401,35.03786574870912,1.3238320564818988,-0.9556451612903226,-2.6502384737678857,0.0,0.0,0.0,0.0,0.4805878471240244,0.4373125374925015,0.0495682328143061,0.5460674157303371,0.0093152920378051,,-0.002845812633344,-0.006782121944463,-42.74988058536928,8623000000.0,650000000.0,-68786000000.0,137563000000.0,12665000000.0,14663500000.0,1571000000.0,77.76704970422249,107.73358757831652,12.936529555979297,1.1573024866226,0.8353940681180309,6.957043588123816,-0.0084945503272196,0.4111405986337056,2020-11-12,-0.68,amc,22690800000.0,2025-04-25,2020-10-03,-0.7058823529411765,143.5340625,11776434.046875
2020-06-27,DIS,USD,1744489,2020-08-04,2020-08-04 17:03:34,2020,Q3,11779000000.0,7896000000.0,3883000000.0,0.3296544698,0,0.0,0.0,2452000000.0,0.0,8308000000.0,16204000000.0,41000000.0,456000000.0,1377000000.0,-2996000000.0,-0.2543509636,54000000.0,0.0045844299,-331000000.0,-4840000000.0,-0.4109007556,-331000000.0,-4718000000.0,-0.4005433398,-2.61,-2.61,1807662835,1809000000,https://www.sec.gov/Archives/edgar/data/1744489/000174448920000151/0001744489-20-000151-index.htm,https://www.sec.gov/Archives/edgar/data/1744489/000174448920000151/dis-20200627.htm,6.516148792758689,-2.61000000035958,0.6417125901689515,0.2500466299623845,12.787229760133892,55.11260068584637,1.550621026072044,47.50111488573034,35.88998940723368,197216015298.5,238522015298.5,-10.4501915694415,16.743018532855082,170.0138062918103,436.3186179170354,2.2967881967076607,2.2967881967076607,20.249767832456065,-79.61348975250334,205.6224269814655,527.7035736692478,-0.0239230064194278,0.0022919031160621,0.7502503901427806,0.3102398759445025,-13.787049399198931,1.336804994016237,0.1184210526315789,-0.256580402565804,0.0,0.0,0.0,0.0,0.466277227436684,0.6103448275862069,0.0601069700314118,0.5134155184916607,0.0120553527464131,,0.0002690848370385,-0.0425708536728414,-41.303609586021054,10413000000.0,2803000000.0,-66694000000.0,139126000000.0,13577000000.0,16596000000.0,1545000000.0,96.44112403429833,184.01215805471125,17.769756838905778,0.9332118523213436,0.4890981169474727,5.064785118665811,-0.0549460787739035,0.3916659602065669,2020-08-04,-0.43,amc,94232000000.0,2025-04-25,2020-06-27,-1.186046511627907,124.99625,10748734.421875
2020-03-28,DIS,USD,1744489,2020-05-05,2020-05-05 16:20:37,2020,Q2,18025000000.0,11937000000.0,6088000000.0,0.3377531207,0,0.0,0.0,3391000000.0,0.0,4735000000.0,16672000000.0,63000000.0,365000000.0,1334000000.0,2750000000.0,0.1525658807,1363000000.0,0.0756171983,-312000000.0,1051000000.0,0.0583079057,525000000.0,468000000.0,0.025963939,0.26,0.26,1808000000,1816000000,https://www.sec.gov/Archives/edgar/data/1744489/000174448920000102/0001744489-20-000102-index.htm,https://www.sec.gov/Archives/edgar/data/1744489/000174448920000102/dis-20200328.htm,9.9695796460177,0.2588495575221239,1.758849557522124,1.0691371681415929,7.930862831858407,57.50719026548673,0.8938053097345132,50.00387168141593,30.86891592920354,174291200000.0,215398200000.0,93.10427350427352,9.669414701803053,54.8085534591195,90.16616658044492,1.9278507195239307,1.9278507195239307,11.949969486823855,78.32661818181818,67.73528301886792,111.43207449560268,0.0026851613850842,0.0110906345242903,0.6132932184454744,0.2687717529351314,14.948,0.938009190088236,3.734246575342466,5.94392523364486,0.0091054511071126,3.391025641025641,0.0,0.0,0.4961705139267259,0.3921383647798742,0.0691816920943134,0.935483870967742,0.0072676837725381,17.06541242778417,0.0037174909130209,0.004502727613843,-42.21100663716814,-2199000000.0,1616000000.0,-69047000000.0,132309000000.0,15816000000.0,17984000000.0,1551000000.0,72.55922330097087,128.53480774063834,11.543101281729076,1.2403660886319845,0.700199436884092,7.796864794252123,0.0051765903082725,0.6897123893805309,2020-05-05,0.83,amc,26713350000.0,2025-04-25,2020-03-28,-0.2771084337349397,110.39825396825395,18236892.126984127
2019-12-28,DIS,USD,1744489,2020-02-04,2020-02-04 17:02:50,2020,Q1,20877000000.0,13034000000.0,7843000000.0,0.3756765819,0,0.0,0.0,3706000000.0,0.0,4931000000.0,17965000000.0,79000000.0,362000000.0,1299000000.0,4137000000.0,0.1981606553,2838000000.0,0.1359390717,-212000000.0,2626000000.0,0.125784356,459000000.0,2128000000.0,0.101930354,1.18,1.17,1805000000,1817000000,https://www.sec.gov/Archives/edgar/data/1744489/000174448920000046/0001744489-20-000046-index.htm,https://www.sec.gov/Archives/edgar/data/1744489/000174448920000046/dis-20191228.htm,11.566204986149584,1.1789473684210523,0.8925207756232687,0.1512465373961218,3.785595567867036,57.50803324099723,0.4537396121883656,49.726869806094186,26.83490304709141,263078750000.0,304320750000.0,30.90680803571429,12.601367533649473,163.30152079453757,963.6584249084248,2.9310109517920604,2.9310109517920604,14.57684293720362,73.56073241479334,188.9017690875233,1114.728021978022,0.0080888327164394,0.0010377120919116,0.5356128212841338,0.2392409976710392,9.969059705100314,0.7982297324481995,7.839779005524861,0.7413713759779107,0.0060377358490566,0.7464285714285714,0.0,0.0,0.5124858172263471,0.8305400372439479,0.0640896680557551,1.0308166409861326,0.0055084542798294,36.31901226215408,0.0132937372757552,0.0217220435869953,-42.49445983379501,-7021000000.0,819000000.0,-69370000000.0,127857000000.0,16290500000.0,16349000000.0,1610000000.0,73.7174881448484,130.64293386527544,10.847782722111402,1.2208771929824562,0.6889006342494715,8.29662635264163,0.023708457279098,0.7412742382271468,2020-02-04,1.44,amc,19631058823.0,2025-04-25,2019-12-28,0.0625,126.42967741935485,17936211.29032258
2019-09-28,DIS,USD,1744489,2019-11-20,2019-11-20 17:18:30,2019,Q4,19118000000.0,11844000000.0,7274000000.0,0.3804791296,0,0.0,0.0,3474000000.0,0.0,5741000000.0,17585000000.0,52000000.0,413000000.0,1301000000.0,3032000000.0,0.1585939952,2499000000.0,0.1307145099,-1027000000.0,1247000000.0,0.0652264881,344000000.0,777000000.0,0.0406423266,0.43,0.43,1804000000,1816000000,https://www.sec.gov/Archives/edgar/data/1744489/000174448919000225/0001744489-19-000225-index.htm,https://www.sec.gov/Archives/edgar/data/1744489/000174448919000225/fy2019q410k.htm,10.597560975609756,0.4307095343680709,1.1197339246119733,0.3941241685144124,3.0033259423503327,57.01330376940133,-0.3636363636363636,49.26662971175166,26.27439024390244,234447840000.0,276015840000.0,75.43366795366795,12.26319907940161,116.06328712871289,329.74379746835444,2.637891017923648,2.637891017923648,14.437485092582904,91.03424802110818,136.64150495049506,388.2079324894515,0.0033141700089879,0.0030326574985719,0.5286632087041642,0.2422158528538436,13.70976253298153,0.8922305764411027,6.050847457627119,2.210065645514223,0.00676056559105,2.03989703989704,0.0,0.0,0.5335903992081821,0.648019801980198,0.0684695051783659,1.0100308641975309,0.0062768071974055,21.85042701455137,0.0105628104696192,0.0085879128166585,-40.62014966740576,-3397000000.0,-656000000.0,-63008000000.0,131714000000.0,15577000000.0,15712500000.0,1582500000.0,72.87843916727692,104.69604863221883,12.530395136778116,1.2349331438537563,0.859631296269415,7.182534869617951,0.0087424192985811,0.725609756097561,2019-11-07,0.95,amc,16957943925.0,2025-04-25,2019-09-28,0.1263157894736843,139.5759375,9898423.0
2019-06-29,DIS,USD,1744489,2019-08-06,2019-08-06 17:23:33,2019,Q3,20262000000.0,12837000000.0,7425000000.0,0.3664495114,0,0.0,0.0,3341000000.0,0.0,4978000000.0,17815000000.0,34000000.0,411000000.0,1306000000.0,4084000000.0,0.2015595696,2778000000.0,0.1371039384,-769000000.0,2009000000.0,0.0991511203,395000000.0,1430000000.0,0.0705754615,0.79,0.79,1802000000,1814000000,https://www.sec.gov/Archives/edgar/data/1744489/000174448919000167/0001744489-19-000167-index.htm,https://www.sec.gov/Archives/edgar/data/1744489/000174448919000167/fy2019q310qdoc.htm,11.244173140954494,0.7935627081021087,-0.7730299667036626,-1.4261931187569368,3.7336293007769146,58.40899001109878,1.2974472807991122,50.20643729189789,32.54439511653718,251631280000.0,303137280000.0,43.99148251748252,12.418876715033065,-180.63982770997845,-97.91100389105056,2.781316650455389,2.781316650455389,14.96087651761919,74.22558276199804,-217.61470208183772,-117.95224902723736,0.0056829182762969,-0.0102133566224358,0.643668759395172,0.277999761308032,12.611655239960823,0.7034736393604377,6.759124087591241,-0.8582871226124461,0.0,0.0,0.0,0.0,0.4912996777658431,-0.8449389806173726,0.0580890336590662,0.90260736196319,0.0057250024676734,29.940674970416698,0.0119472331415564,0.0134196696696696,-47.15940621531632,-13223000000.0,2338000000.0,-72852000000.0,121084000000.0,15133000000.0,19075000000.0,1480500000.0,69.61652354160498,123.72283243748538,10.628651554101426,1.2927965290627192,0.7274324247747492,8.467678100263852,0.015805995225042,0.6531631520532741,2019-08-06,1.76,amc,26243518518.0,2025-04-25,2019-06-29,-0.2329545454545454,138.2746875,8461829.921875
2019-03-30,DIS,USD,1744489,2019-05-08,2019-05-08 17:31:44,2019,Q2,14924000000.0,8379000000.0,6545000000.0,0.4385553471,0,0.0,0.0,2305000000.0,0.0,859000000.0,9238000000.0,30000000.0,198000000.0,828000000.0,8244000000.0,0.5523988207,3412000000.0,0.2286250335,3849000000.0,7236000000.0,0.4848566068,1647000000.0,5430000000.0,0.3638434736,3.57,3.55,1530000000,1537000000,https://www.sec.gov/Archives/edgar/data/1744489/000174448919000100/0001744489-19-000100-index.htm,https://www.sec.gov/Archives/edgar/data/1744489/000174448919000100/fy2019q210qdoc.htm,9.754248366013073,3.549019607843137,2.5359477124183005,1.7549019607843137,6.606535947712418,68.91633986928105,2.2222222222222223,58.78300653594771,37.358823529411765,169875900000.0,216728900000.0,7.8211740331491715,11.382732511391048,43.78244845360825,63.26849162011173,1.8888111810358248,1.8888111810358248,14.522172339855269,26.289289180009703,55.85796391752577,80.71839851024208,0.0319645105632994,0.0158056557757751,0.6333362983388556,0.265748196806972,5.683284813197477,0.7724220299260862,17.232323232323232,0.6940966010733453,0.0,0.0,0.0,0.0,0.4760709520299335,0.3079896907216495,0.0800723666577325,1.4432367149758454,0.0256633610292146,68.51274307084134,0.0139347098184338,0.0483526268922528,-56.94428104575164,-10099000000.0,3400000000.0,-74623000000.0,122960000000.0,12358000000.0,15599500000.0,1401000000.0,88.0038863575449,220.2255639097744,15.52094522019334,1.0226821078599329,0.4086719016729259,5.7986159169550175,0.0603749249482977,0.7810457516339869,2019-05-08,1.59,amc,14638670886.0,2025-04-25,2019-03-30,0.0125786163522012,132.62190476190477,12047991.253968254
2018-12-31,DIS,USD,1744489,2018-12-31,2018-12-30 19:00:00,2019,Q1,15303000000.0,9001000000.0,6302000000.0,0.4118146769,0,0.0,0.0,2127000000.0,0.0,2783000000.0,11784000000.0,75000000.0,163000000.0,732000000.0,4312000000.0,0.2817748154,3443000000.0,0.2249885643,-12000000.0,3431000000.0,0.2242044044,645000000.0,2788000000.0,0.1821864994,1.87,1.86,1490000000,1498000000,,,10.270469798657718,1.8711409395973155,1.4087248322147652,0.6067114093959731,2.98993288590604,37.25973154362416,11.732214765100672,33.769127516778525,13.978523489932886,163378500000.0,179588500000.0,14.65015243902439,10.676239952950402,77.83635064316341,180.72842920353983,3.2470486525160984,3.2470486525160984,11.735509377246292,41.64853896103896,85.55907575035731,198.65984513274336,0.0170646688517767,0.0055331637883809,0.4107043485173702,0.2067719954773316,3.759276437847866,0.9953459333673876,21.12269938650307,0.7534099066762383,0.0080255357957136,0.4703012912482066,0.0,0.0,0.3805845448814801,0.5693187232015245,0.0780892635430961,1.6325136612021858,0.0060118930928576,37.70547615798463,0.0325802530902871,0.0450367498586543,-21.273993288590603,-82000000.0,17481000000.0,-26887000000.0,67751000000.0,9728500000.0,8599500000.0,1374500000.0,59.53538521858459,106.94811687590268,13.568492389734477,1.511706016003161,0.8415295437546746,6.633014001473839,0.0554098100007949,0.802013422818792,2019-02-05,1.55,amc,12439858064.0,2025-04-25,2018-12-31,0.1870967741935484,111.77049180327867,10663241.426229509
2018-09-30,DIS,USD,1744489,2018-09-30,2018-09-29 20:00:00,2018,Q4,14306000000.0,8108000000.0,6198000000.0,0.4332447924,0,0.0,0.0,2321000000.0,0.0,2837000000.0,10945000000.0,30000000.0,189000000.0,794000000.0,4206000000.0,0.2940025164,3083000000.0,0.2155039843,119000000.0,3202000000.0,0.2238221725,783000000.0,2322000000.0,0.1623095205,1.56,1.55,1489000000,1497000000,,,9.607790463398254,1.559435862995299,2.587642713230356,1.781061114842176,2.787105439892545,36.235728676964406,10.660846205507053,32.75554063129617,14.145735392881129,173081360000.0,189805360000.0,18.634944013781222,12.098515308262268,44.92119387490267,65.2644645550528,3.5487126073852338,3.5487126073852338,13.26753529987418,45.127284831193535,49.26170776018687,71.57064856711915,0.0134156560822031,0.0153222738716635,0.4279826953437353,0.2117081482383009,3.97622444127437,0.9420492721164614,16.312169312169313,1.5928069450186026,0.0072162594516243,0.5378983634797588,0.0,0.0,0.3862248727154709,0.3117051648066442,0.0839507898783727,1.512594458438287,0.0060114637215154,33.90138208650889,0.027554178795597,0.038369383809508,-22.025856279382136,-1035000000.0,15874000000.0,-27818000000.0,66586000000.0,9702500000.0,8133000000.0,1357000000.0,58.72081644065428,72.18426245683276,15.451406018746916,1.5326762374116134,1.2468091650007689,5.824712643678161,0.0476083078752588,0.80658159838818,2018-11-08,1.34,amc,12812238805.0,2025-04-25,2018-09-30,0.1044776119402984,113.69873015873016,8286486.26984127
2018-06-30,DIS,USD,1744489,2018-06-30,2018-06-29 20:00:00,2018,Q3,15229000000.0,8348000000.0,6881000000.0,0.4518353142,0,0.0,0.0,2213000000.0,0.0,2884000000.0,11232000000.0,32000000.0,175000000.0,744000000.0,4782000000.0,0.3140061724,3924000000.0,0.2576662946,-70000000.0,3854000000.0,0.253069801,795000000.0,2916000000.0,0.1914767877,1.96,1.95,1491000000,1498000000,,,10.213950368879946,1.9557344064386315,2.4674714956405097,1.6492287055667338,2.901408450704225,34.34473507712944,8.725687458081824,30.910798122065728,15.994634473507713,156271710000.0,175618710000.0,13.39778034979424,10.261455775165802,42.47668116335961,63.55091907279382,3.390724483596598,3.390724483596598,11.531860923238558,36.72494981179423,47.735447132372926,71.41875152501017,0.0186598073317301,0.0157354136586846,0.5136478042006596,0.2396246659648554,4.045796737766625,0.8770654002176709,22.422857142857143,1.202680614579928,0.0,0.0,0.0,0.0,0.3866507409506842,0.33161185104648,0.0801103158447698,1.6397849462365592,0.0074200538446385,36.88088267518225,0.0368281950652524,0.0481235765917417,-23.503521126760564,-2485000000.0,13010000000.0,-29855000000.0,65086000000.0,9874500000.0,9392500000.0,1311500000.0,59.51736817913192,105.25515093435554,14.252515572592236,1.512163638169,0.8550650414831507,6.314674735249622,0.0632702655788925,0.818242790073776,2018-08-07,1.95,amc,15852738461.0,2025-04-25,2018-06-30,-0.0410256410256409,111.3046031746032,6867810.80952381
2018-03-31,DIS,USD,1744489,2018-03-31,2018-03-30 20:00:00,2018,Q2,14548000000.0,7541000000.0,7007000000.0,0.4816469618,0,0.0,0.0,2239000000.0,0.0,2936000000.0,10477000000.0,29000000.0,172000000.0,731000000.0,4831000000.0,0.3320731372,4037000000.0,0.2774951883,-109000000.0,3928000000.0,0.2700027495,813000000.0,2937000000.0,0.2018834204,1.95,1.95,1503000000,1510000000,,,9.679308050565536,1.9540918163672656,3.0113107119095144,2.3040585495675314,2.780439121756487,33.134397870924815,7.644045242847638,30.04058549567532,16.53759148369927,148285980000.0,168790980000.0,12.62223186925434,10.192877371459996,32.76314184710561,42.82009240542882,3.2842236052357645,3.2842236052357645,11.602349463843828,34.93913889463879,37.29363234644278,48.74125902396766,0.019806322890404,0.0233535226998533,0.5466988549533787,0.2520241364875489,4.244462844131649,0.8519870235198702,23.47093023255814,1.4529695024077047,0.0085375569558227,0.4310520939734423,0.0,0.0,0.3911662905975925,0.2348652231551038,0.0730684630189716,1.454172366621067,0.00687379708551,36.34276270744365,0.0380521277495289,0.0492529053680132,-23.98802395209581,-2920000000.0,11489000000.0,-31334000000.0,64592000000.0,9782000000.0,9298000000.0,1304000000.0,59.87214737420951,107.67537461875082,15.527118419307785,1.5032031411448648,0.83584571048548,5.796310530361261,0.0650483931695865,0.7072521623419827,2018-05-08,1.7,amc,13349929411.0,2025-04-25,2018-03-31,0.0823529411764706,102.26578125,8757349.015625
2017-12-31,DIS,USD,1744489,2017-12-31,2017-12-30 19:00:00,2018,Q1,15351000000.0,8729000000.0,6622000000.0,0.431372549,0,0.0,0.0,2087000000.0,0.0,2748000000.0,11477000000.0,17000000.0,146000000.0,742000000.0,4640000000.0,0.3022604391,3793000000.0,0.2470848805,-48000000.0,3745000000.0,0.2439580483,-728000000.0,4423000000.0,0.2881245521,2.93,2.91,1512000000,1521000000,,,10.15277777777778,2.9252645502645502,1.4794973544973544,0.8306878306878307,3.0932539682539684,31.89484126984127,6.5244708994709,28.630291005291006,17.352513227513228,169041600000.0,190455600000.0,9.554691385937147,11.011764705882351,75.56620473848905,134.5872611464968,3.9049550694171726,3.9049550694171726,12.40672268907563,41.04646551724138,85.13884666964685,151.63662420382167,0.0261651569791104,0.0074301237091934,0.6027166254706738,0.2669592976855546,4.615086206896552,0.8691320754716981,25.97945205479452,0.5001117818019226,0.0075134168157423,0.2871535157133167,0.0,0.0,0.3924939120469847,0.4385337505587841,0.0639046316200899,1.3221024258760108,0.0061233795843918,43.40969298652728,0.0540173944904075,0.0744938862128204,-24.314814814814813,-2601000000.0,9865000000.0,-32235000000.0,64343000000.0,9259500000.0,7939500000.0,1340000000.0,57.95974203634943,98.71233818306791,13.47577042043762,1.5528019421404005,0.9117401295174432,6.678653404743688,0.1021737623876735,0.6488095238095238,2018-02-06,1.62,amc,12681260869.0,2025-04-25,2017-12-31,0.1666666666666665,106.26147540983608,8253840.606557377
2017-09-30,DIS,USD,1744489,2017-09-30,2017-09-29 20:00:00,2017,Q4,12779000000.0,7099000000.0,5680000000.0,0.4444792237,0,0.0,0.0,2228000000.0,0.0,2880000000.0,9979000000.0,52000000.0,137000000.0,708000000.0,3288000000.0,0.2572971281,2744000000.0,0.214727287,-50000000.0,2694000000.0,0.2108146177,829000000.0,1747000000.0,0.1367086626,1.14,1.13,1538000000,1547000000,,,8.308842652795839,1.135890767230169,2.283485045513654,1.7015604681404422,2.61183355006502,30.00780234070221,5.026657997399219,26.8628088426528,16.533159947984394,151600660000.0,172874660000.0,21.69442759015455,11.863264731199624,43.16647494305239,57.92917844860527,3.6693854532252206,3.6693854532252206,13.528027232177791,52.57745133819952,49.22399202733485,66.05833397019488,0.0115236965327195,0.0172624578283498,0.6121505506474646,0.2640282287110211,6.4701946472019465,0.8108701199285532,20.02919708029197,1.8831099195710457,0.0079683030403693,0.6914710933028048,0.0,0.0,0.4011003351115472,0.2548405466970387,0.0700367790906956,1.2641242937853108,0.0067297910634634,26.202049009387807,0.0230630837595773,0.0304525170826941,-25.005689206762028,-3706000000.0,7731000000.0,-33748000000.0,63121000000.0,9134500000.0,7839500000.0,1336500000.0,60.80053212301432,79.93379349204113,17.40667699676011,1.480250202710529,1.1259318001586045,5.1704297159504735,0.0422848844245431,0.581924577373212,2017-11-09,1.13,amc,13457530973.0,2025-04-25,2017-09-30,-0.0530973451327432,103.01825396825396,8138893.793650794
2017-06-30,DIS,USD,1744489,2017-06-30,2017-06-29 20:00:00,2017,Q3,14238000000.0,7717000000.0,6521000000.0,0.4579997191,0,0.0,0.0,2022000000.0,0.0,2786000000.0,10503000000.0,17000000.0,134000000.0,711000000.0,4470000000.0,0.3139485883,3788000000.0,0.2660486023,-170000000.0,3618000000.0,0.2541087231,1144000000.0,2366000000.0,0.1661750246,1.51,1.51,1562000000,1572000000,,,9.115236875800257,1.5147247119078104,2.645966709346991,2.130601792573624,2.775928297055058,29.482074263764403,7.310499359795134,27.228553137003843,14.29001280409731,165962500000.0,183813500000.0,17.536189771766697,11.6563070655991,40.15545608516816,49.86853966346154,3.9021537231666312,3.9021537231666312,12.910064615816829,41.12158836689038,44.47459472538108,55.232421875,0.0142562325826617,0.0200527227536341,0.5216665491053585,0.239207779886148,3.99351230425056,1.0033345033345034,28.26865671641791,1.6705739692805175,0.0,0.0,0.0,0.0,0.3733827841987235,0.1947737720783934,0.0565388397246804,1.1322081575246132,0.0062508779322938,30.4628405091774,0.0327895911824967,0.0407088781830695,-22.079385403329063,57000000.0,11419000000.0,-29550000000.0,62422000000.0,9464500000.0,8699500000.0,1302000000.0,60.9102402022756,109.32486717636388,15.161332123882335,1.4775840597758405,0.8232344783443567,5.936153846153847,0.0556300110507629,0.5153649167733675,2017-08-08,1.55,amc,13962425806.0,2025-04-25,2017-06-30,0.0193548387096774,102.86666666666667,8003443.222222222
2017-03-31,DIS,USD,1744489,2017-03-31,2017-03-30 20:00:00,2017,Q2,13336000000.0,6969000000.0,6367000000.0,0.4774295141,0,0.0,0.0,1941000000.0,0.0,2526000000.0,9495000000.0,31000000.0,115000000.0,676000000.0,4552000000.0,0.3413317337,3750000000.0,0.2811937612,1000000.0,3751000000.0,0.2812687463,1212000000.0,2388000000.0,0.1790641872,1.51,1.5,1580000000,1591000000,,,8.440506329113925,1.5113924050632912,2.175949367088608,1.6170886075949369,2.4050632911392404,29.91582278481013,7.968987341772152,27.71139240506329,13.777215189873418,179156200000.0,197009200000.0,18.75588358458961,13.434028194361128,52.11058755090168,70.119843444227,4.091818929289238,4.091818929289238,14.772735452909416,43.27970123022847,57.30343222803956,77.10731898238747,0.013329150763412,0.0142612982414228,0.4945413849808149,0.2358534752252007,3.92201230228471,0.936942124964008,32.608695652173914,1.3540764080346592,0.0069045894029902,0.5180067001675042,0.0,0.0,0.3777054037273846,0.2568353694008144,0.0662117576484703,1.3062130177514792,0.0068986202759448,30.69792713411897,0.0320062934398768,0.0417986732246941,-20.96091772151899,-1095000000.0,12591000000.0,-28270000000.0,60980000000.0,9585500000.0,8990000000.0,1301500000.0,62.71520695860827,103.63753766681016,16.840292724924666,1.4350586462929087,0.868411214953271,5.344325153374233,0.0545404714050794,0.5588607594936709,2017-05-09,1.41,amc,12484765957.0,2025-04-25,2017-03-31,0.0638297872340426,109.5026984126984,6970825.841269841
2016-12-31,DIS,USD,1744489,2016-12-31,2016-12-30 19:00:00,2017,Q1,14784000000.0,8406000000.0,6378000000.0,0.4314123377,0,0.0,0.0,1985000000.0,0.0,2554000000.0,10960000000.0,22000000.0,121000000.0,687000000.0,4545000000.0,0.3074269481,3706000000.0,0.2506764069,19000000.0,3725000000.0,0.2519615801,1237000000.0,2479000000.0,0.1676812771,1.56,1.55,1592000000,1603000000,,,9.28643216080402,1.5571608040201006,0.7914572864321608,0.1381909547738693,2.3467336683417086,29.633793969849247,7.846733668341709,27.14195979899497,12.946608040201005,165918240000.0,182672240000.0,16.732375958047598,11.222824675324675,131.68114285714285,754.1738181818182,3.839811154825272,3.839811154825272,12.35607683982684,40.19191199119912,144.97796825396824,830.3283636363636,0.0149410938785271,0.0013259542772391,0.4741957880120342,0.2237485804140823,3.686248624862486,0.8627116011803075,30.62809917355372,0.5064308681672026,0.0074841681059297,0.5009116579265833,0.0,0.0,0.378756442736088,0.8253968253968254,0.0703463203463203,1.5138282387190685,0.0065611471861471,30.83745950502239,0.0317522420077907,0.0435745548505035,-20.48052763819096,-2652000000.0,12492000000.0,-27734000000.0,59087000000.0,9471500000.0,8407500000.0,1344500000.0,60.13392857142858,106.5845824411135,13.907922912205567,1.4966592427616927,0.8443997990959317,6.471131639722864,0.0573709789400601,0.6532663316582915,2017-02-07,1.49,amc,14188671140.0,2025-04-25,2016-12-31,0.0402684563758389,110.10483870967742,6543767.096774193
2016-09-30,DIS,USD,1744489,2016-09-30,2016-09-29 20:00:00,2016,Q4,13142000000.0,7323000000.0,5819000000.0,0.4427788769,0,0.0,0.0,2287000000.0,0.0,2860000000.0,10183000000.0,20000000.0,119000000.0,689000000.0,3710000000.0,0.2823010196,2843000000.0,0.2163293258,20000000.0,2881000000.0,0.2192208187,989000000.0,1771000000.0,0.1347587886,1.1,1.09,1606000000,1615000000,,,8.183063511830635,1.1027397260273972,2.3829389788293898,1.7092154420921544,2.8704856787048567,29.46637608966376,7.823163138231632,26.939601494396012,12.633250311332503,149133160000.0,164693160000.0,21.05211180124224,11.34782833663065,38.96868565455971,54.329020036429874,3.4469700681844446,3.4469700681844446,12.531818596865014,44.39168733153639,43.03453357721453,59.99750819672131,0.0118752931943506,0.0184063691804022,0.4661966947879348,0.219160518509665,4.1940700808625335,1.0073625460159126,23.89075630252101,2.022727272727273,0.0076777022628636,0.6465273856578204,0.0,0.0,0.3776797453087479,0.2827279853671283,0.0823314563993303,1.5703918722786647,0.0066960888753614,25.853738556587796,0.0236700318988742,0.0309215350769982,-20.302770859277707,124000000.0,12564000000.0,-27744000000.0,62232000000.0,9011500000.0,7781500000.0,1372000000.0,62.07959214731396,84.30970913560016,17.083162638263005,1.4497517926089354,1.0674927113702624,5.268345323741007,0.0409337801918409,0.6737235367372354,2016-11-10,1.16,amc,13821758620.0,2025-04-25,2016-09-30,-0.0517241379310343,97.50190476190475,8033424.968253968
2016-06-30,DIS,USD,1744489,2016-06-30,2016-06-29 20:00:00,2016,Q3,14277000000.0,7201000000.0,7076000000.0,0.4956223296,0,0.0,0.0,2305000000.0,0.0,2823000000.0,10024000000.0,18000000.0,88000000.0,626000000.0,4897000000.0,0.3429992295,4145000000.0,0.2903270995,38000000.0,4183000000.0,0.2929887231,1471000000.0,2597000000.0,0.1819009596,1.6,1.59,1621000000,1631000000,,,8.807526218383714,1.6020974706971003,2.2356570018507096,1.5354719309068476,3.224552745219001,29.701418877236275,8.235040098704504,27.262800740283776,12.664404688463913,158566220000.0,173780220000.0,15.264364651520983,11.106410310289276,43.75447571743928,63.70679791080755,3.588039282239268,3.588039282239268,12.172040344610211,35.48707780273637,47.952599337748346,69.81929288871032,0.0163780154436424,0.0156969119904605,0.4625393161812957,0.2248388587016301,3.106800081682662,0.9748229305002212,47.10227272727273,1.336283185840708,0.0,0.0,0.0,0.0,0.3827463316980883,0.3131898454746137,0.0794984940813896,1.8130990415335464,0.0070042726062898,31.348802887476783,0.034385484255507,0.0462783113851417,-18.59685379395435,-455000000.0,13349000000.0,-25151000000.0,61207000000.0,8916000000.0,7967500000.0,1353000000.0,56.46984660642992,108.7723927232329,16.922649631995558,1.5937709310113866,0.8274158336205906,5.318316100443131,0.0587649627769103,0.7001850709438618,2016-08-09,1.61,amc,14188322981.0,2025-04-25,2016-06-30,0.0062111801242236,95.75625,7517083.015625
2016-03-31,DIS,USD,1744489,2016-03-31,2016-03-30 20:00:00,2016,Q2,12969000000.0,6717000000.0,6252000000.0,0.4820726347,0,0.0,0.0,2137000000.0,0.0,2739000000.0,9456000000.0,14000000.0,81000000.0,605000000.0,4132000000.0,0.3186059064,3510000000.0,0.2706453851,-64000000.0,3446000000.0,0.2657105405,1170000000.0,2143000000.0,0.1652401881,1.31,1.3,1633000000,1643000000,,,7.941824862216779,1.3123086344151869,2.082057562767912,1.377832210655236,3.0710349050826697,29.39987752602572,8.04715248009798,27.02020820575628,12.98407838334354,162173230000.0,178280230000.0,18.91894890340644,12.504682704911712,47.69800882352941,72.07699111111111,3.675397289456985,3.675397289456985,13.74664430565194,43.14623184898354,52.43536176470588,79.23565777777777,0.0132142647710722,0.0138740530727543,0.4786964010515819,0.234002481609501,3.89811229428848,0.9956656709424238,43.333333333333336,1.493848857644991,0.007202175106212,0.5450303313112459,0.0,0.0,0.3863001861207126,0.3382352941176471,0.0886729894363482,1.900826446280992,0.0076335877862595,28.245781666869764,0.0293652681390141,0.0386858019676866,-18.31445192896509,-74000000.0,13141000000.0,-25255000000.0,61216000000.0,9586000000.0,8274500000.0,1393000000.0,61.5822345593338,96.90040196516304,18.11523001339884,1.4614604462474643,0.9287887168141592,4.96819526627219,0.0485676729217659,0.704225352112676,2016-05-10,1.4,amc,13339542857.0,2025-04-25,2016-03-31,-0.0285714285714284,100.006875,7564364.9375
2015-12-31,DIS,USD,1744489,2015-12-31,2015-12-30 19:00:00,2016,Q1,15244000000.0,8623000000.0,6621000000.0,0.4343348203,0,0.0,0.0,2025000000.0,0.0,2239000000.0,10862000000.0,42000000.0,66000000.0,607000000.0,5031000000.0,0.3300314878,3989000000.0,0.2616767253,369000000.0,4358000000.0,0.2858829703,1448000000.0,2880000000.0,0.1889267909,1.74,1.73,1654000000,1668000000,,,9.216444981862152,1.7412333736396617,1.4280532043530834,0.5779927448609432,2.600362756952842,29.140266021765417,8.026602176541717,26.57678355501814,11.475816203143893,173802320000.0,188416320000.0,15.087006944444443,11.401359223300972,73.58269263336156,181.80158995815896,3.953826834705856,3.953826834705856,12.360031487798478,37.45106738223017,79.76982218458933,197.08820083682008,0.0165705498062396,0.0055005019495712,0.4302971017789708,0.2098844886319504,2.9047903001391373,0.945307512236646,60.43939393939394,0.8116838487972509,0.0067567567567567,0.4077569444444444,0.0,0.0,0.3875012483217008,0.5952582557154953,0.0922330097087378,2.316309719934102,0.0069535554972448,32.26791914618751,0.0344691668018996,0.0521748582401855,-17.64298669891173,-1028000000.0,13276000000.0,-24155000000.0,59381000000.0,9158500000.0,7410500000.0,1502500000.0,60.79900288638152,97.24341876377132,14.966948857706136,1.480287434453292,0.9255125040249008,6.013249651324965,0.0655170844897402,0.8500604594921403,2016-02-09,1.45,amc,13351641379.0,2025-04-25,2015-12-31,0.1241379310344827,96.53950819672131,9464083.852459015
2015-09-30,DIS,USD,1744489,2015-09-30,2015-09-29 20:00:00,2015,Q4,13512000000.0,7290000000.0,6222000000.0,0.4604795737,0,0.0,0.0,2406000000.0,0.0,3002000000.0,10292000000.0,13000000.0,68000000.0,603000000.0,3895000000.0,0.2882622854,3213000000.0,0.2377886323,11000000.0,3224000000.0,0.2386027235,1483000000.0,1609000000.0,0.1190793369,0.96,0.95,1679000000,1694000000,,,8.047647409172127,0.9583085169743896,1.9821322215604529,1.2650387135199523,2.542584871947588,28.978558665872544,8.134008338296605,26.518761167361525,10.36569386539607,171593800000.0,184660800000.0,26.66155997513984,12.699363528715216,51.56063701923077,80.78804143126177,3.853875350926446,3.853875350926446,13.666429840142095,47.40970474967907,55.48701923076923,86.94011299435029,0.0093767956651114,0.0123780696039134,0.3893542953396968,0.1965934090857544,3.354813863928113,1.0259581241581976,47.25,1.911545089029293,0.0064979037704159,0.6929770043505282,0.0,0.0,0.3968837177655304,0.3617788461538461,0.0891059798697454,1.9966832504145933,0.0074748371817643,23.9122558626654,0.0227069383141638,0.0302534596871239,-16.94952352590828,424000000.0,13657000000.0,-22769000000.0,60601000000.0,8015500000.0,6638500000.0,1542000000.0,53.41252220248668,67.95061728395062,19.395061728395063,1.684998129442574,1.3244912790697674,4.64035646085296,0.0361370016844469,0.7170935080405003,2015-11-05,1.14,amc,12800842105.0,2025-04-25,2015-09-30,0.0526315789473684,111.45234375,9112431.921875
2015-06-30,DIS,USD,1744489,2015-06-30,2015-06-29 20:00:00,2015,Q3,13101000000.0,6663000000.0,6438000000.0,0.4914128692,0,0.0,0.0,2101000000.0,0.0,2432000000.0,9095000000.0,50000000.0,62000000.0,575000000.0,4599000000.0,0.3510419052,3762000000.0,0.2871536524,200000000.0,3962000000.0,0.3024196626,1323000000.0,2483000000.0,0.189527517,1.46,1.45,1696000000,1711000000,,,7.724646226415095,1.4640330188679245,1.6556603773584906,0.9740566037735848,2.638561320754717,29.78007075471698,9.09316037735849,27.42865566037736,9.04186320754717,193581440000.0,204379440000.0,19.49068062827225,14.776081215174417,68.93925925925926,117.18004842615012,4.161341387390099,4.161341387390099,15.600293107396382,44.43997390737117,72.78470085470086,123.71636803874092,0.0128266428847724,0.0085338759748868,0.3283174616823233,0.1748142891480765,2.347901717764731,1.113719142047754,60.67741935483871,1.064039408866995,0.0,0.0,0.0,0.0,0.401581832957524,0.4116809116809117,0.0882375391191512,2.010434782608696,0.0073276849095488,30.05861432058867,0.0331190120578485,0.0474924448184843,-15.105837264150944,1686000000.0,15422000000.0,-20348000000.0,61207000000.0,8086500000.0,7293000000.0,1472500000.0,55.0400732768491,104.993246285457,20.43674020711391,1.6351722416375436,0.8571979930528754,4.403833443489756,0.0533760398976762,0.6816037735849056,2015-08-04,1.42,amc,12824218309.0,2025-04-25,2015-06-30,0.0211267605633803,108.8921875,11392101.75
2015-03-31,DIS,USD,1744489,2015-03-31,2015-03-30 20:00:00,2015,Q2,12461000000.0,6690000000.0,5771000000.0,0.4631249498,0,0.0,0.0,2081000000.0,0.0,2404000000.0,9094000000.0,74000000.0,66000000.0,584000000.0,3970000000.0,0.3185940133,3106000000.0,0.249257684,214000000.0,3320000000.0,0.2664312655,1092000000.0,2108000000.0,0.1691678035,1.24,1.23,1699000000,1715000000,,,7.334314302530901,1.24072984108299,1.7174808711006475,1.1836374337845792,2.2042377869334904,29.27427898763979,8.581518540317834,27.097115950559157,8.842260153031194,178208110000.0,189420110000.0,21.13473790322581,14.301268758526604,61.07200479780671,88.61666335156639,3.8708916547200136,3.8708916547200136,15.201036032421154,47.71287405541562,64.91436257710761,94.19199900546992,0.0118288668231765,0.0112845593839696,0.3248837916503758,0.1744968791926734,2.824181360201511,1.1667412378821775,47.06060606060606,1.3096947935368044,0.0109310401193301,0.9240986717267552,0.0,0.0,0.4101615819868168,0.3108293351610692,0.0727870957387047,1.553082191780822,0.0087472915496348,27.503718080666,0.0277637054692209,0.0416946872898453,-14.947763390229548,2236000000.0,14580000000.0,-20332000000.0,61155000000.0,8376000000.0,7926000000.0,1454000000.0,58.94310247973678,91.65470852017938,19.26457399103139,1.5268962136993016,0.9819462791721708,4.671787709497207,0.0457882618706286,0.5338434373160683,2015-05-05,1.11,amc,11113864864.0,2025-04-25,2015-03-31,0.1081081081081079,109.81634920634922,5909838.873015873
2014-12-31,DIS,USD,1744489,2014-12-31,2014-12-30 19:00:00,2015,Q1,13391000000.0,7656000000.0,5735000000.0,0.4282727205,0,0.0,0.0,1935000000.0,0.0,2315000000.0,9971000000.0,11000000.0,69000000.0,592000000.0,4023000000.0,0.300425659,3208000000.0,0.2395638862,154000000.0,3362000000.0,0.2510641476,1118000000.0,2182000000.0,0.1629452617,1.28,1.27,1700000000,1717000000,,,7.877058823529412,1.2835294117647058,1.0911764705882352,0.5041176470588236,2.986470588235294,28.113529411764706,7.397058823529412,25.979411764705883,9.771764705882353,160123000000.0,171589000000.0,18.34589825847846,11.957508774550073,86.31967654986524,186.8413068844808,3.625563228801087,3.625563228801087,12.813755507430365,42.65200099428287,92.50080862533692,200.220536756126,0.0136270242251269,0.0053521355457991,0.3745726253820899,0.1900729591543631,2.850111856823266,1.0259462032849322,46.492753623188406,0.8266488413547237,0.0122093640513854,0.8959670027497707,0.0,0.0,0.4046418107657838,0.5380053908355795,0.0745276678366066,1.6858108108108107,0.0077664102755582,27.39105930331621,0.028699869768509,0.0421097323272285,-15.87279411764706,436000000.0,12575000000.0,-22002000000.0,59314000000.0,8206500000.0,7205000000.0,1525000000.0,57.73952654768127,106.2578369905956,17.351097178683386,1.558724246304272,0.8469963491536674,5.186991869918699,0.0494056379486018,0.5870588235294117,2015-02-03,1.07,amc,10888009345.0,2025-04-25,2014-12-31,0.1869158878504672,100.88639344262296,6845805.491803279
2014-09-30,DIS,USD,1744489,2014-09-30,2014-09-29 20:00:00,2014,Q4,12389000000.0,7019000000.0,5370000000.0,0.4334490274,0,0.0,0.0,2384000000.0,0.0,2872000000.0,9891000000.0,34000000.0,72000000.0,590000000.0,3123000000.0,0.2520784567,2396000000.0,0.1933973686,65000000.0,2461000000.0,0.1986439584,836000000.0,1499000000.0,0.1209944305,0.87,0.86,1716000000,1734000000,,,7.21969696969697,0.8735431235431236,1.8094405594405591,1.18997668997669,1.993589743589744,28.07575757575757,7.4959207459207455,26.1993006993007,8.68997668997669,152775480000.0,164194480000.0,25.47956637758505,12.331542497376706,49.20305314009662,74.8165915768854,3.398182303483251,3.398182303483251,13.253247235450804,52.57588216458534,52.880669887278586,80.40865817825662,0.0098117839328667,0.013366019206747,0.3300858579118288,0.176276340484166,3.6564201088696766,1.1417393921155583,33.27777777777778,1.9107692307692308,0.0,0.0,0.0,0.0,0.4194878008219894,0.3423510466988728,0.0858019210590039,1.8016949152542368,0.0080716764872063,22.69228782580186,0.0216551295559631,0.030672587014794,-15.112762237762238,1884000000.0,12863000000.0,-20832000000.0,60531000000.0,7682500000.0,5840000000.0,1499500000.0,56.822988134635565,68.8687847271691,20.18236215985183,1.583866018920992,1.306832991994042,4.459339263024142,0.0333422305262689,0.6194638694638694,2014-11-06,0.89,amc,12389000000.0,2025-04-25,2014-09-30,0.0,90.1571875,7368627.09375
2014-06-30,DIS,USD,1744489,2014-06-30,2014-06-29 20:00:00,2014,Q3,12466000000.0,6364000000.0,6102000000.0,0.4894914167,0,0.0,0.0,2047000000.0,0.0,2371000000.0,8735000000.0,24000000.0,74000000.0,557000000.0,4301000000.0,0.3450184502,3498000000.0,0.2806032408,172000000.0,3670000000.0,0.2944007701,1251000000.0,2245000000.0,0.1800898444,1.3,1.28,1732000000,1748000000,,,7.197459584295612,1.296189376443418,1.6951501154734412,1.1818706697459584,2.361431870669746,28.06697459584296,7.7482678983833715,26.28175519630485,9.359122401847577,148501680000.0,160547680000.0,16.536935412026725,11.912536499278035,50.57959128065394,72.54600879335614,3.2623391915641475,3.2623391915641475,12.878844858013798,37.327988839804696,54.68245231607629,78.43071812408402,0.0151176740896129,0.013784355840284,0.3544815465729349,0.1927307908221157,2.800744013020228,1.1388660025466255,47.270270270270274,1.2137246796196774,0.0,0.0,0.0,0.0,0.4203384971871529,0.3027929155313351,0.0713139740093053,1.5960502692998204,0.0080218193486282,27.68551909020456,0.0313316026084693,0.0462590921266819,-14.232823325635104,1854000000.0,13420000000.0,-19906000000.0,60059000000.0,7565500000.0,6395500000.0,1384000000.0,54.45772501203273,89.22218730358266,20.15241986172219,1.652658093596712,1.0087177048660645,4.465964912280702,0.0493189806678383,0.5132794457274826,2014-08-05,1.17,amc,11293982905.0,2025-04-25,2014-06-30,0.0940170940170941,88.20734374999999,5511134.46875
2014-03-31,DIS,USD,1744489,2014-03-31,2014-03-30 20:00:00,2014,Q2,11649000000.0,5972000000.0,5677000000.0,0.4873379689,0,0.0,0.0,2116000000.0,0.0,2472000000.0,8444000000.0,129000000.0,67000000.0,580000000.0,3822000000.0,0.3280968323,2981000000.0,0.2559017941,194000000.0,3175000000.0,0.2725555842,1119000000.0,1917000000.0,0.1645634818,1.1,1.08,1750000000,1770000000,,,6.656571428571429,1.0954285714285714,1.444,1.0434285714285714,2.330285714285714,27.222857142857144,7.444571428571429,25.65085714285714,8.954857142857144,140122500000.0,151648500000.0,18.27366979655712,12.028714911151171,55.45013850415512,76.73740416210296,3.121533115017042,3.121533115017042,13.018156064898276,39.677786499215074,60.01127819548872,83.04956188389923,0.0136808863672857,0.0130314546200645,0.3476130009579184,0.188956163720029,3.0156985871271584,0.9923492942883524,44.492537313432834,1.2290856031128403,0.0107620118110938,0.7866458007303078,0.0,0.0,0.4191329619762654,0.2774040364068065,0.0601768392136664,1.2086206896551723,0.00961455918963,25.143992133473223,0.0267372163121843,0.0399641427618412,-13.999714285714283,-116000000.0,13028000000.0,-19894000000.0,57177000000.0,7800500000.0,7483000000.0,1361500000.0,58.624774658769,97.68586738111186,20.23945077026122,1.5351871375856616,0.9213205800678804,4.446760982874162,0.0427053398382677,0.4005714285714286,2014-05-06,0.96,amc,9828843749.0,2025-04-25,2014-03-31,0.1562500000000001,81.6763492063492,6456976.317460317
2013-12-31,DIS,USD,1744489,2013-12-31,2013-12-30 19:00:00,2014,Q1,12309000000.0,7065000000.0,5244000000.0,0.4260297343,0,0.0,0.0,2018000000.0,0.0,2248000000.0,9313000000.0,130000000.0,81000000.0,561000000.0,3582000000.0,0.2910065806,2665000000.0,0.216508246,275000000.0,2940000000.0,0.2388496222,1036000000.0,1840000000.0,0.1494841173,1.04,1.03,1762000000,1784000000,,,6.985811577752554,1.0442678774120318,0.6878547105561862,0.3144154370034052,2.495459704880817,26.8422247446084,7.184449489216799,25.15550510783201,8.786606129398411,134616800000.00002,145620800000.0,18.29032608695652,10.936453001868554,111.06996699669968,242.9906137184116,3.0371085642090065,3.0371085642090065,11.830433016491998,40.6534896705751,120.14917491749176,262.85342960288807,0.0136684277148171,0.0041153853010916,0.3474641277863008,0.1851838491691316,3.0720268006700167,1.0042686034658512,32.901234567901234,0.6365546218487395,0.0112565445026178,0.8235434782608696,0.0,0.0,0.4164802924271938,0.5429042904290429,0.0534568202128523,1.1729055258467025,0.0077991713380453,24.311611079772632,0.0242548837346257,0.037915473222197,-14.059733257661748,67000000.0,12659000000.0,-20107000000.0,57271000000.0,7490000000.0,6691500000.0,1433500000.0,58.58883743602242,108.07643312101912,17.579617834394906,1.536128790715088,0.8327439886845828,5.119565217391305,0.0415124988719429,0.3734392735527809,2014-02-05,0.92,amc,10703478260.0,2025-04-25,2013-12-31,0.1304347826086956,77.50180327868851,7425813.213114754
2013-09-30,DIS,USD,1744489,2013-09-30,2013-09-29 20:00:00,2013,Q4,11568000000.0,1248000000.0,12816000000.0,1.1078838174,0,0.0,0.0,8365000000.0,0.0,10574000000.0,11822000000.0,55000000.0,81000000.0,559000000.0,2864000000.0,0.2475795297,2259000000.0,0.195280083,-35000000.0,2224000000.0,0.1922544952,681000000.0,1394000000.0,0.1205048409,0.78,0.77,1786000000,1805000000,,,6.477043673012318,0.780515117581187,1.5313549832026876,0.9787234042553192,2.2010078387458005,26.95968645016797,7.534154535274356,25.43617021276596,8.04535274356103,115179139999.99998,125536139999.99998,20.656230272596844,9.956702973720608,42.1130310786106,65.89195652173912,2.5353659556670847,2.5353659556670847,10.85201763485477,43.83245111731843,45.89986837294333,71.8170137299771,0.0121028859913348,0.0151763591914299,0.3145127561689669,0.1758717888750754,3.61627094972067,1.2054853041695146,27.88888888888889,1.7725210628645496,0.0,0.0,0.0,0.0,0.4270503809652761,0.3608775137111517,0.0853215767634854,1.7656529516994632,0.0083852005532503,21.13526901058329,0.0220591820256584,0.0299482243753625,-12.985022396416571,2405000000.0,13456000000.0,-18982000000.0,59479000000.0,6767500000.0,5238500000.0,1476000000.0,54.20383817427386,353.2932692307692,107.23557692307692,1.660399023970145,0.254745866503368,0.8392737054472091,0.0306852451077505,0.5526315789473685,2013-11-07,0.76,amc,11415789473.0,2025-04-25,2013-09-30,0.0131578947368421,69.270625,6517094.21875
2013-06-30,DIS,USD,1744489,2013-06-30,2013-06-29 20:00:00,2013,Q3,11578000000.0,8574000000.0,3004000000.0,0.259457592,0,0.0,0.0,0.0,0.0,172000000.0,8746000000.0,10000000.0,93000000.0,569000000.0,3755000000.0,0.32432199,3004000000.0,0.259457592,89000000.0,3093000000.0,0.2671445846,1059000000.0,1847000000.0,0.1595266885,1.02,1.01,1802000000,1821000000,,,6.425083240843507,1.0249722530521643,1.894006659267481,1.5110987791342951,2.1820199778024416,25.475582685904552,6.179245283018868,24.15982241953385,8.377358490566039,115201860000.0,126272860000.0,15.593105035192202,9.950065641734325,33.75384119542924,42.30696290855674,2.6461287210584348,2.6461287210584348,10.90627569528416,33.62792543275633,36.997615001464986,46.372699228791774,0.016032727249369,0.0236367711424103,0.3446113561190739,0.1862223049711413,2.948335552596538,1.25253504981924,32.30107526881721,1.6779744346116028,0.0,0.0,0.0,0.0,0.4316018122013281,0.2021681804863756,0.0595957851096907,1.2126537785588751,0.0083779581965797,23.604466132927485,0.0276510274895373,0.04033367545258,-13.91093229744728,2864000000.0,11135000000.0,-20453000000.0,59511000000.0,6861000000.0,5943000000.0,1434000000.0,51.05544999136293,58.55143456962911,15.377886634009796,1.76278928136419,1.537110075295805,5.852559726962458,0.0424246600514516,0.3829078801331853,2013-08-06,1.01,amc,11348732673.0,2025-04-25,2013-06-30,0.0198019801980198,64.1046875,7836948.5625
2013-03-31,DIS,USD,1744489,2013-03-31,2013-03-30 20:00:00,2013,Q2,10554000000.0,8359000000.0,2195000000.0,0.2079780178,0,0.0,0.0,0.0,0.0,134000000.0,8493000000.0,29000000.0,83000000.0,550000000.0,2908000000.0,0.2755353421,2195000000.0,0.2079780178,80000000.0,2275000000.0,0.2155580822,654000000.0,1513000000.0,0.1433579685,0.84,0.83,1804000000,1825000000,,,5.8503325942350335,0.8386917960088692,1.197339246119734,0.8791574279379157,2.190687361419069,24.470066518847005,5.112527716186253,23.330931263858098,9.43458980044346,102268760000.0,115253760000.0,16.89834104428288,9.69004737540269,47.34664814814815,64.48219419924338,2.429821568580864,2.429821568580864,10.92038658328596,39.63334250343879,53.358222222222224,72.66945775535939,0.0147943516671171,0.015508157134202,0.4024091805459859,0.2081786671255439,4.465268225584595,1.1152159369657326,26.44578313253012,1.3325107958050586,0.0002346757700005,0.0158625247851949,0.0,0.0,0.4292263821627867,0.2657407407407407,0.0543869622891794,1.0436363636363637,0.0102330869812393,20.98256096131985,0.0218860329718,0.0325817774619376,-15.074833702882485,1550000000.0,9223000000.0,-22211000000.0,58121000000.0,7234500000.0,6522500000.0,1421500000.0,61.0062535531552,67.91721497786817,15.105873908362245,1.4752585965893206,1.325142675967026,5.957947255880256,0.0359476347739314,0.3181818181818182,2013-05-07,0.77,amc,10279870129.0,2025-04-25,2013-03-31,0.0259740259740259,63.17453125,8362226.546875
2012-12-31,DIS,USD,1744489,2012-12-31,2012-12-30 19:00:00,2013,Q1,11341000000.0,9249000000.0,2092000000.0,0.1844634512,0,0.0,0.0,0.0,0.0,8000000.0,9257000000.0,20000000.0,92000000.0,514000000.0,2634000000.0,0.2322546513,2092000000.0,0.1844634512,-64000000.0,2028000000.0,0.1788202099,590000000.0,1382000000.0,0.1218587426,0.78,0.77,1777000000,1800000000,,,6.382104670793472,0.7777152504220597,0.6437816544738323,0.3370849746764209,1.8047270680922904,24.406302757456388,4.729881823297693,23.08159819921216,9.870568373663478,88476830000.0,102717830000.0,16.00521526772793,7.801501631249449,77.33988636363637,147.70756260434058,2.157129656719329,2.157129656719329,9.057211004320608,38.99689825360668,89.78831293706294,171.48218697829716,0.0156199086246647,0.0067701340565659,0.4253949678174371,0.2163636814563131,5.406605922551253,0.9878603945371776,22.73913043478261,0.7955493741307371,0.0146931123097425,0.9406657018813314,0.0,0.0,0.433582996453461,0.4763986013986014,0.0480557270082003,1.0603112840466926,0.0088175645886606,20.097151434517706,0.0209047572628058,0.0302559274908597,-15.677405740011254,-176000000.0,8405000000.0,-22950000000.0,56460000000.0,6927500000.0,5678000000.0,1488500000.0,58.05043646944714,65.55627635420045,14.012325656827764,1.550375939849624,1.372866260947009,6.422916666666667,0.0336941681295104,0.3066966797974114,2013-02-05,0.76,amc,10893328947.0,2025-04-25,2012-12-31,0.0394736842105263,54.47583333333333,8428945.166666666
2012-09-30,DIS,USD,1744489,2012-09-30,2012-09-29 20:00:00,2012,Q4,10782000000.0,8748000000.0,2034000000.0,0.1886477462,0,0.0,0.0,0.0,0.0,160000000.0,8908000000.0,24000000.0,115000000.0,492000000.0,2526000000.0,0.2342793545,2034000000.0,0.1886477462,80000000.0,2114000000.0,0.1960675199,724000000.0,1244000000.0,0.115377481,0.69,0.69,1793000000,1817000000,,,6.013385387618516,0.6938092582264361,0.8561070831009482,0.335750139431121,1.8890128276631344,23.401003904071388,6.599553820412716,22.17456776352482,8.045733407696599,93361510000.0,104285510000.0,18.762361334405146,8.659015952513448,60.821830618892506,155.08556478405316,2.348185568047486,2.348185568047486,9.67218605082545,41.28484164687253,67.93844299674267,173.2317441860465,0.0133245488424512,0.0064480533787424,0.3599436605548429,0.1910731928756442,4.324623911322249,1.0699289783813315,17.68695652173913,1.10431654676259,0.0,0.0,0.0,0.0,0.4022136772677508,0.6078175895765472,0.0865331107401224,1.896341463414634,0.0089964756074939,18.60539462787117,0.0203564483031274,0.0277846023272954,-13.318181818181818,896000000.0,11833000000.0,-19231000000.0,52533000000.0,6245500000.0,2309500000.0,1511000000.0,54.59098497495826,47.52057613168724,15.812757201646091,1.6486238532110091,1.8939164321281663,5.691607026675341,0.0312885132925878,0.5203569436698271,2012-11-08,0.68,amc,10782000000.0,2025-04-25,2012-09-30,0.0,49.93370967741935,8676821.887096774
2012-06-30,DIS,USD,1744489,2012-06-30,2012-06-29 20:00:00,2012,Q3,11088000000.0,8128000000.0,2960000000.0,0.266955267,0,0.0,0.0,0.0,0.0,0.0,8128000000.0,22000000.0,115000000.0,522000000.0,3666000000.0,0.3306277056,2960000000.0,0.266955267,69000000.0,3029000000.0,0.2731782107,993000000.0,1831000000.0,0.1651334776,1.02,1.01,1791000000,1812000000,,,6.190954773869347,1.0223338916806253,1.6108319374651032,1.1976549413735342,2.442211055276382,23.49134561697376,6.677833612506979,22.33724176437744,8.452261306532664,86863500000.0,97512500000.0,11.860117422173676,7.834009740259741,30.10866551126517,40.4958041958042,2.171261810728391,2.171261810728391,8.794417388167389,26.599154391707582,33.7998266897747,45.46037296037296,0.0210790493130025,0.02469391631698,0.3755186721991701,0.1995324806417765,2.9048008728859798,1.327156606998291,25.73913043478261,1.4169941060903732,0.0,0.0,0.0,0.0,0.3999548418801716,0.2564991334488735,0.0667388167388167,1.417624521072797,0.0092893217893217,22.66743665048404,0.0298101724037696,0.0405285758555048,-13.198352875488554,3637000000.0,11960000000.0,-18464000000.0,54694000000.0,6117000000.0,0.0,1494000000.0,48.30357142857143,0.0,16.4431594488189,1.8632162661737524,0.0,5.473400673400674,0.045768134779783,0.4131769960915689,2012-08-07,0.93,amc,10134193548.0,2025-04-25,2012-06-30,0.086021505376344,50.01587301587302,8186120.444444444
2012-03-31,DIS,USD,1744489,2012-03-31,2012-03-30 20:00:00,2012,Q2,9629000000.0,7942000000.0,1687000000.0,0.1751999169,0,0.0,0.0,0.0,0.0,0.0,7942000000.0,31000000.0,126000000.0,488000000.0,2490000000.0,0.2585938311,1687000000.0,0.1751999169,189000000.0,1876000000.0,0.1948281234,650000000.0,1143000000.0,0.1187039153,0.64,0.63,1793000000,1818000000,,,5.3703290574456215,0.637479085331846,1.010596765197992,0.1868377021751255,2.0808700501952035,22.25989960959286,5.385945343000558,21.22085889570552,9.010039040713888,78497540000.0,90795540000.0,17.169190726159233,8.152200643888253,43.32093818984548,234.3210149253731,2.063064469499856,2.063064469499856,9.42938415204071,36.46407228915663,50.10791390728477,271.0314626865672,0.014560965859567,0.0042676496613779,0.4212725695813293,0.2130580995042069,4.938955823293172,1.1424866394215656,13.38888888888889,1.4779771615008157,0.0,0.0,0.0,0.0,0.4021506519745324,0.815121412803532,0.1533907986291411,3.026639344262295,0.0112161179769446,17.44639529165801,0.0167154629544979,0.0254124238516608,-14.571249302844397,1813000000.0,9657000000.0,-20784000000.0,52910000000.0,6535000000.0,0.0,1513000000.0,58.72572437428601,0.0,17.032233694283555,1.5325481457902277,0.0,5.284098469727212,0.0300402113064732,0.8237590630228667,2012-05-08,0.55,amc,9103781818.0,2025-04-25,2012-03-31,0.0545454545454543,44.57904761904762,9118464.523809524
2011-12-31,DIS,USD,1744489,2011-12-31,2011-12-30 19:00:00,2012,Q1,10779000000.0,8587000000.0,2192000000.0,0.203358382,0,0.0,0.0,0.0,0.0,0.0,8587000000.0,26000000.0,116000000.0,485000000.0,2842000000.0,0.263660822,2192000000.0,0.203358382,49000000.0,2241000000.0,0.2079042583,720000000.0,1464000000.0,0.1358196493,0.81,0.8,1798000000,1824000000,,,5.994994438264738,0.814238042269188,0.96440489432703,0.6117908787541713,2.0945494994438265,21.92602892102336,5.667408231368187,20.721357063403783,8.06562847608454,67425000000.0,78045000000.0,11.513831967213116,6.255218480378514,38.8840830449827,61.29545454545455,1.809727031161929,1.809727031161929,7.240467575841915,27.461294862772696,45.00865051903114,70.95,0.0217130144605116,0.0163144234334445,0.3861287811686394,0.1947290767085832,3.736805066854328,1.1135758651286602,18.89655172413793,1.1400394477317557,0.016,0.7368852459016394,0.0,0.0,0.3956982552079808,0.3656286043829296,0.0588180721773819,1.3072164948453608,0.0092772984506911,19.483907133593632,0.0234242276681553,0.032792760505331,-13.813264738598445,1536000000.0,10190000000.0,-19394000000.0,50529000000.0,6484500000.0,2273000000.0,1559000000.0,56.668522126356805,0.0,15.962501455688834,1.5881832915868572,0.0,5.638214051214708,0.0392946291971978,0.3526140155728587,2012-02-07,0.71,amc,9412647887.0,2025-04-25,2011-12-31,0.1267605633802818,41.18225806451613,9741600.516129032
2011-09-30,DIS,USD,1744489,2011-09-30,2011-09-29 20:00:00,2011,Q4,10425000000.0,8558000000.0,1867000000.0,0.179088729,0,0.0,0.0,0.0,0.0,0.0,8558000000.0,34000000.0,111000000.0,462000000.0,2476000000.0,0.2375059952,1867000000.0,0.179088729,36000000.0,1903000000.0,0.1825419664,652000000.0,1087000000.0,0.1042685851,0.6,0.6,1798000000,1798000000,,,5.798109010011124,0.6045606229143493,1.1701890989988877,0.6151279199110122,1.771412680756396,21.94271412680756,5.665739710789766,20.79254727474972,7.995550611790879,54227680000.0,65307680000.0,12.471867525298988,5.201695923261391,25.77361216730038,49.030452079566,1.4505197271633008,1.4505197271633008,6.264525659472422,26.376284329563813,31.03977186311787,59.04853526220615,0.020045113491855,0.0203954880607099,0.3815701484552628,0.1977843713604348,4.474959612277868,1.1380708140304434,16.81981981981982,1.6818545163868903,0.0,0.0,0.0,0.0,0.4057733902723088,0.4743346007604562,0.0957314148681055,2.16017316017316,0.0067146282973621,16.817639399718733,0.0194533960334034,0.0253628260768117,-13.377085650723023,1669000000.0,10187000000.0,-18914000000.0,50630000000.0,6197000000.0,2273000000.0,1568500000.0,53.36978417266187,47.8078990418322,16.773778920308484,1.686347460368813,1.882534095908491,5.36551724137931,0.029075832553163,0.5550611790878754,2011-11-10,0.54,amc,9459722222.0,2025-04-25,2011-09-30,0.0925925925925924,34.941587301587305,11613551.968253968
2011-06-30,DIS,USD,1744489,2011-06-30,2011-06-29 20:00:00,2011,Q3,10675000000.0,8229000000.0,2446000000.0,0.2291334895,0,0.0,0.0,0.0,0.0,0.0,8229000000.0,25000000.0,113000000.0,476000000.0,3097000000.0,0.290117096,2446000000.0,0.2291334895,62000000.0,2508000000.0,0.234941452,845000000.0,1476000000.0,0.1382669789,0.78,0.77,1883000000,1912000000,,,5.669144981412639,0.7838555496548062,0.9676048858204992,0.587360594795539,1.8688263409453,21.732342007434944,6.209240573552841,20.682952734997343,7.09028146574615,73512320000.0,83231320000.0,12.451273712737128,6.8864,40.34704720087816,66.46683544303798,1.887544805628306,1.887544805628306,7.796844964871195,26.87482079431708,45.681295279912185,75.25435804701627,0.0200782671530431,0.0150450972027545,0.3399065372567144,0.1861753744462414,3.138198256377139,1.0686981043396522,21.646017699115045,1.0956103427540589,0.0,0.0,0.0,0.0,0.4110822023767667,0.3929747530186608,0.0670725995316159,1.504201680672269,0.0099297423887587,19.09921631646057,0.0259913968478861,0.0352477611940298,-11.27668613913967,877000000.0,11692000000.0,-16540000000.0,49314000000.0,6143500000.0,0.0,1497500000.0,52.3728337236534,0.0,16.864746627779805,1.7184481648422407,0.0,5.336575875486381,0.0378986288707441,0.3802442910249601,2011-08-09,0.73,amc,9943835616.0,2025-04-25,2011-06-30,0.0684931506849315,34.84703125,15430526.6875
2011-03-31,DIS,USD,1744489,2011-03-31,2011-03-30 20:00:00,2011,Q2,9077000000.0,7549000000.0,1528000000.0,0.1683375565,0,0.0,0.0,0.0,0.0,0.0,7549000000.0,28000000.0,111000000.0,456000000.0,2135000000.0,0.2352098711,1528000000.0,0.1683375565,40000000.0,1568000000.0,0.1727442988,558000000.0,942000000.0,0.1037787815,0.5,0.49,1899000000,1934000000,,,4.779884149552396,0.4960505529225908,1.0263296471827277,0.693522906793049,1.6292785676671933,21.228014744602422,5.816745655608215,20.35281727224855,6.7840968931016326,81827910000.0,91505910000.0,21.716536624203822,9.014862840145422,41.984561313494105,62.13205011389522,2.1171516170763263,2.1171516170763263,10.081074143439462,42.85991100702576,46.95018471010775,69.48056947608201,0.011511964560747,0.0160947530005349,0.3304527813712807,0.1809372697908993,4.533021077283372,1.0325704912911036,13.765765765765764,1.9297029702970296,0.0,0.0,0.0,0.0,0.4146030486768289,0.3242688558234992,0.0696265285887407,1.3859649122807018,0.0131100583893356,15.071847626691472,0.0159083659648216,0.0227965732539567,-11.531990521327014,417000000.0,11046000000.0,-17056000000.0,48581000000.0,6551500000.0,0.0,1434500000.0,60.23465902831333,0.0,17.32282421512783,1.494156378600823,0.0,5.19545767377839,0.0243725743855109,0.3328067403896788,2011-05-10,0.57,amc,10350964912.0,2025-04-25,2011-03-31,-0.1403508771929824,40.83888888888889,9555997.19047619
2010-12-31,DIS,USD,1744489,2010-12-31,2010-12-30 19:00:00,2011,Q1,10716000000.0,8776000000.0,1940000000.0,0.1810377006,0,0.0,0.0,0.0,0.0,0.0,8776000000.0,5000000.0,100000000.0,447000000.0,2611000000.0,0.2436543486,1940000000.0,0.1810377006,124000000.0,2064000000.0,0.1926091825,730000000.0,1302000000.0,0.1215005599,0.69,0.68,1891000000,1927000000,,,5.666842940243257,0.6885245901639344,0.5917503966155473,-0.049709148598625,1.607086197778953,21.014806980433637,5.512956107879429,19.98783712321523,6.797990481226864,70931410000.0,80647410000.0,13.61970238095238,6.61920586039567,63.3882126899017,-754.5894680851064,1.876641267825489,1.876641267825489,7.525887458006719,30.887556491765608,72.07096514745308,-857.951170212766,0.01835576086814,-0.0013252239029225,0.3374606450247374,0.1797744890768146,3.721179624664879,1.0978269396720797,19.4,0.8388305847076462,0.0106638229805385,0.580952380952381,0.0,0.0,0.4131642001409443,1.0840035746201966,0.1131952220977976,2.713646532438479,0.0119447555057857,17.596807684330642,0.020546605311713,0.0312710154673839,-11.736118455843467,1247000000.0,10425000000.0,-17217000000.0,49047000000.0,6406000000.0,2206500000.0,1429000000.0,59.02575587905935,0.0,14.521422060164085,1.524758110415481,0.0,6.19774011299435,0.0344471783474878,0.6414595452141724,2011-02-08,0.56,amc,8419714285.0,2025-04-25,2010-12-31,0.2142857142857142,41.44483870967742,10619826.870967742
2010-09-30,DIS,USD,1744489,2010-09-30,2010-09-29 20:00:00,2010,Q4,9742000000.0,8221000000.0,1521000000.0,0.1561281051,0,0.0,0.0,0.0,0.0,0.0,8221000000.0,1000000.0,88000000.0,434000000.0,1956000000.0,0.2007801273,1521000000.0,0.1561281051,-87000000.0,1434000000.0,0.1471977007,468000000.0,835000000.0,0.0857113529,0.44,0.44,1891000000,1891000000,,,5.151771549444738,0.4415653093601269,1.1665785298783713,0.7451084082496033,1.4394500264410366,20.80486515071391,5.37334743521946,19.840824960338445,6.76467477525119,62592100000.0,72574100000.0,18.740149700598803,6.424974337918292,28.37357207615593,44.42306600425834,1.6682774061142356,1.6682774061142356,7.449609936358037,37.10332310838446,32.89850407978241,51.50752306600426,0.0133403416725113,0.0225108280437946,0.3386017751006157,0.1835678987371037,5.103271983640082,1.1113636363636363,17.28409090909091,2.283643892339545,0.0,0.0,0.0,0.0,0.421654191833078,0.3612873980054397,0.0818107164853212,1.836405529953917,0.0134469308150277,14.040048086113146,0.0169199863689918,0.0208619612742036,-11.677948175568485,1225000000.0,10161000000.0,-17639000000.0,48212000000.0,5764000000.0,2206500000.0,1382000000.0,53.43461301580784,48.31164091959615,15.786400681182338,1.684301521438451,1.862905053251756,5.701109570041609,0.0222553906020949,0.4214701216287678,2010-11-11,0.46,amc,9953782608.0,2025-04-25,2010-09-30,-0.0217391304347826,36.2865625,10474655.203125
2010-06-30,DIS,USD,1744489,2010-06-30,2010-06-29 20:00:00,2010,Q3,10002000000.0,7723000000.0,2279000000.0,0.2278544291,0,0.0,0.0,0.0,0.0,0.0,7723000000.0,14000000.0,103000000.0,432000000.0,2871000000.0,0.2870425915,2279000000.0,0.2278544291,57000000.0,2336000000.0,0.2335532893,831000000.0,1331000000.0,0.1330733853,0.68,0.67,1945000000,1978000000,,,5.142416452442159,0.6843187660668381,0.9681233933161952,0.7079691516709512,1.517223650385604,20.360411311053983,5.5665809768637535,19.516195372750644,6.544987146529563,61267500000.0,70943500000.0,11.507794891059351,6.125524895020996,32.537174721189594,44.49346405228758,1.614044100213388,1.614044100213388,7.092931413717256,24.71037965865552,37.67578332448221,51.52033405954975,0.0217244052719631,0.0224752111641571,0.3326483837825021,0.1848620159578361,3.370254266805991,1.3279586890083257,22.12621359223301,1.2511627906976743,0.0,0.0,0.0,0.0,0.4212575946124002,0.2687201274561869,0.0505898820235952,1.1712962962962965,0.0118976204759048,17.33476915206837,0.0242134100031016,0.0336697781487946,-10.68586118251928,3112000000.0,10827000000.0,-16103000000.0,49040000000.0,5611000000.0,0.0,1273500000.0,51.68566286742652,0.0,15.405930337951574,1.7412952646239557,0.0,5.8419062027231465,0.0350641481598566,0.2601542416452442,2010-08-10,0.58,amc,8449965517.0,2025-04-25,2010-06-30,0.1551724137931036,33.65453125,10427770.125
2010-03-31,DIS,USD,1744489,2010-03-31,2010-03-30 20:00:00,2010,Q2,8580000000.0,7068000000.0,1512000000.0,0.1762237762,0,0.0,0.0,0.0,0.0,0.0,7068000000.0,0.0,130000000.0,424000000.0,2106000000.0,0.2454545455,1512000000.0,0.1762237762,23000000.0,1535000000.0,0.1789044289,537000000.0,953000000.0,0.1110722611,0.49,0.48,1940000000,1973000000,,,4.422680412371134,0.4912371134020618,0.811340206185567,0.5536082474226804,1.5850515463917525,20.087113402061856,5.251030927835052,19.31958762886598,6.892268041237114,67725399999.99999,77891400000.0,17.766369359916055,7.893403263403263,43.02757306226175,63.05903165735568,1.806974386339381,1.806974386339381,9.078251748251748,36.98547008547008,49.48627700127065,72.5245810055866,0.0140715300315686,0.0158581566148003,0.3532817502668089,0.1925683536940081,4.827160493827161,1.2422403501790689,11.63076923076923,1.5771543086172344,0.0,0.0,0.0,0.0,0.4185863874345549,0.3176620076238882,0.0582750582750582,1.179245283018868,0.0159673659673659,14.612878406588893,0.01612899726118,0.0238381109610285,-11.33762886597938,2435000000.0,10187000000.0,-17304000000.0,48551000000.0,5725000000.0,2171500000.0,1210500000.0,57.46153846153847,0.0,15.59847198641766,1.5662650602409638,0.0,5.769795918367347,0.0254268943436499,0.2577319587628865,2010-05-11,0.45,amc,8008000000.0,2025-04-25,2010-03-31,0.0666666666666666,34.756031746031745,14415407.15873016
2009-12-31,DIS,USD,1744489,2009-12-31,2009-12-30 19:00:00,2010,Q1,9739000000.0,8325000000.0,1414000000.0,0.1451894445,0,0.0,0.0,0.0,0.0,-116000000.0,8209000000.0,0.0,103000000.0,423000000.0,1863000000.0,0.1912927405,1414000000.0,0.1451894445,-92000000.0,1322000000.0,0.1357428894,478000000.0,844000000.0,0.0866618749,0.45,0.44,1867000000,1903000000,,,5.216389930369576,0.4520621317621853,0.4900910551687198,0.3256561328334226,1.7161221210498123,20.33101231922871,4.709694697375468,19.37868237814676,7.463310123192287,60210750000.0,70837750000.0,17.83493779620853,6.1824365951329705,65.80409836065574,99.03083881578948,1.6641998341625208,1.6641998341625208,7.273616387719478,38.02348362855609,77.41830601092896,116.50945723684212,0.0140174304422383,0.010097864583982,0.3822830292979546,0.1995412182243125,5.704240472356414,1.109539727436359,13.728155339805824,1.0841232227488151,0.0108527131782945,0.7742298578199052,0.0,0.0,0.4207663675447961,0.3355191256830601,0.0315227436081733,0.7257683215130024,0.0138617927918677,14.039526006908662,0.0149734653024894,0.0210216941891454,-12.359400107123728,1278000000.0,8793000000.0,-18411000000.0,47877000000.0,5413000000.0,4172500000.0,1233500000.0,55.1884177020228,46.95135135135135,12.92972972972973,1.6307769591426655,1.9168777342850565,6.960702341137123,0.0233278054173576,0.1644349223352972,2010-02-09,0.38,amc,7432394736.0,2025-04-25,2009-12-31,0.2368421052631578,31.78131147540984,12614671.180327868
2009-09-30,DIS,USD,1744489,2009-09-30,2009-09-29 20:00:00,2009,Q4,9867000000.0,8272000000.0,1595000000.0,0.1616499443,0,0.0,0.0,0.0,0.0,0.0,8272000000.0,0.0,124000000.0,425000000.0,2210000000.0,0.2239789196,1595000000.0,0.1616499443,66000000.0,1661000000.0,0.1683389075,587000000.0,895000000.0,0.0907063951,0.48,0.48,1859000000,1867000000,,,5.307692307692308,0.4814416352877891,0.9349112426035504,0.5981710597095212,1.8380849919311453,19.055944055944057,6.183431952662722,18.1463152232383,7.020441097364174,51048140000.0,60558140000.0,14.259256983240222,5.173623188405797,29.371772151898732,45.90660071942446,1.5132548763858422,1.5132548763858422,6.137441978311544,27.40187330316742,34.84357882623706,54.45875899280576,0.0175324703309464,0.0217833597854887,0.3832038892512006,0.2048101145491705,4.30316742081448,1.3307588985896577,12.862903225806452,1.4519632414369257,0.0,0.0,0.0,0.0,0.3791371579764564,0.3601841196777905,0.0634438025742373,1.4729411764705882,0.0122630992196209,14.02030002172849,0.0186196628087031,0.0228392068798325,-10.757934373318989,2955000000.0,11495000000.0,-15803000000.0,44482000000.0,4899000000.0,3036000000.0,1250000000.0,44.27485557920341,43.54206963249517,13.828578336557062,2.032756489493201,2.0669665167416293,6.508261211644374,0.0265310962233947,0.336740182894029,2009-11-12,0.41,amc,8663707317.0,2025-04-25,2009-09-30,0.1219512195121952,29.92734375,11200832.78125
2009-06-30,DIS,USD,1744489,2009-06-30,2009-06-29 20:00:00,2009,Q3,8596000000.0,6998000000.0,1598000000.0,0.1859004188,0,0.0,0.0,0.0,0.0,0.0,6998000000.0,0.0,75000000.0,404000000.0,1753000000.0,0.2039320614,1598000000.0,0.1859004188,59000000.0,1657000000.0,0.1927640763,626000000.0,954000000.0,0.110981852,0.51,0.51,1857000000,1874000000,,,4.628971459343027,0.5137318255250404,0.6779752288637587,0.4744211093161012,1.6844372644049543,19.06192784060312,5.77652127086699,18.468497576736677,7.414647280560043,43323810000.0,53889810000.0,11.353199685534593,5.039996510004653,34.41128673550437,49.17572077185017,1.2632321553533938,1.2632321553533938,6.269172871102839,30.741477467199086,42.803661636219225,61.16891032917139,0.0220202239830707,0.0203352382904458,0.3992885467693025,0.2188099194682347,6.027381631488876,1.3361608180339295,21.30666666666667,1.319706498951782,0.0,0.0,0.0,0.0,0.3942061868848268,0.3002382843526608,0.0439739413680781,0.9356435643564356,0.0129129827826896,14.610843128753338,0.0180386371579252,0.0251628728932028,-10.62762520193861,2893000000.0,10727000000.0,-15687000000.0,44851000000.0,4941500000.0,1035000000.0,1231000000.0,51.763610981852025,26.62189196913404,15.805944555587311,1.738673139158576,3.3806763285024157,5.694060211554109,0.0278166550034989,0.2035541195476575,2009-07-30,0.5,amc,8252160000.0,2025-04-25,2009-06-30,0.04,25.99359375,12641540.71875
2009-03-31,DIS,USD,1744489,2009-03-31,2009-03-30 20:00:00,2009,Q2,8087000000.0,6800000000.0,1287000000.0,0.1591443057,0,0.0,0.0,0.0,0.0,0.0,6800000000.0,22000000.0,150000000.0,406000000.0,1862000000.0,0.2302460739,1287000000.0,0.1591443057,-286000000.0,1001000000.0,0.1237789044,348000000.0,613000000.0,0.0758006677,0.33,0.33,1855000000,1868000000,,,4.359568733153639,0.3304582210242587,0.973045822102426,0.726145552560647,1.8161725067385448,18.490026954177896,5.200539083557952,17.936388140161725,8.020485175202156,33686800000.0,45045800000.0,13.738499184339314,4.16554964758254,18.663047091412743,25.00876020786934,1.0124669391680692,1.0124669391680692,5.57014962285149,24.1921589688507,24.95612188365651,33.441573867854494,0.0181970386026574,0.0399859885771281,0.4426544842510219,0.2336590937936286,6.100429645542428,1.1758295699980366,8.58,2.9445350734094617,0.0,0.0,0.0,0.0,0.3911029318441426,0.2537396121883656,0.0566341041177198,1.1280788177339902,0.0,11.548272841380449,0.0152557815959774,0.0159718603439291,-11.344070080862531,1791000000.0,9647000000.0,-16756000000.0,43653000000.0,5522500000.0,3319000000.0,1203500000.0,54.965994806479536,0.0,16.319117647058825,1.6373759870419111,0.0,5.51500405515004,0.0184238999759557,0.246900269541779,2009-05-05,0.4,amc,7480475000.0,2025-04-25,2009-03-31,0.0749999999999999,22.66984126984127,14548800.031746032
2008-12-31,DIS,USD,1744489,2008-12-31,2008-12-30 19:00:00,2009,Q1,9599000000.0,8382000000.0,1217000000.0,0.12678404,0,0.0,0.0,0.0,0.0,0.0,8382000000.0,0.0,139000000.0,396000000.0,1499000000.0,0.1561621002,1217000000.0,0.12678404,122000000.0,1339000000.0,0.1394936973,488000000.0,845000000.0,0.0880300031,0.46,0.45,1852000000,1872000000,,,5.18304535637149,0.4562634989200864,0.1414686825053995,-0.0156587473002159,2.049136069114471,18.312634989200863,1.9098272138228944,17.632289416846653,8.71598272138229,42021880000.0,54229880000.0,12.432508875739646,4.377735180747995,160.38885496183207,-1449.0303448275863,1.2868436686571734,1.2868436686571734,5.649534326492343,36.17737158105404,206.9842748091603,-1869.9958620689656,0.0201085720105811,-0.0006901166725524,0.4900627775225846,0.2465755535353846,8.144096064042696,1.0688670263408442,8.755395683453237,0.3100591715976331,0.0154252974878801,0.7671005917159763,0.0,0.0,0.4680667478159042,1.1106870229007633,0.0303156578810292,0.7348484848484849,0.0,13.454063565491891,0.0137950886800584,0.0244764359991889,-11.892278617710582,868000000.0,3537000000.0,-17514000000.0,48551000000.0,5739500000.0,5496500000.0,1149000000.0,57.24971351182415,71.27415891195419,12.605583392984968,1.572060268588274,1.2627297378728533,7.1396933560477,0.0258765885775532,0.1571274298056155,2009-02-03,0.51,bmo,11481156862.0,2025-04-25,2008-12-31,-0.196078431372549,19.130819672131143,17127311.98360656
2008-09-30,DIS,USD,1744489,2008-09-30,2008-09-29 20:00:00,2008,Q4,9445000000.0,7993000000.0,1452000000.0,0.1537321334,0,0.0,0.0,0.0,0.0,0.0,7993000000.0,0.0,0.0,404000000.0,1856000000.0,0.1965060879,1452000000.0,0.1537321334,-65000000.0,1387000000.0,0.1468501853,490000000.0,760000000.0,0.0804658549,0.41,0.41,1852000000,1852000000,,,5.0998920086393085,0.4103671706263499,0.6722462203023758,0.3282937365010799,1.6204103671706265,18.178725701943844,1.994600431965443,17.453023758099352,7.904427645788337,56837880000.0,68475880000.0,18.69667105263158,6.017774483853891,45.65291566265061,93.48335526315788,1.7584345512483373,1.7584345512483373,7.249960825833774,36.894331896551726,55.00070682730924,112.62480263157894,0.0133713643084506,0.0106970914467605,0.4528973176994709,0.234235243291678,6.270474137931035,1.0064705374859806,0.0,1.638157894736842,0.0,0.0,0.0,0.0,0.4795910203689777,0.5116465863453815,0.067443091582848,1.5767326732673268,0.0,12.694421196570095,0.017250606595154,0.0233673594883778,-11.467197624190064,75000000.0,3694000000.0,-17164000000.0,47580000000.0,5521000000.0,4800500000.0,1058000000.0,51.19851773425093,49.03665707494058,12.656074064806706,1.75786339102922,1.835361653272101,7.111209964412812,0.0235126689973084,0.3439524838012959,2008-11-06,0.49,bmo,10601530612.0,2025-04-25,2008-09-30,-0.1224489795918367,23.394375,18688016.96875
2008-06-30,DIS,USD,1744489,2008-06-30,2008-06-29 20:00:00,2008,Q3,9236000000.0,7215000000.0,2021000000.0,0.21881767,0,0.0,0.0,0.0,0.0,0.0,7215000000.0,0.0,141000000.0,402000000.0,2391000000.0,0.2588783023,2021000000.0,0.21881767,66000000.0,2087000000.0,0.2259636206,712000000.0,1284000000.0,0.1390212213,0.68,0.66,1900000000,1940000000,,,4.861052631578947,0.6757894736842105,0.4926315789473684,0.3068421052631579,1.3626315789473684,17.902631578947368,2.23,17.252105263157894,7.217368421052631,59280000000.0,70263000000.0,11.542056074766355,6.418362927674318,63.33333333333333,101.68096054888508,1.8084749382226424,1.8084749382226424,7.607514075357297,29.386449184441656,75.0673076923077,120.5197255574614,0.02165991902834,0.0098346828609986,0.4140455779614997,0.2203890747296288,4.593475533249686,1.119932264169738,14.333333333333334,0.7289719626168224,0.0,0.0,0.0,0.0,0.4835503881004189,0.3771367521367521,0.0382200086617583,0.8781094527363185,0.0,16.19638232921218,0.0248449710019145,0.0403722802163249,-10.6475,1204000000.0,4237000000.0,-16324000000.0,48532000000.0,5632000000.0,5322500000.0,916500000.0,55.241446513642266,65.43866943866944,12.374220374220371,1.6292115011465866,1.3753335874952344,7.273185483870968,0.0391714207266847,0.1857894736842105,2008-07-30,0.61,bmo,9084590163.0,2025-04-25,2008-06-30,0.0163934426229508,31.515,14382818.09375
2008-03-31,DIS,USD,1744489,2008-03-31,2008-03-30 20:00:00,2008,Q2,8710000000.0,6812000000.0,1898000000.0,0.2179104478,0,0.0,0.0,0.0,0.0,0.0,6812000000.0,39000000.0,186000000.0,391000000.0,2289000000.0,0.2628013777,1898000000.0,0.2179104478,-3000000.0,1895000000.0,0.2175660161,712000000.0,1133000000.0,0.1300803674,0.6,0.58,1883000000,1960000000,,,4.625597450876262,0.6016994158258099,1.3823685608072225,1.1980881571959638,2.049920339883166,16.95910780669145,3.912373871481678,16.350504514073286,8.484333510355816,59088540000.0,71018540000.0,13.03807149161518,6.783988518943743,22.70016903572801,26.191728723404257,1.919206833831363,1.919206833831363,8.153678530424799,31.02601135867191,27.28334229734921,31.47984929078014,0.0191746149084069,0.038179992262459,0.5128621540860075,0.2534876627442166,5.211882918304936,1.1012793176972282,10.204301075268818,2.297440423654016,0.0,0.0,0.0,0.0,0.3943908429789215,0.133307721859393,0.0398392652123995,0.887468030690537,0.0,14.878071206575845,0.0219844297020001,0.0300339306542254,-11.619888475836431,1140000000.0,7367000000.0,-17961000000.0,43264000000.0,6294500000.0,6241500000.0,786000000.0,57.81285878300804,71.3314738696418,11.111274221961244,1.5567470956210905,1.2617151324319318,8.09988109393579,0.0368000519682993,0.1842804036112586,2008-05-06,0.51,bmo,7514509803.0,2025-04-25,2008-03-31,0.1372549019607842,32.76609375,12865155.140625
2007-12-31,DIS,USD,1744489,2007-12-31,2007-12-30 19:00:00,2008,Q1,10452000000.0,8419000000.0,2033000000.0,0.1945082281,0,0.0,0.0,0.0,0.0,0.0,8419000000.0,0.0,0.0,385000000.0,2418000000.0,0.2313432836,2033000000.0,0.1945082281,0.0,2033000000.0,0.1945082281,759000000.0,1250000000.0,0.119594336,0.66,0.63,1904000000,1989000000,,,5.489495798319328,0.6565126050420168,0.3476890756302521,0.2169117647058823,1.7930672268907564,16.652836134453782,1.163340336134454,15.955882352941176,8.26155462184874,61461120000.0,73777120000.0,12.292224,5.880321469575201,92.84157099697886,148.81627118644067,2.023078341013825,2.023078341013825,7.058660543436663,30.511629445822997,111.4458006042296,178.63709443099273,0.0203380608749075,0.0067196953130694,0.5177748518762344,0.2505894347798381,5.093465674110836,1.0714689493660663,0.0,0.5296,0.0108426270136307,0.53312,0.0,0.0,0.4698273115401771,0.3761329305135951,0.0238231917336394,0.6467532467532467,0.0,15.352291441626898,0.0238872014099823,0.0375600961538461,-11.57563025210084,885000000.0,2215000000.0,-17797000000.0,47733000000.0,6013000000.0,5540000000.0,686000000.0,60.223880597014926,75.72870887278773,7.814467276398622,1.4944237918215613,1.1884528514963295,11.517099863201096,0.0411454904542462,0.1307773109243697,2008-02-05,0.52,bmo,8241000000.0,2025-04-25,2007-12-31,0.2115384615384615,31.096557377049184,13323888.885245902
2007-09-30,DIS,USD,1744489,2007-09-30,2007-09-29 20:00:00,2007,Q4,8930000000.0,7359000000.0,1571000000.0,0.1759238522,0,0.0,0.0,0.0,0.0,0.0,7359000000.0,0.0,0.0,392000000.0,1963000000.0,0.2198208287,1571000000.0,0.1759238522,-67000000.0,1504000000.0,0.1684210526,521000000.0,877000000.0,0.0982082867,0.46,0.46,1904000000,1904000000,,,4.690126050420168,0.4606092436974789,0.8230042016806722,0.5183823529411765,1.9275210084033616,16.831932773109244,1.2321428571428572,16.151785714285715,8.112394957983193,65973600000.0,77749600000.0,18.806613454960093,7.387861142217245,42.1018506700702,66.84255319148936,2.145273631840796,2.145273631840796,8.70656215005599,39.60753948038716,49.61684747925973,78.77365754812563,0.0132931960663053,0.014960529666412,0.502259942119468,0.2535123424369748,5.9989811512990325,0.993240277411992,0.0,1.7867730900798175,0.0,0.0,0.0,0.0,0.4874934348739496,0.370134014039566,0.0649496080627099,1.479591836734694,0.0,12.938021121870609,0.019440531618809,0.028085569717543,-11.090073529411764,-77000000.0,2346000000.0,-17566000000.0,47058000000.0,5085500000.0,4566500000.0,624500000.0,50.71444568868981,48.87077048512026,7.839380350591113,1.7746422893481717,1.841591591591592,11.4804992199688,0.0285175430039345,0.3046218487394957,2007-11-08,0.41,bmo,8712195121.0,2025-04-25,2007-09-30,0.024390243902439,33.44109375,9182992.765625
2007-06-30,DIS,USD,1744489,2007-06-30,2007-06-29 20:00:00,2007,Q3,9045000000.0,7022000000.0,2023000000.0,0.2236594804,0,0.0,0.0,0.0,0.0,0.0,7022000000.0,0.0,0.0,367000000.0,2390000000.0,0.2642343836,2023000000.0,0.2236594804,4000000.0,2027000000.0,0.2241017137,762000000.0,1178000000.0,0.1302377004,0.59,0.57,1982000000,2070000000,,,4.563572149344097,0.5943491422805247,0.5519677093844602,0.3299697275479313,1.7477295660948535,16.528254288597378,1.684661957618567,15.921796165489404,6.899596367305752,67665480000.0,77876480000.0,14.360246179966044,7.48098175787728,61.85144424131627,103.4640366972477,2.1442304401559085,2.1442304401559085,8.609892758430071,32.58430125523012,71.18508226691043,119.07718654434252,0.0174091722987851,0.0096651941285275,0.4333428399404253,0.2291886637504818,4.272384937238494,1.1333682556312206,0.0,0.928692699490662,0.0,0.0,0.0,0.0,0.4930698711180384,0.4021937842778793,0.048645660585959,1.1989100817438691,0.0,14.591774485195057,0.0242467437448257,0.0389460111746619,-9.730449041372353,1273000000.0,3339000000.0,-16090000000.0,47758000000.0,5044000000.0,5266500000.0,615000000.0,51.13432835820896,65.84021646254628,7.792651666191968,1.7600700525394046,1.3669456881448316,11.549342105263158,0.0373292771809741,0.2219979818365287,2007-08-01,0.55,bmo,8551636363.0,2025-04-25,2007-06-30,0.0545454545454543,33.91555555555555,10287664.952380951
2007-03-31,DIS,USD,1744489,2007-03-31,2007-03-30 20:00:00,2007,Q2,8073000000.0,6540000000.0,1533000000.0,0.1898922334,0,0.0,0.0,0.0,0.0,0.0,6540000000.0,0.0,0.0,362000000.0,1895000000.0,0.2347330608,1533000000.0,0.1898922334,-9000000.0,1524000000.0,0.1887774062,590000000.0,931000000.0,0.1153226805,0.46,0.44,2039000000,2129000000,,,3.959293771456597,0.4565963707699852,1.1005394801373225,0.9529180971064248,1.0701324178518885,16.121137812653263,1.0156939676311918,15.567925453653752,6.223148602256008,70080430000.0,80587430000.0,18.81859022556391,8.680841075188901,31.230138146167555,36.06815748841997,2.207744384588728,2.207744384588728,9.982339898426854,42.52634828496042,35.912401960784315,41.47577457539887,0.0132847358385215,0.0277252865029509,0.399741675329994,0.2128848250985655,5.544591029023747,0.9257565437384452,0.0,2.41031149301826,0.0,0.0,0.0,0.0,0.5167351732237229,0.1341354723707664,0.0372847764152112,0.8314917127071824,0.0,12.646573089478018,0.0181629661111507,0.0323207776427703,-10.068293281020107,-763000000.0,2071000000.0,-17220000000.0,47071000000.0,5631000000.0,6156000000.0,646000000.0,55.17279821627648,74.25688073394495,8.559633027522935,1.6312386340674885,1.2120088954781318,10.514469453376206,0.0293293009482405,0.1476213830308975,2007-05-08,0.38,bmo,7010763157.0,2025-04-25,2007-03-31,0.131578947368421,35.04396825396825,10240522.555555556
2006-12-31,DIS,USD,1744489,2006-12-31,2006-12-30 19:00:00,2007,Q1,9725000000.0,8009000000.0,1716000000.0,0.1764524422,0,0.0,0.0,0.0,0.0,0.0,8009000000.0,0.0,0.0,370000000.0,2048000000.0,0.2105912596,1716000000.0,0.1764524422,1016000000.0,2732000000.0,0.2809254499,1026000000.0,1701000000.0,0.1749100257,0.83,0.79,2059000000,2148000000,,,4.723166585721224,0.8261291889266634,0.2506070908207868,0.131617289946576,1.183584264205925,16.447790189412338,1.5954346770276833,15.788246721709568,6.016512870325401,70438390000.0,80389390000.0,10.352497060552617,7.243022107969152,136.50850775193797,259.920258302583,2.166801710348222,2.166801710348222,8.26626118251928,39.2526318359375,155.79339147286822,296.639815498155,0.0241487631957516,0.0038473338189586,0.3810754275870555,0.203105274375748,4.85888671875,1.0498724851232644,0.0,0.3033509700176366,0.0089394913767904,0.3701842328042328,0.0,0.0,0.5013854048825275,0.4748062015503876,0.0251928020565552,0.6621621621621622,0.0,17.130979476449955,0.020541701008134,0.0559318689990793,-9.529018941233607,528000000.0,3285000000.0,-16012000000.0,48253000000.0,5510000000.0,6416500000.0,682000000.0,58.42365038560411,77.71756773629666,7.529029841428392,1.54047204181847,1.1580393290919606,11.953731343283582,0.0523255813953488,0.1189898008742107,2007-02-07,0.39,bmo,7231410256.0,2025-04-25,2006-12-31,0.2564102564102563,34.62672131147541,11008556.147540985
2006-09-30,DIS,USD,1744489,2006-09-30,2006-09-29 20:00:00,2006,Q4,8784000000.0,7441000000.0,1343000000.0,0.1528916211,0,0.0,0.0,0.0,0.0,0.0,7441000000.0,0.0,0.0,348000000.0,1691000000.0,0.1925091075,1343000000.0,0.1528916211,-33000000.0,1310000000.0,0.1491347905,446000000.0,782000000.0,0.0890255009,0.38,0.38,2059000000,2059000000,,,4.266148615832929,0.3797960174842156,1.1699854298203012,0.9130645944633318,1.17095677513356,16.106362311801846,1.2219524040796503,15.454103933948518,6.568722680913065,63520150000.0,74634150000.0,20.306953324808184,7.231346766848816,26.3678497301785,33.78731382978724,1.9962335009428032,1.9962335009428032,8.496601775956284,44.13610289769368,30.981382316313823,39.69901595744681,0.0123110540513522,0.0295969074380334,0.4250471401634192,0.2254241808060268,6.57244234180958,0.9365328109696376,0.0,3.080562659846547,0.0,0.0,0.0,0.0,0.5108003600120004,0.2195931921959319,0.0602231329690346,1.5201149425287357,0.0,11.491808403283096,0.0168813585953151,0.0266430445299989,-9.978994657600778,-648000000.0,2516000000.0,-17273000000.0,47166000000.0,4725000000.0,5364000000.0,667500000.0,48.22745901639344,71.56699368364467,8.394033060072571,1.8661567877629064,1.2575629541997635,10.721902017291066,0.0245757385292269,0.2569208353569694,2006-11-09,0.34,bmo,8267294117.0,2025-04-25,2006-09-30,0.0588235294117645,32.67619047619048,8608487.555555556
2006-06-30,DIS,USD,1744489,2006-06-30,2006-06-29 20:00:00,2006,Q3,8620000000.0,6832000000.0,1788000000.0,0.207424594,0,0.0,0.0,0.0,0.0,0.0,6832000000.0,0.0,0.0,362000000.0,2096000000.0,0.2431554524,1788000000.0,0.207424594,21000000.0,1809000000.0,0.2098607889,611000000.0,1125000000.0,0.1305104408,0.54,0.53,2071000000,2147000000,,,4.162240463544181,0.5432158377595364,0.7088363109608885,0.5601158860453888,0.9430226943505552,16.31578947368421,1.3621438918396909,15.709319169483342,6.115886045388701,62026450000.0,72739450000.0,13.783655555555557,7.1956438515081205,42.25235013623978,53.471077586206896,1.906511649351448,1.906511649351448,8.438451276102088,34.70393606870229,49.5500340599455,62.70642241379311,0.0181374236313701,0.018701699033235,0.3893157927091658,0.2133867951547416,5.111164122137405,0.9801090792428616,0.0,1.304888888888889,0.0,0.0,0.0,0.0,0.5217413278972994,0.2098092643051771,0.0357308584686775,0.850828729281768,0.0,13.856583161041682,0.0224694081177348,0.0396294208820628,-9.529816513761467,-186000000.0,2821000000.0,-16402000000.0,47789000000.0,4735000000.0,4953000000.0,642000000.0,49.52088167053364,63.37675644028104,8.444086651053865,1.81741513809825,1.4200789856578673,10.658346333853354,0.0345792094424294,0.1487204249154997,2006-08-09,0.44,bmo,6856818181.0,2025-04-25,2006-06-30,0.2045454545454546,29.67873015873016,9731869.126984129
2006-03-31,DIS,USD,1744489,2006-03-31,2006-03-30 19:00:00,2006,Q2,8027000000.0,6841000000.0,1186000000.0,0.1477513392,0,0.0,0.0,0.0,0.0,0.0,6841000000.0,0.0,0.0,357000000.0,1543000000.0,0.1922262365,1186000000.0,0.1477513392,-37000000.0,1149000000.0,0.1431418961,404000000.0,733000000.0,0.0913168058,0.38,0.37,1924000000,1990000000,,,4.172037422037422,0.380977130977131,0.8326403326403327,0.6980249480249481,1.0556133056133057,14.097713097713097,3.8601871101871104,13.487525987525988,6.664241164241164,53564160000.0,64355160000.0,18.26881309686221,6.672998629625016,33.43580524344569,39.883961280714814,2.064129479768786,2.064129479768786,8.017336489348448,41.707815942968246,40.17176029962547,47.91895755770663,0.0136845233827992,0.0250727352020455,0.4941040462427745,0.2391093540205878,6.99351911860013,1.0207034963557622,0.0,2.1855388813096863,0.0,0.0,0.0,0.0,0.3673168730419215,0.1616729088639201,0.032266101906067,0.7254901960784313,0.0,10.75243583942312,0.0165516665186782,0.0216052111887287,-10.708030145530143,196000000.0,7427000000.0,-16837000000.0,36612000000.0,4996000000.0,5497500000.0,627000000.0,52.99987542045596,67.02967402426546,8.459289577547143,1.698117199069177,1.3426889106967614,10.63919129082426,0.0282466281310211,0.1346153846153846,2006-05-09,0.31,bmo,6473387096.0,2025-04-25,2006-03-31,0.1935483870967742,28.94873015873016,11655405.095238095
2005-12-31,DIS,USD,1744489,2005-12-31,2005-12-30 19:00:00,2006,Q1,8854000000.0,7693000000.0,1161000000.0,0.1311271742,0,0.0,0.0,0.0,0.0,0.0,7693000000.0,0.0,0.0,369000000.0,1530000000.0,0.1728032528,1161000000.0,0.1311271742,18000000.0,1179000000.0,0.1331601536,429000000.0,734000000.0,0.082900384,0.38,0.37,1940000000,1999000000,,,4.563917525773196,0.3783505154639175,0.2984536082474227,0.1938144329896907,0.9376288659793814,13.731443298969072,3.584536082474227,13.067525773195875,6.805670103092783,46424200000.0,57808200000.0,15.812057220708446,5.243302462163994,80.17996545768567,123.4686170212766,1.8312571496193444,1.8312571496193444,6.529049017393269,37.78313725490196,99.84145077720208,153.74521276595743,0.0158107194092736,0.0080992241115625,0.5208078576781981,0.2460171054838168,7.440522875816994,0.9583821805392732,0.0,0.7888283378746594,0.0111307981613038,0.7040032697547683,0.0,0.0,0.3667989639815902,0.3506044905008635,0.0229274903998192,0.5501355013550135,0.0,10.54714961602662,0.0159911143947301,0.0215996704137484,-10.801417525773196,-426000000.0,6954000000.0,-17218000000.0,35980000000.0,4925000000.0,5619500000.0,618500000.0,53.51818387169641,69.02378785909268,7.14805667489926,1.6816714150047485,1.3038983050847457,12.590834697217677,0.0289534929588576,0.1046391752577319,2006-02-06,0.3,bmo,7378333333.0,2025-04-25,2005-12-31,0.1666666666666666,26.70274193548387,12458673.35483871
2005-09-30,DIS,USD,1744489,2005-09-30,2005-09-29 20:00:00,2005,Q4,7734000000.0,7321000000.0,413000000.0,0.0534005689,0,0.0,0.0,0.0,0.0,0.0,7321000000.0,0.0,0.0,341000000.0,754000000.0,0.0974915956,413000000.0,0.0534005689,-119000000.0,294000000.0,0.0380139643,-53000000.0,261000000.0,0.0337470908,0.13,0.13,1940000000,1940000000,,,3.98659793814433,0.1345360824742268,0.6793814432989691,0.3515463917525773,0.8881443298969072,14.15360824742268,3.99639175257732,13.510309278350515,6.426288659793815,46734600000.0,57478600000.0,44.76494252873563,6.042746314972847,35.4587253414264,68.52580645161291,1.7830827928271653,1.7830827928271653,7.431936901991207,76.2315649867374,43.61047040971168,84.27947214076246,0.0055847273754349,0.0145930424139716,0.4756581457458985,0.2345272583618646,14.249336870026523,0.9647687609075044,0.0,5.049808429118774,0.0,0.0,0.0,0.0,0.3706873847774559,0.4825493171471927,0.082234290147401,1.865102639296188,0.0,6.395040412288316,0.0105281291782371,0.0078019908528383,-10.425386597938145,-323000000.0,7753000000.0,-16855000000.0,36350000000.0,4727500000.0,5085000000.0,618500000.0,53.35531419705198,65.6344761644584,7.695669990438464,1.68680479825518,1.3712305675220078,11.694888178913738,0.0099580312857687,0.3278350515463917,2005-11-17,0.18,bmo,5585666666.0,2025-04-25,2005-09-30,0.2777777777777779,24.505714285714287,8358125.920634921
2005-06-30,DIS,USD,1744489,2005-06-30,2005-06-29 20:00:00,2005,Q3,7715000000.0,6369000000.0,1346000000.0,0.1744653273,0,0.0,0.0,0.0,0.0,0.0,6369000000.0,0.0,0.0,347000000.0,1632000000.0,0.2115359689,1346000000.0,0.1744653273,15000000.0,1361000000.0,0.1764095917,463000000.0,851000000.0,0.1103046014,0.4,0.39,2031000000,2096000000,,,3.7986213687838495,0.4190054160512063,0.8872476612506155,0.6834071885770556,1.0014771048744462,13.88823239783358,4.155096011816839,13.3205317577548,6.171344165435746,51039030000.0,61539030000.0,14.993839600470036,6.615558003888529,28.32354605993341,36.77163544668588,1.8865613218008428,1.8865613218008428,7.976543097861309,37.70773897058824,34.1504051054384,44.33647694524496,0.016673514367338,0.0271948741972564,0.4632956309603016,0.2325762636383878,6.4338235294117645,1.1831757093081134,0.0,2.117508813160987,0.0,0.0,0.0,0.0,0.36680768945298,0.2297447280799112,0.0536616979909267,1.1930835734870318,0.0,11.206290037366538,0.0187106892560843,0.0249384597350838,-9.696208764155587,1472000000.0,8439000000.0,-16177000000.0,37930000000.0,5112000000.0,5046000000.0,638000000.0,56.81140635126377,68.26660386245878,8.634008478568063,1.5841889117043122,1.3183605878700062,10.423895253682488,0.0314556073039107,0.2038404726735598,2005-08-09,0.38,bmo,6902894736.0,2025-04-25,2005-06-30,0.1052631578947368,25.10375,7940780.75
2005-03-31,DIS,USD,1744489,2005-03-31,2005-03-30 19:00:00,2005,Q2,7829000000.0,6655000000.0,1174000000.0,0.1499552944,0,0.0,0.0,0.0,0.0,0.0,6655000000.0,0.0,0.0,327000000.0,1439000000.0,0.1838038064,1174000000.0,0.1499552944,16000000.0,1190000000.0,0.1519989782,438000000.0,698000000.0,0.0891557032,0.32,0.31,2044000000,2114000000,,,3.830234833659491,0.3414872798434442,0.485812133072407,0.2773972602739726,0.9496086105675148,13.720156555772997,4.046477495107632,13.1912915851272,6.451565557729941,58621920000.0,69867920000.0,20.996389684813757,7.487791544258526,59.035166163142,103.38962962962962,2.174161628898861,2.174161628898861,8.924245752969728,48.553106323836,70.36044310171198,123.22384479717812,0.0119068089206221,0.0096721499398177,0.4890776248933724,0.2395589223754246,7.815149409312022,1.1845044206607724,0.0,1.4226361031518624,0.0,0.0,0.0,0.0,0.3592021363562047,0.4290030211480362,0.0544130795759356,1.3027522935779816,0.0,10.067512668137203,0.0154643989583993,0.0197879457957702,-10.134050880626225,1586000000.0,8271000000.0,-16821000000.0,38155000000.0,5344000000.0,5760000000.0,661500000.0,61.54809043300549,71.1480090157776,8.993238166791885,1.462271199103474,1.264968637141228,10.007518796992482,0.0258873270778474,0.2084148727984344,2005-05-11,0.32,bmo,7829000000.0,2025-04-25,2005-03-31,0.0,27.1278125,6198099.78125
2004-12-31,DIS,USD,1744489,2004-12-31,2004-12-30 19:00:00,2005,Q1,8666000000.0,7492000000.0,1174000000.0,0.1354719594,0,0.0,0.0,0.0,0.0,0.0,7492000000.0,0.0,0.0,324000000.0,1442000000.0,0.1663974152,1174000000.0,0.1354719594,-32000000.0,1142000000.0,0.1317793676,393000000.0,723000000.0,0.0834294946,0.34,0.33,2042000000,2107000000,,,4.243878550440744,0.3540646425073457,0.0763956904995102,-0.093535749265426,1.060724779627816,13.342311459353574,3.660137120470128,12.897159647404504,6.715964740450539,56665500000.0,68213500000.0,19.59387966804979,6.538829909993076,363.24038461538464,-296.6780104712042,2.1516365431348725,2.1516365431348725,7.871393953381029,47.30478502080444,437.2660256410256,-357.1387434554974,0.0127590862164809,-0.0033706576311865,0.520732077764277,0.2473263719814604,8.008321775312067,0.9213423295454546,0.0,0.2157676348547718,0.0085318918918918,0.6686914522821577,0.0,0.0,0.3565618856967664,2.2243589743589745,0.0400415416570505,1.0709876543209875,0.0,10.136302824411125,0.016179612120311,0.0202645888222434,-10.630999020568073,-886000000.0,7474000000.0,-17826000000.0,35712000000.0,4946000000.0,5941000000.0,716500000.0,55.39579967689822,75.18820074746395,7.9044313934863855,1.6246719160104988,1.19699632529158,11.386018237082068,0.0274529161603888,0.1699314397649363,2005-01-31,0.29,bmo,7171862068.0,2025-04-25,2004-12-31,0.1724137931034484,28.36622950819672,6919979.049180328
2004-09-30,DIS,USD,1744489,2004-09-30,2004-09-29 20:00:00,2004,Q4,7543000000.0,6792000000.0,751000000.0,0.0995625083,0,0.0,0.0,0.0,0.0,0.0,6792000000.0,0.0,0.0,330000000.0,1081000000.0,0.1433116797,751000000.0,0.0995625083,-104000000.0,647000000.0,0.0857748906,65000000.0,516000000.0,0.0684077953,0.25,0.25,2042000000,2042000000,,,3.6939275220372174,0.2526934378060724,0.4735553379040156,0.2125367286973555,1.0,13.16307541625857,3.4760039177277178,12.77228207639569,6.77130264446621,45965420000.0,57750420000.0,22.270067829457368,6.093784966193822,47.53404343329887,105.9111059907834,1.762410183658602,1.762410183658602,7.656160678775024,53.42314523589269,59.721220268872806,133.06548387096774,0.0112258302001809,0.009441880439687,0.5301560522986082,0.2565210938369633,10.901942645698428,0.847183289628357,0.0,1.874031007751938,0.0,0.0,0.0,0.0,0.3669808170383288,0.5511892450879007,0.0706615405011268,1.6151515151515152,0.0,8.521626429065606,0.0143930411077704,0.015122651739398,-10.36973555337904,-1690000000.0,7098000000.0,-17654000000.0,34573000000.0,4543500000.0,5520500000.0,737000000.0,54.38419726899112,74.50971731448763,10.269434628975263,1.654892496709083,1.20789614085008,8.763870967741935,0.0197845174648211,0.2610186092066601,2004-11-18,0.18,bmo,7123944444.0,2025-04-25,2004-09-30,0.0555555555555556,26.241875,6194522.734375
2004-06-30,DIS,USD,1744489,2004-06-30,2004-06-29 20:00:00,2004,Q3,7471000000.0,6375000000.0,1096000000.0,0.1467005756,0,0.0,0.0,0.0,0.0,0.0,6375000000.0,0.0,0.0,323000000.0,1416000000.0,0.1895328604,1096000000.0,0.1467005756,-81000000.0,1015000000.0,0.1358586535,365000000.0,604000000.0,0.0808459376,0.29,0.29,2053000000,2111000000,,,3.639064783244033,0.2942036044812469,0.4378957622990745,0.2303945445689235,1.472479298587433,12.74135411592791,3.1125182659522648,12.4164637116415,7.095957135898685,52228320000.0,63773320000.0,21.617682119205305,6.990807120867354,58.09601779755284,110.41928118393234,2.048892550311875,2.048892550311875,8.536115647169053,45.03765536723163,70.93806451612903,134.82731501057083,0.0115646070943886,0.0090563893305394,0.5714958220548428,0.2670039038873921,8.153248587570621,0.8362395130778089,0.0,1.4884105960264902,0.0,0.0,0.0,0.0,0.3623100749619691,0.4738598442714127,0.0570204791861865,1.3188854489164086,0.0,9.065968703050956,0.0147393250841526,0.0173598137556405,-10.537627861665856,-1991000000.0,6390000000.0,-18236000000.0,34025000000.0,4570500000.0,5578000000.0,720500000.0,54.558961317092766,76.48941176470589,9.868235294117648,1.6495915213071315,1.1766334440753046,9.120171673819742,0.0236946373229767,0.207501217730151,2004-08-10,0.27,bmo,6364185185.0,2025-04-25,2004-06-30,0.148148148148148,22.971875,6114541.484375
2004-03-31,DIS,USD,1744489,2004-03-31,2004-03-30 19:00:00,2004,Q2,7189000000.0,6153000000.0,1036000000.0,0.1441090555,0,0.0,0.0,0.0,0.0,0.0,6153000000.0,0.0,0.0,284000000.0,1315000000.0,0.1829183475,1036000000.0,0.1441090555,-73000000.0,963000000.0,0.1339546529,357000000.0,537000000.0,0.0746974544,0.26,0.26,2048000000,2110000000,,,3.51025390625,0.26220703125,1.357421875,1.23046875,1.537109375,12.44775390625,2.80859375,12.08984375,7.47802734375,51097600000.0,63264600000.0,23.788454376163877,7.107747948254278,18.38043165467625,20.2768253968254,2.063715670436187,2.063715670436187,8.800194741966894,48.10996197718631,22.75705035971223,25.105,0.0105092998496993,0.049317384769539,0.6185379644588045,0.2779693625671555,9.252471482889732,0.8412648716343143,0.0,5.176908752327747,0.0,0.0,0.0,0.0,0.3583018730942355,0.0935251798561151,0.0361663652802893,0.9154929577464788,0.0,8.445468954071586,0.013674910741789,0.0151887993211709,-11.04736328125,-2028000000.0,5752000000.0,-18855000000.0,33991000000.0,5141000000.0,5844000000.0,701000000.0,57.73821115593268,83.9297903461726,10.853242320819112,1.5587597571552472,1.0723248518647612,8.29245283018868,0.0216882067851373,0.126953125,2004-05-12,0.21,bmo,5477333333.0,2025-04-25,2004-03-31,0.2380952380952382,24.260161290322586,8469418.64516129
2003-12-31,DIS,USD,1744489,2003-12-31,2003-12-30 19:00:00,2004,Q1,8549000000.0,7384000000.0,1165000000.0,0.1362732483,0,0.0,0.0,0.0,0.0,0.0,7384000000.0,0.0,0.0,273000000.0,1438000000.0,0.1682068078,1165000000.0,0.1362732483,-51000000.0,1114000000.0,0.1303076383,410000000.0,688000000.0,0.0804772488,0.34,0.33,2045000000,2099000000,,,4.180440097799511,0.3364303178484107,-0.0009779951100244,-0.1026894865525672,0.7149144254278729,11.96968215158924,2.314914425427873,11.752567237163817,6.434718826405868,47628050000.0,59325050000.0,17.306704215116277,5.571183764182946,-23814.025,-226.8002380952381,1.981694682533078,1.981694682533078,6.939413966545795,41.25525034770514,-29662.525,-282.5002380952381,0.0144452691218725,-0.0044091664470831,0.5475160189731214,0.2554153726708074,8.134214186369958,1.0545264259549971,0.0,-0.002906976744186,0.0088952340060111,0.6157887354651163,0.0,0.0,0.3832298136645963,-104.0,0.0243303310328693,0.7619047619047619,0.0,9.432030452162008,0.0166203084297687,0.0216515609264854,-10.267726161369191,521000000.0,4734000000.0,-16966000000.0,32835000000.0,4954000000.0,5022500000.0,681500000.0,59.69119195227512,72.5216684723727,8.04442036836403,1.5077601410934744,1.2410084033613444,11.187878787878788,0.028626113006574,0.1017114914425427,2004-02-11,0.23,bmo,7972871739.0,2025-04-25,2003-12-31,0.4347826086956521,25.21677419354839,12846463.306451611
2003-09-30,DIS,USD,1744489,2003-09-30,2003-09-29 20:00:00,2003,Q4,7088000000.0,6315000000.0,773000000.0,0.1090575621,0,0.0,0.0,0.0,4000000.0,4000000.0,6319000000.0,0.0,0.0,251000000.0,1020000000.0,0.1439051919,769000000.0,0.108493228,-61000000.0,708000000.0,0.0998871332,198000000.0,382000000.0,0.0538939052,0.19,0.19,2045000000,2045000000,,,3.4660146699266505,0.1867970660146699,0.6484107579462103,0.4836185819070904,0.7740831295843521,11.843031784841076,2.1843520782396086,11.633740831295844,6.405867970660147,41165850000.0,52682850000.0,26.941001308900525,5.807823081264108,31.04513574660633,41.6237108190091,1.7303118826446977,1.7303118826446977,7.432681997742663,51.64985294117647,39.73065610859729,53.26880687563195,0.009279536314688,0.024024768102687,0.5506283888865537,0.2620628950948228,11.291176470588235,0.959049486676664,0.0,3.471204188481676,0.0,0.0,0.0,0.0,0.3951348323597663,0.2541478129713423,0.0475451467268623,1.342629482071713,0.0,6.992556379206065,0.012653981130439,0.0126339462891916,-10.100733496332518,-355000000.0,4467000000.0,-17455000000.0,32075000000.0,4204500000.0,4302000000.0,662500000.0,53.81207674943567,58.36104513064132,10.019002375296912,1.6724870221802737,1.5421245421245422,8.982930298719772,0.0160564919507376,0.1647921760391198,2003-11-20,0.15,bmo,6142933333.0,2025-04-25,2003-09-30,0.1333333333333334,22.46390625,7109086.296875
2003-06-30,DIS,USD,1744489,2003-06-30,2003-06-29 20:00:00,2003,Q3,6175000000.0,5446000000.0,729000000.0,0.1180566802,0,0.0,0.0,0.0,2000000.0,2000000.0,5448000000.0,0.0,0.0,284000000.0,1230000000.0,0.1991902834,727000000.0,0.1177327935,137000000.0,662000000.0,0.1072064777,247000000.0,400000000.0,0.0647773279,0.25,0.24,2043000000,2084000000,,,3.022515907978463,0.1957905041605482,0.3162016642192853,0.1869799314733235,0.6705824767498776,11.904062652961333,2.232501223690651,11.7141458639256,6.809104258443465,40267530000.0,52808530000.0,25.16720625,6.521057489878543,62.33363777089784,105.41238219895288,1.682581063011867,1.682581063011867,8.551988663967611,42.93376422764228,81.74695046439628,138.24222513089006,0.0099335618549238,0.0094865515714522,0.5812719371552733,0.2781866176058873,10.195934959349591,1.0605616930653534,0.0,1.615,0.0,0.0,0.0,0.0,0.3951325840899092,0.4086687306501548,0.0427530364372469,0.9295774647887324,0.0,7.183604025935336,0.0102766242928423,0.0132244520117697,-10.218673519334311,455000000.0,4561000000.0,-17718000000.0,32840000000.0,4276500000.0,4730500000.0,625500000.0,60.791902834008106,74.51524054351817,10.279103929489532,1.4804603212658836,1.207806609004214,8.755627009646302,0.0167140230653518,0.1292217327459618,2003-07-31,0.16,bmo,5017187500.0,2025-04-25,2003-06-30,0.1875,21.03296875,8677700.53125
2003-03-31,DIS,USD,1744489,2003-03-31,2003-03-30 19:00:00,2003,Q2,6332000000.0,5779000000.0,553000000.0,0.0873341756,0,0.0,0.0,0.0,7000000.0,7000000.0,5786000000.0,0.0,0.0,276000000.0,822000000.0,0.1298168035,546000000.0,0.0862286797,41000000.0,419000000.0,0.0661718256,157000000.0,229000000.0,0.0361655085,0.15,0.15,2042000000,2043000000,,,3.100881488736533,0.1121449559255631,0.6576885406464251,0.5328109696376102,0.8579823702252694,11.753672869735553,2.084231145935357,11.513222331047992,7.2051909892262485,34693580000.0,47654580000.0,37.87508733624454,5.479087176247631,25.832896500372296,31.88748161764705,1.4756945980433858,1.4756945980433858,7.525991787744788,57.97394160583941,35.48367833209233,43.80016544117647,0.0066006448455304,0.0313602689604243,0.625818800510421,0.2898770588698873,15.767639902676398,1.0962803643724697,0.0,5.864628820960698,0.0,0.0,0.0,0.0,0.3890180471274332,0.189873417721519,0.0402716361339229,0.9239130434782608,0.0,5.389885967692007,0.0076493376611064,0.0073844764760891,-10.480901077375124,761000000.0,4256000000.0,-18090000000.0,33241000000.0,4573500000.0,5313500000.0,630000000.0,62.28363866077069,77.12060910192075,9.79581242429486,1.4450022820629849,1.1670032310177707,9.187599364069952,0.0097405359421522,0.1248775710088148,2003-05-01,0.11,bmo,6332000000.0,2025-04-25,2003-03-31,0.0,18.923809523809524,9495118.253968254
2002-12-31,DIS,USD,1744489,2002-12-31,2002-12-30 19:00:00,2003,Q1,7466000000.0,6790000000.0,676000000.0,0.0905437986,0,0.0,0.0,0.0,5000000.0,5000000.0,6795000000.0,0.0,0.0,266000000.0,937000000.0,0.125502277,671000000.0,0.0898740959,-206000000.0,465000000.0,0.0622823466,187000000.0,256000000.0,0.0342887758,0.02,0.02,2042000000,2044000000,,,3.656219392752204,0.1253672869735553,-0.2027424094025465,-0.2972575905974535,0.6758080313418218,11.627815866797258,1.959843290891283,11.403036238981391,7.296278158667972,33243760000.000004,46762760000.0,32.464609375,4.452686847039915,-80.29893719806763,-54.767314662273485,1.427689929138931,1.427689929138931,6.263428877578355,49.906894343649945,-112.95352657004833,-77.03914332784184,0.0077006933030439,-0.0182590657615143,0.6398539832510199,0.292849280603821,14.427961579509072,1.048373544592486,0.0,-1.6171875,0.0127254299754299,1.652504453125,0.0,0.0,0.3880415126975391,-0.466183574879227,0.0258505223680685,0.7255639097744361,0.0,5.671443698230655,0.0090421951819522,0.0082225220016702,-10.706537708129286,403000000.0,4002000000.0,-18398000000.0,32858000000.0,4407000000.0,4747500000.0,664000000.0,57.44039646397,75.22091310751104,8.363770250368189,1.5668415529905562,1.19647577092511,10.760697305863708,0.0109942022761434,0.0945151811949069,2003-01-30,0.16,bmo,6999375000.0,2025-04-25,2002-12-31,0.0625,16.97229508196721,7603577.737704918
2002-09-30,DIS,USD,1744489,2002-09-30,2002-09-29 20:00:00,2002,Q4,6662000000.0,6263000000.0,399000000.0,0.0598919243,0,0.0,0.0,0.0,7000000.0,7000000.0,6270000000.0,0.0,0.0,267000000.0,659000000.0,0.0989192435,392000000.0,0.0588411888,-103000000.0,289000000.0,0.0433803663,96000000.0,175000000.0,0.0262683879,0.0857,0.0857,2042000000,2042000000,,,3.2624877571008817,0.0857002938295788,0.3628795298726738,0.1934378060724779,0.6067580803134183,11.69392752203722,1.9686581782566115,11.481390793339862,6.919686581782566,30854620000.0,43745620000.0,44.07802857142857,4.631435004503152,41.6391632928475,78.11296202531645,1.316042653017701,1.316042653017701,6.566439507655359,66.38182094081942,59.03592442645074,110.74840506329114,0.0056717600151938,0.0128019726057232,0.6026871401151631,0.2823458887001698,19.561456752655538,1.0038368077759303,0.0,4.234285714285714,0.0,0.0,0.0,0.0,0.3968228594265161,0.4669365721997301,0.0519363554488141,1.295880149812734,0.0,4.705217072849304,0.0059647170618612,0.0057973895183197,-10.5493388834476,30000000.0,4020000000.0,-18317000000.0,32669000000.0,3843000000.0,4368000000.0,676500000.0,54.69978985289703,54.89382085262653,10.015966789078716,1.64534452951346,1.6395287958115183,8.985652797704448,0.0074642780976754,0.1694417238001959,2002-11-07,0.11,bmo,6662000000.0,2025-04-25,2002-09-30,0.0,17.178125,8135095.640625
2002-06-30,DIS,USD,1744489,2002-06-30,2002-06-29 20:00:00,2002,Q3,5795000000.0,5043000000.0,752000000.0,0.1297670406,0,0.0,0.0,0.0,9000000.0,9000000.0,5052000000.0,0.0,0.0,264000000.0,1007000000.0,0.1737704918,743000000.0,0.1282139776,-107000000.0,636000000.0,0.1097497843,253000000.0,364000000.0,0.0628127696,0.18,0.18,2041000000,2046000000,,,2.8392944634982853,0.1783439490445859,0.423811856932876,0.2993630573248407,1.0759431651151397,11.626653601175894,1.9353258206761392,11.420382165605096,7.471337579617835,37411530000.0,50464530000.0,25.69473214285714,6.455829163071614,43.25032369942196,61.23,1.6050250976017846,1.6050250976017846,8.708288179465056,50.113733862959286,58.340497109826586,82.59333878887071,0.0097296207880297,0.0163318634656214,0.6542108198549916,0.3036258288035362,12.962264150943396,1.3747680890538034,0.0,2.3763736263736264,0.0,0.0,0.0,0.0,0.3938434581765326,0.2936416184971098,0.0438308886971527,0.9621212121212122,0.0,6.769565070060144,0.0100910134098149,0.0119567716716486,-10.407275845173936,2424000000.0,3950000000.0,-17601000000.0,34944000000.0,3821500000.0,4863500000.0,659500000.0,56.4849007765315,87.73349196906602,11.707317073170731,1.5933461644212263,1.025834011391375,7.6875,0.0156162855549358,0.1244487996080352,2002-08-01,0.17,bmo,5795000000.0,2025-04-25,2002-06-30,0.0,16.20890625,9547795.34375
2002-03-31,DIS,USD,1744489,2002-03-31,2002-03-30 19:00:00,2002,Q2,5904000000.0,5299000000.0,605000000.0,0.1024728997,0,0.0,0.0,0.0,2000000.0,2000000.0,5301000000.0,0.0,0.0,258000000.0,861000000.0,0.1458333333,603000000.0,0.1021341463,-109000000.0,494000000.0,0.0836720867,205000000.0,259000000.0,0.0438685637,0.13,0.13,2039000000,2045000000,,,2.89553702795488,0.1270230505149583,0.6174595389897009,0.4953408533594899,0.9166257969592938,11.535556645414418,1.826875919568416,11.293281020107896,7.666503187837175,46611540000.0,60374540000.0,44.99183397683397,7.894908536585365,37.0226687847498,46.1500396039604,2.02421244625874,2.02421244625874,10.226039972899729,70.12141695702671,47.95436060365369,59.77677227722772,0.0055565638895432,0.0216684537777554,0.6788552568723673,0.3096671949286846,15.984901277584203,1.4439231118510671,0.0,4.861003861003861,0.0,0.0,0.0,0.0,0.3921553090332805,0.1977760127084988,0.0421747967479674,0.9651162790697676,0.0,5.681232931651163,0.0078848280392877,0.0084408812410376,-10.66895537027955,2933000000.0,3725000000.0,-17419000000.0,35559000000.0,4306000000.0,5092000000.0,658500000.0,61.06707317073171,81.7116437063597,11.26061521041706,1.473789316025961,1.1014342132612762,7.992458521870287,0.0112476657836452,0.1221186856302108,2002-04-25,0.1,bmo,4132799999.0,2025-04-25,2002-03-31,0.3,22.7515625,7102027.3125
2001-12-31,DIS,USD,1744489,2001-12-31,2001-12-30 19:00:00,2002,Q1,7048000000.0,6399000000.0,649000000.0,0.0920828604,0,0.0,0.0,0.0,3000000.0,3000000.0,6402000000.0,0.0,0.0,253000000.0,899000000.0,0.127553916,646000000.0,0.0916572077,125000000.0,771000000.0,0.1093927355,299000000.0,438000000.0,0.0621452894,0.21,0.21,2039000000,2040000000,,,3.456596370769985,0.2148111819519372,-0.2839627268268759,-0.4001961745953899,0.4144188327611574,11.388916135360471,1.6542422756253066,11.161844041196664,7.7327121137812656,42166520000.0,57088520000.0,24.067648401826485,5.982763904653803,-72.82645941278066,-51.674656862745096,1.8527404543257613,1.8527404543257613,8.099960272417707,63.502246941045605,-98.59848013816924,-69.96142156862746,0.010387387908701,-0.019351845966895,0.6927808778944593,0.3124529348816932,16.598442714126808,1.3513710618436403,0.0,-1.321917808219178,0.0101502329336165,0.9771689497716894,0.0,0.0,0.3933454876937101,-0.4093264248704663,0.0336265607264472,0.9367588932806324,0.0,7.344930258565051,0.0089099266703029,0.0143076470780387,-11.09048553212359,2409000000.0,3373000000.0,-17975000000.0,35134000000.0,3974500000.0,4498000000.0,662500000.0,58.81668558456301,75.56962025316456,9.19831223628692,1.5301780286582718,1.190954773869347,9.784403669724773,0.0192451337932246,0.1162334477685139,2002-01-31,0.11,bmo,6727636363.0,2025-04-25,2001-12-31,0.3636363636363636,22.83716666666667,7831310.966666667
2001-09-30,DIS,USD,1744489,2001-09-30,2001-09-29 20:00:00,2001,Q4,5812000000.0,5307000000.0,505000000.0,0.0868891948,0,0.0,0.0,0.0,145000000.0,145000000.0,5452000000.0,0.0,0.0,397000000.0,757000000.0,0.1302477632,360000000.0,0.0619408121,-1353000000.0,-993000000.0,-0.1708534067,96000000.0,53000000.0,0.009119064,0.026,0.026,2040000000,2040000000,,,2.8490196078431373,0.0259803921568627,0.4392156862745098,0.1676470588235294,0.3029411764705882,11.300980392156864,4.173529411764706,11.113725490196078,4.788725490196079,36699600000.0,45850600000.0,173.11132075471696,6.31445285615967,40.959375,107.30877192982456,1.6187191249117854,1.6187191249117854,7.888953888506538,60.56882430647292,51.17254464285714,134.06608187134503,0.0014441574295087,0.0093189026583396,0.4308839096683133,0.2235520263621593,12.088507265521796,1.130246020260492,0.0,16.90566037735849,0.0,0.0,0.0,0.0,0.3327307261035722,0.6183035714285714,0.0953200275292498,1.3954659949622166,0.0,2.548848033441353,0.0103057669314689,0.0018176206317089,-8.423651960784314,810000000.0,8514000000.0,-13616000000.0,28257000000.0,3513000000.0,4145500000.0,633000000.0,51.76703372333104,61.44149236856982,11.379310344827587,1.7385581812743045,1.4648081700248412,7.909090909090909,0.0023376852505292,0.2715686274509803,2001-11-08,0.07,bmo,6642285714.0,2025-04-25,2001-09-30,-0.1428571428571429,19.87828125,8703722.5
2001-06-30,DIS,USD,1744489,2001-06-30,2001-06-29 20:00:00,2001,Q3,5975000000.0,4947000000.0,1028000000.0,0.1720502092,0,0.0,0.0,0.0,145000000.0,145000000.0,5092000000.0,0.0,0.0,408000000.0,1291000000.0,0.2160669456,883000000.0,0.1477824268,-152000000.0,751000000.0,0.1256903766,339000000.0,392000000.0,0.0656066946,0.19,0.19,2091000000,2107000000,,,2.857484457197513,0.1874701099952176,0.4146341463414634,0.2496413199426111,1.170731707317073,11.399330463892872,4.336202773792444,11.22620755619321,5.230033476805357,60304440000.0,68792440000.0,38.45946428571428,10.092793305439333,69.55529411764707,115.52574712643678,2.568988668313879,2.568988668313879,11.513379079497907,53.28616576297444,79.34537485582469,131.7862835249042,0.0065003505546191,0.0086560790548755,0.465877140666269,0.2384025113358912,6.5747482571649885,1.5839330543933057,0.0,2.211734693877551,0.0,0.0,0.0,0.0,0.3219611091733519,0.3979238754325259,0.0577405857740585,0.8455882352941176,0.0,6.881352572078064,0.0120050419090457,0.0126032858566697,-7.904471544715447,3489000000.0,9067000000.0,-12572000000.0,30936000000.0,3828500000.0,4740500000.0,586500000.0,55.47615062761506,84.92419648271681,10.824742268041238,1.622318761878903,1.0597686375321336,8.314285714285715,0.0166993269148845,0.1649928263988522,2001-08-02,0.22,bmo,5703409090.0,2025-04-25,2001-06-30,0.0454545454545455,25.125084745762717,9232644.033898303
2001-03-31,DIS,USD,1744489,2001-03-31,2001-03-30 19:00:00,2001,Q2,6049000000.0,5133000000.0,916000000.0,0.1514299884,0,0.0,0.0,0.0,184000000.0,184000000.0,5317000000.0,0.0,0.0,419000000.0,1151000000.0,0.190279385,732000000.0,0.1210117375,-1028000000.0,-296000000.0,-0.0489337081,238000000.0,-567000000.0,-0.0937345016,-0.27,-0.27,2082000000,2098000000,,,2.90537944284342,-0.2723342939481268,0.3928914505283381,0.1815561959654178,0.3184438040345821,11.243996157540826,3.956772334293948,11.04274735830932,4.724303554274736,59441100000.0,68614100000.0,-26.20859788359789,9.826599437923624,72.66638141809291,157.2515873015873,2.5854073333043366,2.5854073333043366,11.343048437758307,59.6125977410947,83.88031784841075,181.51878306878308,-0.0095388544290061,0.0063592362860041,0.427819581575399,0.2212474975819331,7.969591659426586,1.3738143631436317,0.0,-1.4426807760141094,0.0,0.0,0.0,0.0,0.3412735902107655,0.5378973105134475,0.0727392957513638,1.0501193317422437,0.0,,0.0340985221949898,-0.0193614478401912,-8.220220941402498,2207000000.0,8238000000.0,-12936000000.0,29968000000.0,4177500000.0,5154000000.0,572500000.0,59.12712845098364,84.38924605493862,10.134424313267097,1.5221439355812785,1.0664865987949304,8.880622837370241,-0.0246618241920751,0.2113352545629202,2001-04-24,0.14,bmo,4752785714.0,2025-04-25,2001-03-31,0.2142857142857142,30.482857142857146,5191663.73015873
2000-12-31,DIS,USD,1744489,2000-12-31,2000-12-30 19:00:00,2001,Q1,7433000000.0,6283000000.0,1150000000.0,0.1547154581,0,0.0,0.0,0.0,293000000.0,293000000.0,6576000000.0,0.0,0.0,530000000.0,1387000000.0,0.186600296,857000000.0,0.1152966501,-229000000.0,628000000.0,0.0844880936,386000000.0,-36000000.0,-0.0048432665,-0.0173,-0.0171,2082000000,2103000000,,,3.57012487992315,-0.0172910662824207,0.2243035542747358,0.005283381364073,0.5763688760806917,11.45725264169068,3.872718539865514,11.271853986551394,4.954370797310278,58066980000.0,67181980000.0,-403.2429166666666,7.812051661509485,124.34042826552462,5278.816363636363,2.474304584966763,2.474304584966763,9.03833983586708,48.43689978370584,143.8586295503212,6107.452727272727,-0.0006199736924496,0.0001894364060262,0.4395346855292313,0.2252085061787694,6.571737563085796,1.0910983225174482,0.0,-12.97222222222222,0.0075430132581374,-12.166666666666666,0.0,0.0,0.3447666040784245,0.9764453961456104,0.0613480425131171,0.8603773584905661,0.0,,0.0083376309154469,-0.0011995601612741,-8.25108069164265,744000000.0,8063000000.0,-13037000000.0,29049000000.0,3990000000.0,4886500000.0,634500000.0,53.04587649670388,78.71239853573135,8.121916282030877,1.696644601689112,1.1434030937215651,11.081128747795416,-0.0015340037497869,0.2190201729106628,2001-02-06,0.25,bmo,6541039999.0,2025-04-25,2000-12-31,0.1200000000000001,30.14935483870968,6129302.096774193
2000-09-30,DIS,USD,1744489,2000-09-30,2000-09-29 20:00:00,2000,Q4,6116000000.0,4559000000.0,1557000000.0,0.2545781557,0,0.0,0.0,69000000.0,974000000.0,1043000000.0,5602000000.0,0.0,0.0,974000000.0,1488000000.0,0.2432962721,514000000.0,0.0840418574,21000000.0,535000000.0,0.0874754742,368000000.0,167000000.0,0.0273054284,0.0802,0.0802,2082000000,2082000000,,,2.937560038424592,0.0802113352545629,0.7497598463016331,0.3967339097022094,0.404418828049952,11.746397694524497,4.005283381364073,11.575408261287224,4.54418828049952,79490760000.0,88109760000.0,118.99814371257484,12.99718116415958,50.92297245355541,96.23578692493946,3.298371784232365,3.298371784232365,14.40643557880968,59.21354838709677,56.44443305573351,106.67041162227603,0.0021008731077674,0.0103911448324308,0.3925726141078838,0.2101183734203922,5.792338709677419,1.1910259462032848,0.0,9.347305389221557,0.0,0.0,0.0,0.0,0.357940791080907,0.4708520179372197,0.1201765860039241,0.7546201232032854,0.0,4.570642890992175,0.0041006174716457,0.0057765479072985,-8.010926993275696,1605000000.0,8339000000.0,-10564000000.0,30032000000.0,3699500000.0,4448000000.0,678000000.0,52.961085676913015,84.45273086203115,13.858302259267385,1.6993609335926647,1.065684899485741,6.494301994301995,0.0069294605809128,0.3530259365994236,2000-11-09,0.17,bmo,5036705882.0,2025-04-25,2000-09-30,0.1764705882352941,33.119841269841274,5796522.841269841
2000-06-30,DIS,USD,1744489,2000-06-30,2000-06-29 20:00:00,2000,Q3,6051000000.0,4046000000.0,2005000000.0,0.3313501901,0,0.0,0.0,1000000.0,1145000000.0,1146000000.0,5192000000.0,0.0,0.0,1145000000.0,1380000000.0,0.2280614774,859000000.0,0.1419600066,-73000000.0,786000000.0,0.129895885,425000000.0,361000000.0,0.0596595604,0.21,0.21,2078000000,2115000000,,,2.911934552454283,0.1737247353224254,0.7420596727622714,0.5327237728585178,0.3320500481231954,11.626564003849856,3.6304138594802695,11.465832531280077,4.682386910490856,80501720000.0,89541720000.0,55.74911357340721,13.303870434638904,52.20604409857329,72.7206142728094,3.3787341559640733,3.3787341559640733,14.79783837382251,64.8853043478261,58.068560311284045,80.88682926829269,0.0044843762344456,0.0137512589793112,0.4083774028372366,0.2172990597851575,6.550724637681159,1.2979074191502853,0.0,4.271468144044321,0.0,0.0,0.0,0.0,0.371083368693749,0.2821011673151751,0.0718889439762022,0.3799126637554585,0.0,6.694603889650787,0.0100202674376319,0.0128191470473349,-8.060635226179018,2349000000.0,7544000000.0,-10383000000.0,30907000000.0,3889500000.0,4867500000.0,690500000.0,56.51958353991076,102.72367770637668,14.547701433514584,1.5923684210526317,0.8761368557817237,6.186544342507645,0.0151515151515151,0.2093358999037536,2000-08-03,0.24,bmo,5042499999.0,2025-04-25,2000-06-30,0.1666666666666668,38.61698412698413,4106520.555555556
2000-03-31,DIS,USD,1744489,2000-03-31,2000-03-30 19:00:00,2000,Q2,6303000000.0,4405000000.0,1898000000.0,0.3011264477,0,0.0,0.0,38000000.0,1414000000.0,1452000000.0,5857000000.0,0.0,0.0,1414000000.0,1860000000.0,0.2950975726,446000000.0,0.0707599556,-146000000.0,300000000.0,0.0475963827,223000000.0,77000000.0,0.0122164049,-0.08,-0.08,2069000000,2103000000,,,3.046399226679555,0.0372160463992266,0.8443692605123247,0.612373127114548,0.4156597390043499,11.478975350410826,3.261478975350411,11.288545190913483,5.095698405026583,85201420000.0,94884420000.0,276.627987012987,13.517597969221006,48.77013165426445,67.24658247829518,3.647945709881829,3.647945709881829,15.0538505473584,51.013129032258064,54.31277618775043,74.889044988161,0.0009037408061978,0.0148706441747097,0.4514043500599418,0.2312923677686857,5.205913978494624,1.2371693420755143,0.0,22.68831168831169,0.0,0.0,0.0,0.0,0.3729899304565298,0.274756725815684,0.0761542122798667,0.3394625176803394,0.0,3.074506136944286,0.0028926399487879,0.002694097477345,-8.518728854519091,2098000000.0,6748000000.0,-10889000000.0,30881000000.0,4192500000.0,5192000000.0,726000000.0,56.81580199904808,104.54710556186151,14.853575482406356,1.5840663483287258,0.8608559702950948,6.059147180192572,0.0032967973968145,0.2319961333977767,2000-05-03,0.14,bmo,5852785714.0,2025-04-25,2000-03-31,0.0714285714285712,40.76253968253968,4917517.079365079
1999-12-31,DIS,USD,1744489,1999-12-31,1999-12-30 19:00:00,2000,Q1,6932000000.0,4880000000.0,2052000000.0,0.2960184651,0,0.0,0.0,-3000000.0,1131000000.0,1128000000.0,6008000000.0,0.0,0.0,1131000000.0,1328000000.0,0.1915753029,924000000.0,0.1332948644,-19000000.0,905000000.0,0.1305539527,590000000.0,315000000.0,0.045441431,0.17,0.17,2064000000,2081000000,,,3.358527131782946,0.1526162790697674,0.7674418604651163,0.5474806201550387,0.4806201550387597,11.320736434108529,2.897286821705426,11.140988372093023,5.59593023255814,60268800000.0,70826800000.0,47.83238095238095,8.694287362954414,38.04848484848485,53.33522123893805,2.6209523809523807,2.6209523809523807,10.21736872475476,53.33343373493976,44.71388888888889,62.67858407079646,0.0052265848996495,0.0187493363066794,0.502283105022831,0.2490673452224354,7.950301204819277,1.3917574609189958,0.0,5.0285714285714285,0.007201072528406,1.3777777777777778,0.0,0.0,0.3749164384447846,0.2866161616161616,0.0654933641084824,0.4014146772767462,0.0,6.185197190586458,0.0079630895233363,0.0108669403525718,-8.88953488372093,3308000000.0,5980000000.0,-11255000000.0,32245000000.0,4019500000.0,4447500000.0,760500000.0,57.204270051933065,97.1372950819672,13.37090163934426,1.5733091239219246,0.9265236377444466,6.731034482758621,0.0136986301369863,0.2199612403100775,2000-01-24,0.2,bmo,5199000000.0,2025-04-25,1999-12-31,0.2499999999999999,35.94904761904762,9148339.095238095
1999-09-30,DIS,USD,1744489,1999-09-30,1999-09-29 20:00:00,1999,Q4,5781000000.0,4270000000.0,1511000000.0,0.2613734648,0,0.0,0.0,25000000.0,990000000.0,1015000000.0,5285000000.0,0.0,0.0,990000000.0,1486000000.0,0.2570489535,496000000.0,0.0857983048,-316000000.0,180000000.0,0.0311364816,95000000.0,85000000.0,0.0147033385,0.0408,0.0408,2081000000,2081000000,,,2.77799135031235,0.0408457472369053,0.5742431523306103,0.2671792407496396,0.1989428159538683,10.079288803459876,2.537241710716002,10.079288803459876,5.618933205189813,54001950000.0,65280950000.0,158.82926470588234,9.341281785158277,45.18991631799163,97.125809352518,2.574586412395709,2.574586412395709,11.292328316900193,43.93065275908479,54.62841004184101,117.41178057553957,0.0015740172345628,0.0102959244990227,0.5574731823599524,0.2677030151789189,7.590174966352625,1.3234721681588166,0.0,14.058823529411764,0.0,0.0,0.0,0.0,0.3593259918954188,0.5347280334728034,0.1105345096004151,0.6454545454545455,0.0,3.0435442929030243,0.0061016026837789,0.0030374499714122,-9.210595867371456,2493000000.0,5280000000.0,-12504000000.0,29534000000.0,3476000000.0,3887500000.0,807000000.0,56.55941878567722,76.46838407494144,16.77751756440281,1.5912469033856318,1.176957001102536,5.364321608040201,0.0040524433849821,0.3070639115809707,1999-11-04,0.11,bmo,6306545454.0,2025-04-25,1999-09-30,-0.0909090909090908,26.53234375,8048401.84375
1999-06-30,DIS,USD,1744489,1999-06-30,1999-06-29 20:00:00,1999,Q3,5522000000.0,3692000000.0,1830000000.0,0.3314016661,0,0.0,0.0,34000000.0,879000000.0,913000000.0,4605000000.0,0.0,0.0,879000000.0,1822000000.0,0.3299529156,917000000.0,0.1660630206,-279000000.0,664000000.0,0.1202462876,297000000.0,367000000.0,0.066461427,0.18,0.18,2059000000,2086000000,,,2.681884409907722,0.1782418649830014,0.9295774647887324,0.5182127246236037,0.4133074307916464,10.107333657115104,2.44439048081593,10.107333657115104,5.877124817872754,63334840000.0,74584840000.0,43.14362397820164,11.46954726548352,33.09030303030303,59.35786316776007,3.0433347748786703,3.0433347748786703,13.506852589641436,40.93569703622393,38.96804597701149,69.90144329896907,0.005794598991645,0.0168469676405592,0.5814713372735573,0.2798307279622606,6.174533479692646,1.4681074591025065,0.0,5.215258855585831,0.0,0.0,0.0,0.0,0.3648598649523633,0.4425287356321839,0.1533864541832669,0.963594994311718,0.0,6.366700481695151,0.0132281311072293,0.0133619748052137,-9.074186498300143,3119000000.0,5033000000.0,-12651000000.0,30134000000.0,3677500000.0,4178500000.0,834000000.0,54.09453096704093,101.09154929577464,19.94041170097508,1.6637541428141007,0.890282131661442,4.513447432762836,0.0176349046177502,0.4113647401651287,1999-07-22,0.2,bmo,5522000000.0,2025-04-25,1999-06-30,0.0,27.65453125,6942831.375
1999-03-31,DIS,USD,1744489,1999-03-31,1999-03-30 19:00:00,1999,Q2,5510000000.0,3839000000.0,1671000000.0,0.3032667877,0,0.0,0.0,85000000.0,942000000.0,1027000000.0,4866000000.0,0.0,0.0,942000000.0,1607000000.0,0.2916515426,644000000.0,0.1168784029,-270000000.0,395000000.0,0.0716878403,169000000.0,226000000.0,0.0410163339,0.11,0.11,2054545455,2054545455,,,2.6818584064863145,0.1099999999756637,0.6595132741903732,0.4161504423858074,0.3845132742512139,9.907300882763872,2.217035397739594,9.907300882763872,6.103539821658509,63834727286.85,75584727286.85,70.61363637925885,11.585249961315789,47.11049984269373,74.66049975070175,3.1360711022770817,3.1360711022770817,13.717736349700546,47.03467783873678,55.78208655856089,88.4031898091813,0.0035403926609483,0.013393963385446,0.6160648489314665,0.2884482679302572,7.31176104542626,1.4502808988764044,0.0,5.995575221238938,0.0,0.0,0.0,0.0,0.3634356166904356,0.3690036900369003,0.0907441016333938,0.5307855626326964,0.0,4.951824883759086,0.0096027161863076,0.0081665100816651,-9.187920351949575,3206000000.0,4555000000.0,-12793000000.0,29787000000.0,4139000000.0,4297000000.0,843000000.0,65.92377495462794,98.69757749413913,19.92706433967179,1.365213082259663,0.91187648456057,4.516470588235294,0.0111029231147138,0.2433628318045657,1999-04-27,0.12,bmo,5050833333.0,2025-04-25,1999-03-31,0.0833333333333334,30.8315873015873,6647778.333333333
1998-12-31,DIS,USD,1744489,1998-12-31,1998-12-30 19:00:00,1999,Q1,6589000000.0,4591000000.0,1998000000.0,0.3032326605,0,0.0,0.0,52000000.0,968000000.0,1020000000.0,5611000000.0,0.0,0.0,968000000.0,1968000000.0,0.2986796175,978000000.0,0.1484292002,97000000.0,1075000000.0,0.1631507057,453000000.0,622000000.0,0.0943997572,0.3,0.3,2073333333,2073333333,,,3.17797427703826,0.3000000000482315,0.5421221865823348,0.3168810289898522,0.5758842444655763,9.646784567467328,2.071543408693174,9.646784567467328,6.320739550855424,62096333323.35,74007333323.35,24.958333329320737,9.424242422727271,55.24584815244661,94.514967006621,3.104661433095845,3.104661433095845,11.231952242123237,37.60535229845021,65.84282324141459,112.64434295791476,0.0100166944924284,0.010580334857758,0.6552172391380431,0.301008337735719,6.052337398373984,1.493152579886568,0.0,1.8070739549839228,0.0017127879799666,0.1709933333058424,0.0,0.0,0.3607506259044031,0.4154804270462633,0.0708757019274548,0.4824380165289256,0.0,8.069435905989542,0.0147609387739255,0.0223491789730875,-9.039790998237908,3565000000.0,4295000000.0,-12742000000.0,29757000000.0,4120500000.0,4088000000.0,867500000.0,57.942024586431934,85.94206055325637,16.38858636462644,1.5532767562470533,1.0472171532846717,5.491626794258373,0.0310984450777461,0.2252411575924825,1999-01-27,0.24,bmo,6863541666.0,2025-04-25,1998-12-31,-0.0416666666666665,34.21934426229508,7136681.295081968
1998-09-30,DIS,USD,1744489,1998-09-30,1998-09-29 20:00:00,1998,Q4,6147000000.0,5793000000.0,354000000.0,0.0575890678,0,0.0,0.0,61000000.0,-397000000.0,-336000000.0,5457000000.0,0.0,0.0,-397000000.0,293000000.0,0.0476655279,690000000.0,0.112249878,-177000000.0,513000000.0,0.0834553441,217000000.0,296000000.0,0.0481535708,0.14,0.14,2071000000,2076000000,,,2.9681313375181078,0.1429261226460647,-0.1825205214872042,-1.319169483341381,0.061323032351521,9.36166103331724,1.7474649927571222,9.36166103331724,5.6422018348623855,52458430000.0,64016430000.0,44.30610641891892,8.533988937693184,-138.77891534391534,-19.201475109809664,2.7057164225293997,2.7057164225293997,10.414255734504636,218.48610921501705,-169.3556349206349,-23.432075402635437,0.0056425630732753,-0.0520793321492846,0.6026923870435321,0.2823964425540142,39.44709897610922,1.2458471760797345,0.0,-1.277027027027027,0.0020397103001366,0.3614864864864865,0.0,0.0,0.3810962347140992,-6.227513227513228,0.3829510330242394,-5.929471032745592,0.0,5.486855478589048,0.0110665069760607,0.0115584364871724,-8.891477547078706,1850000000.0,3619000000.0,-12615000000.0,27965000000.0,3846500000.0,4840000000.0,909500000.0,58.550512445095166,58.91248058001036,13.96685655100984,1.5371342835708928,1.5276898734177216,6.443826473859844,0.015267175572519,1.1366489618541766,1998-11-03,0.15,bmo,6556799999.0,2025-04-25,1998-09-30,-0.0666666666666665,28.75359375,5628929.03125
1998-06-30,DIS,USD,1744489,1998-06-30,1998-06-29 20:00:00,1998,Q3,5248000000.0,3052000000.0,2196000000.0,0.418445122,0,0.0,0.0,49000000.0,1273000000.0,1322000000.0,4374000000.0,0.0,0.0,1273000000.0,2147000000.0,0.4091082317,874000000.0,0.1665396341,-161000000.0,713000000.0,0.1358612805,298000000.0,415000000.0,0.0790777439,0.0667,0.0667,2068929000,2068929000,,,2.536578103936868,0.2005868736916539,0.8487483137410708,1.1827375419842827,0.4122906102626045,9.286930580991422,1.6216119547843353,9.286930580991422,5.78656879960598,72329757840.0,83448757840.0,43.57214327710844,13.782347149390244,41.1900671070615,29.558544274621987,3.764429990631831,3.764429990631831,15.901059039634148,38.86760961341407,47.52207166287016,34.10247561912546,0.005737610803537,0.0338311653885664,0.623087332153638,0.2990308722150065,5.178854215183978,1.4785579641847313,0.0,4.231325301204819,0.0014931613657397,0.2602409638554216,0.0,0.0,0.3961184933559796,0.3935079726651481,0.1316692073170731,0.5428122545168892,0.0,6.474088225938145,0.0148972026888647,0.0171650742441163,-8.090417795874098,4062000000.0,3355000000.0,-8272000000.0,29718000000.0,3782500000.0,6058000000.0,927500000.0,63.34984756097561,173.63040629095676,27.12975098296199,1.4206821873308066,0.5183423913043478,3.3173913043478263,0.0215988341834079,0.3339892282432118,1998-07-21,0.21,bmo,5497904761.0,2025-04-25,1998-06-30,-0.0476190476190475,32.10671875,7561536.953125
1998-03-31,DIS,USD,1744489,1998-03-31,1998-03-30 19:00:00,1998,Q2,5242000000.0,3041000000.0,2201000000.0,0.4198779092,0,0.0,0.0,48000000.0,1352000000.0,1400000000.0,4441000000.0,0.0,0.0,1352000000.0,2153000000.0,0.4107210988,801000000.0,0.1528042732,-150000000.0,651000000.0,0.1241892407,267000000.0,384000000.0,0.073254483,0.0633,0.06,2036999961,2036999961,,,2.5733922927649973,0.1885125220186491,0.9165439547104636,0.731467858874446,0.2930780615758686,9.143839153956666,1.31124204768701,9.143839153956666,5.621011398733159,72354238614.72,83207238614.72,47.105624098125,13.802792562899658,38.75427885094805,48.55989168773154,3.8845827668162793,3.8845827668162793,15.873185542678367,38.64711500915932,44.56734794575255,55.84378430518121,0.0053072219036781,0.0205931266575012,0.614732094921078,0.2912226263448381,5.040873200185787,1.4165507649513214,0.0,4.861979166666667,0.0014788352700353,0.2786458333333333,0.0,0.0,0.4058041050944884,0.2019282271023031,0.0719191148416634,0.2788461538461538,0.0,6.227670836397662,0.0142790432673338,0.016436948891362,-8.209744879813476,3594000000.0,2671000000.0,-8469000000.0,28999000000.0,4235500000.0,6529500000.0,921000000.0,66.46127432277756,184.3209470568892,27.67181848076291,1.354172048566262,0.4882787411689145,3.2524064171122995,0.0206163427466981,0.1850760958360175,1998-04-22,0.17,bmo,5242000000.0,2025-04-25,1998-03-31,0.0,38.17936507936509,6630816.111111111
1997-12-31,DIS,USD,1744489,1997-12-31,1997-12-30 19:00:00,1998,Q1,6339000000.0,3321000000.0,3018000000.0,0.4761003313,0,0.0,0.0,78000000.0,1526000000.0,1604000000.0,4925000000.0,0.0,0.0,1526000000.0,2940000000.0,0.4637955513,1414000000.0,0.2230635747,-134000000.0,1280000000.0,0.2019245938,525000000.0,755000000.0,0.1191039596,0.12,0.12,2030999967,2030999967,,,3.1211226504170595,0.3717380661089887,0.920728720031535,0.6809453581837502,0.4367306816406265,8.990645148543225,1.065977368378756,8.990645148543225,5.909896698683698,66901138912.98,78017138912.98,22.152695004298018,10.55389476462849,35.776010113893044,48.37392546130152,3.663808264675794,3.663808264675794,12.307483658775832,26.536441807136057,41.72039514063101,56.41152488284887,0.0112853086250451,0.0206722938125,0.6573384446878423,0.3004956939715602,3.780952380952381,1.1795848064545371,0.0,2.4768211920529803,0.0013452685778199,0.119205298013245,0.0,0.0,0.4029391147606649,0.260427807486631,0.0768259977914497,0.31913499344692,0.0,8.671719172880973,0.0251876623229547,0.0316575118453603,-8.317823867300929,1981000000.0,2165000000.0,-8672000000.0,27302000000.0,3964500000.0,5789500000.0,924500000.0,65.30998580217701,185.1219512195122,24.579945799457995,1.3780434782608697,0.4861660079051383,3.661521499448732,0.0413472070098576,0.2397833618477848,1998-01-27,0.35,bmo,5976771428.0,2025-04-25,1997-12-31,0.0571428571428572,35.085081967213114,4482050.278688525
1997-09-30,DIS,USD,1744489,1997-09-30,1997-09-29 20:00:00,1997,Q4,5520000000.0,3372000000.0,2148000000.0,0.3891304348,0,0.0,0.0,100000000.0,1187000000.0,1287000000.0,4659000000.0,0.0,0.0,1187000000.0,2048000000.0,0.3710144928,861000000.0,0.1559782609,-153000000.0,708000000.0,0.1282608696,297000000.0,411000000.0,0.0744565217,0.2,0.2,2024999973,2030999967,,,2.725925962271605,0.2029629656691358,0.7293827257744857,0.4854321052378602,0.156543211963786,8.535802582946504,0.6291358108576133,8.535802582946504,5.4656790852214,54330749275.59,65081749275.59,33.04790101921533,9.842527042679349,36.78452896113067,55.27034514302136,3.143231083343361,3.143231083343361,11.79017197021558,31.77819788847168,44.063472766140826,66.2072729151475,0.0075647769537508,0.0180928850256377,0.6403239803297657,0.2929902583650995,5.24951171875,1.1958664546899842,0.0,3.59367396593674,0.0016381147174788,0.2165450121654501,0.0,0.0,0.4238405336721728,0.3344617467840217,0.0894927536231884,0.4161752316764954,0.0,6.243409777399252,0.0160177476160162,0.0188835286009648,-8.496913693539096,1848000000.0,1274000000.0,-9208000000.0,26810000000.0,3436500000.0,5502500000.0,925000000.0,54.27717391304348,126.72597864768684,25.1423487544484,1.6581556022829678,0.7101937657961247,3.579617834394905,0.0237778420595892,0.2439506205366255,1997-11-18,0.2,bmo,5520000000.0,2025-04-25,1997-09-30,0.0,29.700625,4262745.5
1997-06-30,DIS,USD,1744489,1997-06-30,1997-06-29 20:00:00,1997,Q3,5194000000.0,2983000000.0,2211000000.0,0.4256834809,0,0.0,0.0,69000000.0,1151000000.0,1220000000.0,4203000000.0,0.0,0.0,1151000000.0,2142000000.0,0.4123989218,991000000.0,0.1907970735,-185000000.0,806000000.0,0.1551790528,333000000.0,473000000.0,0.0910666153,0.0767,0.0767,2025401571,2025401571,,,2.564429728093659,0.2335339355772623,0.9528974538353412,0.6255549606266203,0.2606890443653161,8.525222971696806,0.1402191071964958,8.525222971696806,5.721334557017582,54078221945.7,65138221945.7,28.58256973874207,10.411671533634962,28.019804116943003,42.68210098318863,3.131882894868825,3.131882894868825,12.541051587543318,30.410000908356675,33.750374065129535,51.41138275114443,0.008746589347463,0.02342902474257,0.6711067353912087,0.3025587467362924,5.163398692810458,1.2889792987914324,0.0,4.080338266384778,0.0016642559012086,0.1902748414376321,0.0,0.0,0.443420365535248,0.3435233160621762,0.127647285329226,0.5760208514335361,0.0,6.692973899972708,0.0181495801740976,0.0221888633485011,-8.587432857283984,2415000000.0,284000000.0,-10261000000.0,28210000000.0,3591000000.0,6274500000.0,907000000.0,61.40931844435888,188.77975192758967,27.39523969158565,1.4655756207674944,0.4767460444302381,3.2852422907488985,0.0273932935657612,0.3273424932087208,1997-07-22,0.22,bmo,4957909090.0,2025-04-25,1997-06-30,0.0454545454545455,26.12953125,4626868.984375
1997-03-31,DIS,USD,1744489,1997-03-31,1997-03-30 19:00:00,1997,Q2,5481000000.0,3444000000.0,2037000000.0,0.3716475096,0,0.0,0.0,108000000.0,1173000000.0,1281000000.0,4725000000.0,0.0,0.0,1173000000.0,1929000000.0,0.3519430761,756000000.0,0.1379310345,-184000000.0,572000000.0,0.1043605182,239000000.0,333000000.0,0.0607553366,0.0533,0.0533,2025401571,2025401571,,,2.7061300230422307,0.1644118404803982,0.8255153071568344,0.6571536326709011,0.5628513457887507,8.322793978913133,-0.8082347833826184,8.322793978913133,6.343433412889359,49115988096.75,60823988096.75,36.8738649375,8.961136306650246,29.37559096695574,36.90156881799399,2.9136850030699413,2.9136850030699413,11.0972428565499,31.531357230041472,36.37798331145335,45.69796250694967,0.0067798697105318,0.0270991188730268,0.7621759506436495,0.328282699236017,6.069466044582685,1.2709188911704312,0.0,5.021021021021021,0.0017916772808612,0.2642642642642642,0.0,0.0,0.4725451618672867,0.2039473684210526,0.0622149242838898,0.2907075873827792,0.0,5.548714464655432,0.0133998745964037,0.0161313762534515,-8.866636748550246,2111000000.0,-1637000000.0,-12377000000.0,29048000000.0,3884500000.0,6917500000.0,857000000.0,59.73727422003284,164.42508710801394,23.675958188153317,1.506597031335899,0.547361729179911,3.801324503311258,0.0197544046983449,0.1683616744859333,1997-04-23,0.15,bmo,5115599999.0,2025-04-25,1997-03-31,0.0666666666666667,26.5653125,3981984.953125
1996-12-31,DIS,USD,1744489,1996-12-31,1996-12-30 19:00:00,1997,Q1,6278000000.0,3404000000.0,2874000000.0,0.4577891048,0,0.0,0.0,90000000.0,1447000000.0,1537000000.0,4941000000.0,0.0,0.0,1447000000.0,2784000000.0,0.4434533291,1337000000.0,0.2129659127,-36000000.0,1301000000.0,0.2072316024,552000000.0,749000000.0,0.1193055113,0.12,0.12,2024999973,2024999973,,,3.100246954916873,0.3698765481415638,0.980246926650206,0.7708642078090536,0.3491358071242799,8.292345789576956,-0.529382723107819,8.292345789576956,6.105679093754733,47000249373.33,58657249373.33,15.68766668001669,7.486500378039184,23.67770749286146,30.109064300659835,2.798966732570867,2.798966732570867,9.343301907188597,21.069414286397272,29.550251573466,37.5767132436451,0.0159360856588351,0.0332125897375723,0.736303001429252,0.3196731907852212,4.187140804597701,0.974769989566537,0.0,2.6502002670226967,0.001595736214169,0.1001335113484646,0.0,0.0,0.4618765674690384,0.2136020151133501,0.0675374323032813,0.2930200414651002,0.0,8.307270630267892,0.0247229908041247,0.03598712343247,-8.728765548482306,-266000000.0,-1072000000.0,-11608000000.0,25868000000.0,3737000000.0,6618500000.0,879500000.0,59.22108951895508,199.43301997649823,21.363102232667448,1.5197288792060033,0.4512793318308365,4.212871287128713,0.0446045736064792,0.2093827188411523,1997-01-28,0.31,bmo,5872967741.0,2025-04-25,1996-12-31,0.0645161290322581,24.360491803278688,4333467.377049181
1996-09-30,DIS,USD,1744489,1996-09-30,1996-09-29 20:00:00,1996,Q4,5272000000.0,3252000000.0,2020000000.0,0.3831562974,0,0.0,0.0,61000000.0,1162000000.0,1223000000.0,4475000000.0,0.0,0.0,1162000000.0,1959000000.0,0.371585736,797000000.0,0.1511760243,-171000000.0,626000000.0,0.1187405159,290000000.0,336000000.0,0.0637329287,0.17,0.17,2024024000,2024999973,,,2.6047121970885723,0.1660059366884977,0.4085919929803204,0.1363620194226946,0.1373501499982213,7.94753421896183,-0.9347715244483268,7.94753421896183,6.097753781575713,42605705200.0,54669705200.0,31.700673511904764,8.081507056145675,51.51838597339783,154.36849710144926,2.648620241203531,2.648620241203531,10.369822685887709,27.90694497192445,66.10605223700121,198.0786420289855,0.0078862677761756,0.0064780056732871,0.7672510257366654,0.3308315016351257,6.158244002041858,0.7937833037300177,0.0,2.461309523809524,0.0017368565935624,0.2202380952380952,0.0,0.0,0.4819063957540342,0.6662636033857315,0.1045144157814871,0.4741824440619621,0.0,5.44840361056425,0.0140949834465843,0.0173841059602649,-8.873042019264593,-2322000000.0,-1892000000.0,-12282000000.0,23687000000.0,3186000000.0,6098500000.0,902500000.0,57.06942336874051,157.5830258302583,26.31918819188192,1.5770266227938976,0.571127502634352,3.419558359621451,0.02088772845953,0.2722299735576258,1996-11-26,0.16,amc,,2025-04-25,1996-09-30,0.0,22.91390625,3875647.765625
1996-06-30,DIS,USD,1744489,1996-06-30,1996-06-29 20:00:00,1996,Q3,5087000000.0,2928000000.0,2159000000.0,0.4244151759,0,0.0,0.0,66000000.0,1203000000.0,1269000000.0,4197000000.0,0.0,0.0,1203000000.0,2093000000.0,0.4114409279,890000000.0,0.1749557696,-171000000.0,719000000.0,0.1413406723,313000000.0,406000000.0,0.0798112837,0.0667,0.0667,2044054000,2044054000,,,2.488681805862272,0.1986248895577122,0.8977257939369507,0.6609414428385942,0.1746529201283332,7.942060239113057,-0.9089779428527818,7.942060239113057,5.726365350426163,42332358340.0,53680358340.0,26.066723115763548,8.321674531157853,23.06940508991826,31.33409203552924,2.6076357237895773,2.6076357237895773,10.552458883428349,25.6475672909699,29.25360127520436,39.73379595854922,0.0095907720694211,0.0319141208516945,0.7210176173463102,0.3200010935535021,5.421882465360726,0.7423904311345175,0.0,4.519704433497537,0.0017716943477994,0.1847290640394088,0.0,0.0,0.4946142490021324,0.2637602179836512,0.0951444859445645,0.4023275145469659,0.0,5.957645831343695,0.0167101948420557,0.0219625662663637,-8.457824499744136,-2886000000.0,-1858000000.0,-12027000000.0,22824000000.0,3169000000.0,6718000000.0,866000000.0,53.58954196972675,199.8872950819672,26.25,1.6794321558270056,0.4502537290481316,3.4285714285714284,0.0250092398669459,0.2367843510983565,1996-07-25,0.19,amc,,2025-04-25,1996-06-30,0.0526315789473684,19.433125,4405428.078125
1996-03-31,DIS,USD,1744489,1996-03-31,1996-03-30 19:00:00,1996,Q2,4543000000.0,2874000000.0,1669000000.0,0.3673783843,0,0.0,0.0,97000000.0,1013000000.0,1110000000.0,3984000000.0,0.0,0.0,1013000000.0,1572000000.0,0.3460268545,559000000.0,0.1230464451,-608000000.0,-49000000.0,-0.0107858243,-24000000.0,-25000000.0,-0.0055029716,-0.0132,-0.0132,1888889000,1888889000,,,2.405117505581323,-0.0132352933391003,0.5262352631626316,0.4886470300795865,0.1487646971314884,8.401234799927364,-0.9677646489550208,8.401234799927364,6.374117272110749,40781113510.0,52540113510.0,-407.8111351,8.976692386088487,41.02727717303823,44.18322157096425,2.5698603257924257,2.5698603257924257,11.565070110059432,33.422464064885496,52.85725705231389,56.923199902491874,-0.0006130288716581,0.0226330259416204,0.7587119541243935,0.3274675660238801,7.480279898218829,0.6589507347902231,0.0,-41.41666666666666,0.0018390866149745,-3.0,0.0,0.0,0.4813283651100171,0.0714285714285714,0.0156284393572529,0.0700888450148075,0.0,,0.0095596997262402,-0.0013109596224436,-9.368602390082213,-4479000000.0,-1828000000.0,-12244000000.0,20850000000.0,2862500000.0,5146500000.0,831000000.0,65.55359894342945,217.10855949895617,27.494780793319418,1.372922333031127,0.4145391605365642,3.273348519362187,-0.0015753985758396,0.0375882330830451,1996-04-23,0.15,amc,,2025-04-25,1996-03-31,0.0666666666666667,20.5536507936508,4976052.920634921
1995-12-31,DIS,USD,1744489,1995-12-31,1995-12-30 19:00:00,1996,Q1,3818000000.0,2399000000.0,1419000000.0,0.3716605553,0,0.0,0.0,54000000.0,566000000.0,620000000.0,3019000000.0,0.0,0.0,566000000.0,1365000000.0,0.3575170246,799000000.0,0.2092718701,-35000000.0,764000000.0,0.2001047669,268000000.0,496000000.0,0.1299109481,0.1,0.1,1576577000,1576577000,,,2.421702206742836,0.3146056297916308,0.6146226920727627,0.209314229498464,0.6323826873029355,4.518650214991085,4.518650214991085,4.518650214991085,1.7601423844189024,30885143430.0,32663143430.0,15.567108583669354,8.08935134363541,31.87321303405573,93.59134372727272,4.335365444974733,4.335365444974733,8.555040185961236,23.929042805860806,33.70809435500516,98.97922251515152,0.0160595012655248,0.0106847488258531,0.389528354856822,0.1816575019638648,1.3025641025641026,2.1154761904761905,0.0,1.9536290322580645,0.0015217672570154,0.094758064516129,0.0,0.0,0.0,0.6594427244582043,0.1673651126244106,1.128975265017668,0.0,5.655602348613768,0.043531597271652,0.0324692327834511,-3.140347728020896,3748000000.0,7124000000.0,-1044000000.0,10188000000.0,2104400000.0,3101500000.0,804000000.0,56.95128339444735,126.05252188411838,29.41225510629429,1.580298013245033,0.7139880952380953,3.059948979591837,0.0696238068500842,0.4053084625742986,1996-01-23,0.3,amc,,2025-04-25,1995-12-31,0.0333333333333333,21.142222222222223,5738010.777777778
1995-09-30,DIS,USD,1744489,1995-09-30,1995-09-29 20:00:00,1995,Q4,3123600000.0,2124900000.0,998700000.0,0.3197272378,0,0.0,0.0,56800000.0,512700000.0,569500000.0,2694400000.0,0.0,0.0,512700000.0,941900000.0,0.3015430913,429200000.0,0.1374055577,-24500000.0,404700000.0,0.1295620438,140700000.0,264000000.0,0.084517864,0.17,0.17,1574775000,1576577000,,,1.983521455446016,0.1676429966185645,0.4853391754377609,0.3571303837056087,0.6835897191662301,4.223333492086171,4.223333492086171,4.223333492086171,1.89506437427569,30062454750.0,31970254750.0,28.46823366477273,9.624297205147906,39.33331774172445,53.45386690967283,4.520126112648103,4.520126112648103,10.235066829939813,33.94230252680752,41.82945800078503,56.846114420341394,0.0087817179999248,0.0187077204665064,0.4487129367895591,0.2043229402018376,2.025480411933326,2.188516777861768,0.0,2.895075757575757,0.0015733911416531,0.1791666666666666,0.0,0.0,0.0,0.2641632866675389,0.0646369573568958,0.3937975424224693,0.0,3.9912750284200698,0.0242134210586898,0.018075011296882,-3.2524646378054007,3616300000.0,6650800000.0,-1296000000.0,9806600000.0,1621350000.0,3006650000.0,775950000.0,51.65578179024203,120.41507835662854,34.90046590427785,1.742302543507363,0.7474147027787549,2.57876213592233,0.0396944728453719,0.1282087917321522,1995-11-28,0.17,amc,,2025-04-25,1995-09-30,0.0,19.62952380952381,3607110.349206349
1995-06-30,DIS,USD,1744489,1995-06-30,1995-06-29 20:00:00,1995,Q3,2764000000.0,1785800000.0,978200000.0,0.3539073806,0,0.0,0.0,38700000.0,415900000.0,454600000.0,2240400000.0,0.0,0.0,415900000.0,939500000.0,0.3399059334,523600000.0,0.1894356006,-35500000.0,488100000.0,0.1765918958,169900000.0,318200000.0,0.1151230101,0.0667,0.0667,1569369000,1569369000,,,1.761217406486301,0.202756649328488,0.585967990956875,0.4132871236783701,0.6096080654071796,4.06156869416944,4.06156869416944,4.06156869416944,2.142389712043503,28986245430.0,31391745430.0,22.773605774670017,10.487064193198265,31.520493073075247,44.69048015726179,4.547504028804066,4.547504028804066,11.357360864688856,33.41324686535391,34.1363042953458,48.39923748072772,0.010977620429263,0.0223761301395977,0.5274783891059129,0.2337897130301155,2.560404470463012,2.0713181717818503,0.0,2.8900062853551227,0.0016214587057679,0.147705845380264,0.0,0.0,0.0,0.2946933449325793,0.0980463096960926,0.6515989420533782,0.0,4.304529746390861,0.0304471504310849,0.0221259552335324,-3.567755575648557,3396400000.0,6374100000.0,-1440500000.0,9528300000.0,1644500000.0,3201850000.0,676400000.0,47.21092619392185,159.77545077836265,36.68439914884085,1.9063383681633217,0.5632905403274138,2.453358977881577,0.0499207731287554,0.1726808672785049,1995-07-26,0.19,amc,,2025-04-25,1995-06-30,0.0526315789473684,18.904285714285717,4853199.126984127
1995-03-31,DIS,USD,1744489,1995-03-31,1995-03-30 19:00:00,1995,Q2,2922800000.0,1814300000.0,1108500000.0,0.3792596141,0,0.0,0.0,45800000.0,501900000.0,547700000.0,2362000000.0,0.0,0.0,501900000.0,1062700000.0,0.3635897085,560800000.0,0.1918708088,-76900000.0,483900000.0,0.1655604215,168400000.0,315500000.0,0.1079444368,0.0667,0.0667,1563964000,1563964000,,,1.868840970764033,0.2017309861352307,0.6743121964444194,0.5441301717942356,0.5641434201810271,3.869782168899029,3.869782168899029,3.869782168899029,2.037259169648406,27838559200.0,30142459200.0,22.059080190174328,9.524619953469276,26.397268348188888,32.71276051703878,4.599742110306996,4.599742110306996,10.312870945668536,28.364034252376022,28.58188810923573,35.42004606345476,0.0113332014682713,0.030569110774957,0.526453190575328,0.2268048575618228,2.1679683824221323,1.9348982495206284,0.0,3.342630744849445,0.0016847136255528,0.1486529318541996,0.0,0.0,0.0,0.1930589797079461,0.0696592308745039,0.4056584977087069,0.0,4.191030528863037,0.0338090722927868,0.0224583932461098,-3.4667837622860884,3022900000.0,6052200000.0,-1739700000.0,9036100000.0,1956400000.0,3195450000.0,611550000.0,56.630286027097306,160.39574491539437,30.99873229344651,1.5892556141590997,0.5611121420176903,2.90334453512562,0.0521298040382009,0.1301820246501837,1995-04-25,0.18,amc,,2025-04-25,1995-03-31,0.1111111111111112,18.531111111111112,3361731.0
1994-12-31,DIS,USD,1744489,1994-12-31,1994-12-30 19:00:00,1995,Q1,3301700000.0,2088400000.0,1213300000.0,0.3674773601,0,0.0,0.0,42300000.0,422500000.0,464800000.0,2553200000.0,0.0,0.0,422500000.0,1171000000.0,0.3546657782,748500000.0,0.2267013963,-8600000.0,739900000.0,0.2240966775,257500000.0,482400000.0,0.1461065512,0.1,0.1,1553754000,1553754000,,,2.124982461831152,0.3104738587961801,0.4966037094675218,0.3550111536317847,0.7321622341760665,3.61337766467536,3.61337766467536,3.61337766467536,2.3590607007286866,23787973740.0,26315773740.0,12.327930006218905,7.204765345125239,30.829411275272165,43.1254056200145,4.237032887448124,4.237032887448124,7.970370942241876,22.47290669513237,34.105461041990665,47.7080742204496,0.0202791547221541,0.0231881876963935,0.6528685677644586,0.2655124954726548,2.15866780529462,2.039619952494062,0.0,1.599502487562189,0.0016310762919145,0.0804311774461028,0.0,0.0,0.0,0.2851218247796785,0.066632340915286,0.5207100591715976,0.0,5.024125237679988,0.0458330150717777,0.0349438609199565,-3.345912544714285,3282600000.0,5614300000.0,-1750600000.0,9211000000.0,1872100000.0,2816150000.0,633250000.0,56.52633491837539,136.07307029304732,25.77954414863053,1.5921782321454403,0.661409342834521,3.491140086927449,0.085923445487416,0.1415925558357371,1995-01-26,0.26,amc,,2025-04-25,1994-12-31,0.1538461538461537,17.196031746031746,4522829.619047619
1994-09-30,DIS,USD,1744489,1994-09-30,1994-09-29 20:00:00,1994,Q4,2698400000.0,1768900000.0,929500000.0,0.3444633857,0,0.0,0.0,41600000.0,490900000.0,532500000.0,2301400000.0,0.0,0.0,490900000.0,887900000.0,0.3290468426,397000000.0,0.1471242218,-65600000.0,331400000.0,0.1228135191,105500000.0,225900000.0,0.0837162763,0.15,0.15,1553754000,1553754000,,,1.7366970575779692,0.145389810742241,0.509218318987433,0.3433619479016627,0.120289312207724,3.5451557968635963,3.5451557968635963,3.5451557968635963,1.8901962601544389,20027889060.0,22777889060.0,22.164551859229743,7.422134991105841,25.31330770980789,37.54056056232427,3.635947399379119,3.635947399379119,8.441257434034984,25.65366489469535,28.7890407735086,42.69519973758201,0.0112792715858992,0.0266378547635114,0.5331772053083529,0.2289748407568823,3.097195630138529,1.9040142667319395,0.0,3.5024347056219565,0.0019572706780312,0.1735281097830898,0.0,0.0,0.0,0.3257077856420627,0.0955010376519418,0.5249541658178856,0.0,3.405460972181231,0.0268359571561406,0.0176122498304265,-3.5681806772500666,2585300000.0,5508300000.0,-1872900000.0,8399800000.0,1553250000.0,2655000000.0,630650000.0,55.71635042988437,125.91554073152808,34.002487421561426,1.6153247530679438,0.7147648294811701,2.646865180308245,0.041010838189641,0.1658563710857703,1994-11-22,0.13,amc,,2025-04-25,1994-09-30,0.0769230769230769,13.911746031746032,3948910.238095238
1994-06-30,DIS,USD,1744489,1994-06-30,1994-06-29 20:00:00,1994,Q3,2353600000.0,1470800000.0,882800000.0,0.3750849762,0,0.0,0.0,39600000.0,390200000.0,429800000.0,1900600000.0,0.0,0.0,361600000.0,843200000.0,0.3582596873,453000000.0,0.1924711081,-47600000.0,405400000.0,0.1722467709,137800000.0,267600000.0,0.1136981645,0.0533,0.0533,1609910000,1609910000,,,1.4619450776751497,0.1662204719518482,0.3981589032927306,0.2269692094589138,0.4391549838189712,3.6115062332676975,3.6115062332676975,3.6115062332676975,1.584498512339199,22297253500.0,24141153500.0,20.830767470104632,9.47368010707002,34.785106864274574,61.02149288451013,3.8349649994840216,3.8349649994840216,10.25711824439157,28.63040026091081,37.66170592823713,66.06774356869184,0.012001478119267,0.0163876685529901,0.4387361975852223,0.2014944825788513,2.1867884250474385,1.5881772009029345,0.0,2.3962616822429905,0.0018029126322665,0.1502242152466367,0.0,0.0,0.0,0.4299531981279251,0.1170972127804214,0.7621681415929203,0.0,3.6751722527512873,0.0304355580258286,0.0211376077220199,-2.959917013994571,1667600000.0,5814200000.0,-2342900000.0,7374800000.0,1513000000.0,2883900000.0,547800000.0,54.91162474507138,173.48925754691325,36.28637476203427,1.6389972144846796,0.5187641083521445,2.4802698145025297,0.0460252485294623,0.1711896938338168,1994-07-27,0.15,amc,,2025-04-25,1994-06-30,0.0666666666666667,13.93734375,3494983.828125
1994-03-31,DIS,USD,1744489,1994-03-31,1994-03-30 19:00:00,1994,Q2,2275800000.0,1487900000.0,787900000.0,0.3462079269,0,0.0,0.0,37400000.0,377900000.0,415300000.0,1903200000.0,0.0,0.0,406500000.0,779100000.0,0.3423411548,372600000.0,0.163722647,8400000.0,381000000.0,0.1674136567,132600000.0,248400000.0,0.1091484313,0.05,0.05,1613213000,1613213000,,,1.4107250561457167,0.1539784269033289,0.4614393759534543,0.3032457586195995,0.4175518050003316,3.4933390692983504,3.4933390692983504,3.4933390692983504,1.684712434129901,22536585610.0,24580785610.0,22.681748802334944,9.90270920555409,30.27483289897905,46.06824531888798,3.999039235205395,3.999039235205395,10.80094279374286,31.55023181876524,33.0209371440086,50.24690435404742,0.011022077802672,0.021706926171768,0.4822642179043563,0.2119605059974107,2.623796688486716,1.6416831480597422,0.0,2.996779388083736,0.0017882034438312,0.1622383252818035,0.0,0.0,0.0,0.3428264373992477,0.1121363915985587,0.6277982779827799,0.0,3.4788969842374224,0.0245635278036451,0.0193726505591864,-3.142362477862502,1881800000.0,5635500000.0,-2372300000.0,7422400000.0,1686350000.0,2953350000.0,488100000.0,62.878987608752965,177.38692116405673,30.401236642247465,1.431320754716981,0.5073654777330696,2.9604058893752487,0.0440777215863721,0.1581936173338548,1994-04-26,0.14,amc,,2025-04-25,1994-03-31,0.0714285714285712,14.234193548387095,3029611.0322580645
1993-12-31,DIS,USD,1744489,1993-12-31,1993-12-30 19:00:00,1994,Q1,2727300000.0,1753600000.0,973700000.0,0.3570197631,0,0.0,0.0,43600000.0,349300000.0,392900000.0,2146500000.0,0.0,0.0,349300000.0,930100000.0,0.3410332563,580800000.0,0.2129578704,4200000.0,585000000.0,0.214497855,216400000.0,368600000.0,0.1351519818,0.0767,0.0767,1612526000,1612526000,,,1.6913215662879235,0.2285854615677514,0.3911254764264266,0.2437790150360366,0.4248613665764149,3.35349631571832,3.35349631571832,3.35349631571832,1.646112992906781,22865618680.0,24834918680.0,15.50842287032013,8.383976342903237,36.25435021404788,58.16743495293819,4.228422716177232,4.228422716177232,9.106045788875443,26.701342522309428,39.3767538925004,63.17710170440092,0.0161202723249472,0.0171917500025413,0.4908647089281752,0.2106616509130735,2.117299215138157,1.5950371540970378,0.0,1.7110689093868692,0.0014650817224246,0.0908844275637547,0.0,0.0,0.0,0.3767242746155065,0.0871191288087119,0.6802175780131692,0.0,4.153024358448923,0.0380164177999253,0.029253271747498,-3.059656092366883,1769700000.0,5407600000.0,-2448900000.0,7150400000.0,1586500000.0,2752100000.0,541250000.0,58.82851171488285,152.63971259124088,24.306569343065693,1.5298704212711056,0.5896237517232104,3.702702702702702,0.0681633256897699,0.1473464613903899,1994-01-25,0.2,amc,,2025-04-25,1993-12-31,0.15,15.378571428571428,4116863.380952381
1993-09-30,DIS,USD,1744489,1993-09-30,1993-09-29 20:00:00,1993,Q4,2174600000.0,1415800000.0,758800000.0,0.3489377357,0,0.0,0.0,39300000.0,402100000.0,441400000.0,1857200000.0,0.0,0.0,402100000.0,719500000.0,0.3308654465,317400000.0,0.1459578773,-404700000.0,-87300000.0,-0.0401453141,-9500000.0,-77800000.0,-0.0357766946,-0.0484,-0.0482,1608108000,1612526000,,,1.3522723598166293,-0.048379835185199,0.3524017043631398,0.2200100988242083,0.2257311076121753,3.1282102943334653,3.1282102943334653,3.1282102943334653,1.483606822427349,20197836480.0,22220636480.0,-64.9030735218509,9.28806975075876,35.641144309158285,57.08828852459016,4.015075336447669,4.015075336447669,10.218263809436218,30.88344194579569,39.21058140109405,62.805642962125496,-0.0038518977058279,0.0175167276133923,0.4742669714740085,0.2030278016526112,2.81139680333565,1.989153167204282,0.0,-7.284061696658098,0.0016585934851572,-0.4305912596401028,0.0,0.0,0.0,0.3756837833068643,0.0979030626322082,0.5294702810246208,0.0,,0.031675305834228,-0.0066206567895771,-3.1157266800488523,2790500000.0,5030500000.0,-1109000000.0,8018700000.0,1292900000.0,2429950000.0,536250000.0,57.54023728501793,160.83415736685973,38.70673823986439,1.564122851183198,0.5595826251926801,2.325176547873214,-0.0154656594771891,0.1323916055389314,1993-11-10,0.13,amc,,2025-04-25,1993-09-30,-0.2307692307692307,13.78734375,4940244.921875
1993-06-30,DIS,USD,1744489,1993-06-30,1993-06-29 20:00:00,1993,Q3,1936800000.0,1063500000.0,873300000.0,0.4508983891,0,0.0,0.0,41500000.0,403400000.0,444900000.0,1508400000.0,0.0,0.0,180600000.0,831800000.0,0.4294712929,428400000.0,0.2211895911,-26700000.0,401700000.0,0.2074039653,142600000.0,259100000.0,0.1337773647,0.0533,0.0533,1609009000,1609009000,,,1.2037222911742569,0.1610307959744165,0.3395257577800994,0.2282150068769037,0.1154126546215714,3.2125985622205966,3.2125985622205966,3.2125985622205966,1.2176439037941988,21818162040.0,23591662040.0,21.051873832497105,11.26505681536555,39.93805974739155,59.41765261437909,4.220882172912113,4.220882172912113,12.18074248244527,28.36218086078384,43.18444451766429,64.24744564270152,0.0118754274317416,0.0168300152564088,0.3790214931032482,0.1767194335453028,2.13212310651599,2.0317623830371705,0.0,1.9249471458773784,0.0015354180585231,0.1292937089926669,0.0,0.0,0.0,0.3278418451400329,0.0924721189591078,0.9916943521594684,0.0,3.411724539212478,0.0315554641173382,0.0233707662472376,-2.8609380059403025,2403800000.0,5169100000.0,-1183800000.0,7524700000.0,1351200000.0,2269950000.0,441600000.0,55.55297397769517,197.16220028208747,39.2327221438646,1.6200752823086575,0.4564769508112284,2.2940034512510783,0.0501247799423497,0.1113107509031957,1993-07-30,0.16,amc,,2025-04-25,1993-06-30,0.0,12.8296875,4840061.1875
1993-03-31,DIS,USD,1744489,1993-03-31,1993-03-30 19:00:00,1993,Q2,2026500000.0,1400500000.0,626000000.0,0.3089069825,0,0.0,0.0,39800000.0,219300000.0,259100000.0,1659600000.0,0.0,0.0,219300000.0,586200000.0,0.2892672095,366900000.0,0.1810510733,-35000000.0,331900000.0,0.1637799161,127000000.0,204900000.0,0.1011102887,0.0433,0.0433,1608108000,1608108000,,,1.260176555305987,0.1274168152885254,0.5000907899220699,0.3884067488004537,0.2613008579025787,3.2903884564967028,3.2903884564967028,3.2903884564967028,1.424220263813127,23816079480.0,25686179480.0,29.058174084919475,11.7523214803849,29.614622581447403,38.13013045148895,4.500988316670762,4.500988316670762,12.675144080927709,43.81811579665643,31.94003914449142,41.124206660262566,0.0086034311470982,0.0262259789872014,0.4328425906676998,0.1988193932028299,3.1902081200955306,2.3632414822858694,0.0,3.9229268292682926,0.0014066127058457,0.1634943875061005,0.0,0.0,0.0,0.2233275304650584,0.0886257093510979,0.8189694482444141,0.0,3.0713422813569755,0.0243310430179222,0.0177872303485394,-2.778435901071321,3012900000.0,5291300000.0,-1005200000.0,8059900000.0,1679200000.0,2259400000.0,411600000.0,66.92376017764619,142.02713316672617,26.964655480185648,1.3448138562611984,0.6336817338581965,3.3377025738798856,0.0387239430763706,0.1116840411216162,1993-04-27,0.12,amc,,2025-04-25,1993-03-31,0.0833333333333334,13.946190476190475,3616040.380952381
1992-12-31,DIS,USD,1744489,1992-12-31,1992-12-30 19:00:00,1993,Q1,2391400000.0,1662700000.0,728700000.0,0.3047169022,0,0.0,0.0,43000000.0,226400000.0,269400000.0,1932100000.0,0.0,0.0,226400000.0,685700000.0,0.2867358033,459300000.0,0.1920632266,-37800000.0,421500000.0,0.1762565861,161200000.0,260300000.0,0.1088483733,0.0533,0.0533,1607462000,1607462000,,,1.4876868006833133,0.1619322882904852,0.1418385006923958,0.0036703822547593,0.4561227574897571,3.178115563540538,3.178115563540538,3.178115563540538,1.754193878300078,23002781220.0,25089381220.0,22.092567441413756,9.618960115413564,100.88939131578948,3898.7764779661015,4.502668236537671,4.502668236537671,10.491503395500544,36.58944322590054,110.0411457017544,4252.437494915254,0.0113160229413337,0.000256490723603,0.5519603813103138,0.235249949943269,3.043021729619367,2.077619439511414,0.0,0.8759124087591241,0.0012215914124144,0.107952362658471,0.0,0.0,0.0,0.9741228070175438,0.0928744668395082,0.9810070671378092,0.0,3.402850177021286,0.0293089917948725,0.0217162784489087,-2.8330840791259764,2487900000.0,5108700000.0,-2081100000.0,7433900000.0,1575200000.0,2050300000.0,433200000.0,69.68094003512587,124.96722198833224,21.846394418716542,1.2916014042668107,0.7201888508684541,4.119672943508424,0.0509522970618748,0.1381681184376364,1992-12-30,,amc,,2025-04-25,1992-12-31,,14.926451612903229,3810436.064516129
1992-09-30,DIS,USD,1744489,1992-09-30,1992-09-29 20:00:00,1992,Q4,2058800000.0,1491000000.0,567800000.0,0.2757917233,0,0.0,0.0,32600000.0,188300000.0,220900000.0,1711900000.0,0.0,0.0,188300000.0,535200000.0,0.2599572567,346900000.0,0.1684962114,9900000.0,356800000.0,0.1733048378,133100000.0,223700000.0,0.1086555275,0.14,0.14,1574775000,1607462000,,,1.3073613690844723,0.1420520391802003,0.4302201901858996,0.341953612420822,0.4856566811131749,2.98747440110492,2.98747440110492,2.98747440110492,1.411249226079916,18991786500.0,20449386500.0,21.224616115333035,9.22468743928502,28.03215719557196,35.267941504178275,4.036854674148706,4.036854674148706,9.93267267340198,38.20886864723468,30.1835963099631,37.97471959145776,0.0117787760514262,0.0283543625556237,0.4723887259278153,0.2046088549674544,2.723467862481316,1.993798581319288,0.0,3.0286097451944567,0.0014479943737783,0.1229324988824318,0.0,0.0,0.0,0.2051660516605166,0.0675150573149407,0.7381837493361657,0.0,3.090061276123992,0.0250314286615251,0.0205953027610779,-2.6586178977949237,2339700000.0,4704600000.0,-1463100000.0,7138400000.0,1379400000.0,1969300000.0,427600000.0,56.78113464153875,108.16297786720322,27.935613682092555,1.585033489876049,0.8320776829064122,3.2216940363007778,0.0475492071589508,0.0882665777650775,1993-01-25,0.15,amc,,2025-04-25,1992-09-30,0.0666666666666667,13.18,4086117.28125
1992-06-30,DIS,USD,1744489,1992-06-30,1992-06-29 20:00:00,1992,Q3,1853500000.0,1093800000.0,759700000.0,0.4098732128,0,0.0,0.0,36500000.0,370200000.0,406700000.0,1500500000.0,0.0,0.0,171600000.0,723200000.0,0.3901807391,353000000.0,0.1904504991,-1200000.0,351800000.0,0.1898030753,131000000.0,220800000.0,0.1191259779,0.0467,0.0467,1574186000,1574186000,,,1.177433924580704,0.140262967654394,0.3540242385588488,0.3041571961636045,0.4316516599690252,2.8378476241054105,2.8378476241054105,2.8378476241054105,1.3458384206186562,18921715720.0,20360815720.0,21.424044067028984,10.208640798489345,33.95247751659788,39.51903868003342,4.235604441161328,4.235604441161328,10.98506378203399,28.15378279867257,36.53474918356361,42.524677777777775,0.0116691320843921,0.02530425924822,0.4742461889732053,0.2037389648606543,1.9899059734513271,1.6555643545907672,0.0,2.5240036231884058,0.0014533565775397,0.1245471014492753,0.0,0.0,0.0,0.1408577068006459,0.0423523064472619,0.4574592074592075,0.0,2.9926595051776133,0.0268487445560197,0.0212336276037158,-2.516014625971772,1407300000.0,4467300000.0,-2377300000.0,6160400000.0,1320550000.0,2013400000.0,390500000.0,70.88804963582412,176.63466812945694,32.28743828853538,1.269607507363518,0.5095262495923977,2.787461773700306,0.0494258276811496,0.0498670423952442,1992-06-29,,amc,,2025-04-25,1992-06-30,,11.84046875,3125262.953125
1992-03-31,DIS,USD,1744489,1992-03-31,1992-03-30 19:00:00,1992,Q2,1655100000.0,1156300000.0,498800000.0,0.3013715183,0,0.0,0.0,36900000.0,201100000.0,238000000.0,1394300000.0,0.0,0.0,201100000.0,461900000.0,0.2790767929,260800000.0,0.1575735605,800000.0,261600000.0,0.158056915,97500000.0,164100000.0,0.0991480877,0.0083,0.0083,1572910000,1572910000,,,1.0522534665047587,0.1043289190099878,0.2717256549961536,0.1773146588170969,0.4414111424048419,2.7068935921317814,2.7068935921317814,2.7068935921317814,1.4911215517734644,19834395100.0,21485495100.0,30.216933424741008,11.983804664370734,46.40710131024801,71.1165116529222,4.65847643093689,4.65847643093689,12.981387891970272,46.51546893266941,50.27022718764624,77.03655467909645,0.0082735066621719,0.0140614321028625,0.5508607933861005,0.2298623021512226,3.574583243126218,1.6541673315249188,0.0,2.604509445460085,0.0013864803973779,0.1675807434491164,0.0,0.0,0.0,0.3474496958352831,0.0897226753670473,0.73843858776728,0.0,2.520746685547531,0.0196552088254336,0.0160827167148527,-2.6519635579912397,1229900000.0,4257700000.0,-2835800000.0,5991900000.0,1320300000.0,1929500000.0,347450000.0,64.23056008700381,146.3365908501254,30.2464758280723,1.401202167287504,0.6150204776341684,2.975553268142048,0.0385419357869272,0.0944109961790566,1992-03-30,,amc,,2025-04-25,1992-03-31,,12.474761904761904,6740207.047619048
1991-12-31,DIS,USD,1744489,1991-12-31,1991-12-30 19:00:00,1992,Q1,1936600000.0,1369400000.0,567200000.0,0.2928844366,0,0.0,0.0,42200000.0,198600000.0,240800000.0,1610200000.0,0.0,0.0,198600000.0,525000000.0,0.2710936693,326400000.0,0.168542807,5200000.0,331600000.0,0.1712279252,123500000.0,208100000.0,0.1074563668,0.0108,0.0108,1568775000,1568775000,,,1.2344663830058484,0.1326512724896814,0.112125703176045,-0.0015936001019904,0.4020334337301398,2.612293031186754,2.612293031186754,2.612293031186754,1.6333763605360871,14934738000.0,16866438000.0,17.941780394041324,7.711834142311267,84.90470722001136,-5973.8952,3.644307849979259,3.644307849979259,8.709303934730972,32.12654857142857,95.88651506537803,-6746.5752,0.0139339571942942,-0.0001673949686964,0.6252653668773334,0.2481310764225123,3.6794285714285713,1.6741118803375612,0.0,0.8452666987025469,0.0015266421145118,0.1095627102354637,0.0,0.0,0.0,1.0142126208072768,0.0921202106785087,0.8982880161127895,0.0,2.79227324608716,0.0245375089169222,0.0201514505945694,-2.773055409475546,1334000000.0,4098100000.0,-2915800000.0,6021800000.0,1293800000.0,1706350000.0,308950000.0,67.82298874315812,130.05768949905067,20.130714181393312,1.3269836919281897,0.6920006063974936,4.470780280770486,0.0507796295844415,0.1137193032780354,1991-12-30,,amc,,2025-04-25,1991-12-31,,11.835238095238095,7594989.46031746
1991-09-30,DIS,USD,1744489,1991-09-30,1991-09-29 20:00:00,1991,Q4,1739400000.0,1183500000.0,555900000.0,0.3195929631,0,0.0,0.0,43600000.0,232600000.0,276200000.0,1459700000.0,0.0,0.0,232600000.0,512300000.0,0.2945268483,279700000.0,0.1608025756,-1300000.0,278400000.0,0.1600551914,104400000.0,174000000.0,0.1000344947,0.11,0.11,1563964000,1568775000,,,1.112173937507513,0.1112557578051668,0.3804435396211166,0.1865771846410787,0.5665731436273469,2.475312730983578,2.475312730983578,2.475312730983578,1.4155057277533245,14826378720.0,16154078720.0,21.30226827586207,8.523846567781995,24.918283563025213,50.81007100753941,3.829819109859737,3.829819109859737,9.287155754857997,31.53245894983408,27.149712134453782,55.36010527758739,0.0117358394309247,0.0196811376203669,0.5718492496060755,0.2347987484753672,2.591645520203006,1.6721179191995266,0.0,3.4195402298850577,0.0015377996495694,0.1310344827586207,0.0,0.0,0.0,0.5095798319327731,0.1743129814878694,1.3035253654342218,0.0,2.4892444351716425,0.0227073455868026,0.0184546852627671,-2.346057837648437,1249400000.0,3871300000.0,-2448900000.0,5821000000.0,1121550000.0,1471150000.0,312500000.0,58.37530182821662,109.0342205323194,23.695817490494296,1.5417479170359865,0.8254289301157762,3.7981386392811296,0.0449461421228011,0.1938663549800379,1991-09-29,,amc,,2025-04-25,1991-09-30,,9.3046875,5290008.90625
1991-06-30,DIS,USD,1744489,1991-06-30,1991-06-29 20:00:00,1991,Q3,1511600000.0,989200000.0,522400000.0,0.3455940725,0,0.0,0.0,44900000.0,220400000.0,265300000.0,1254500000.0,0.0,0.0,220400000.0,477500000.0,0.3158904472,257100000.0,0.1700846785,7700000.0,264800000.0,0.1751786187,99300000.0,165500000.0,0.1094866367,0.0083,0.0083,1562655000,1562655000,,,0.967328041058327,0.1059094937782172,0.2760686139934918,0.1267714242747119,0.4864157475578423,2.355350349245355,2.355350349245355,2.355350349245355,1.3577533108715616,14782716300.000002,16144316300.000002,22.330387160120846,9.779515943371264,34.266843532684284,74.62249520444222,4.016387627017334,4.016387627017334,10.680283342154013,33.8100864921466,37.42307904496987,81.49579151943463,0.0111955067418834,0.013400784807052,0.5764549258273107,0.2381925343811395,2.85151832460733,1.96685449121644,0.0,2.6066465256797584,0.001535577057648,0.1371601208459214,0.0,0.0,0.0,0.5407974038015763,0.1543397724265678,1.058529945553539,0.0,2.3691167491442373,0.0217174618191647,0.0185798484423238,-2.223091469326243,1458500000.0,3680600000.0,-2259900000.0,5825200000.0,1038200000.0,1408450000.0,296400000.0,66.38065625826938,137.24727052163362,28.513950667205822,1.3558166651717642,0.6557507457739477,3.156349712827058,0.0449654947562897,0.1492971897187799,1991-06-29,,amc,,2025-04-25,1991-06-30,,9.7771875,4396307.625
1991-03-31,DIS,USD,1744489,1991-03-31,1991-03-30 19:00:00,1991,Q2,1439000000.0,1031400000.0,407600000.0,0.2832522585,0,0.0,0.0,36500000.0,175700000.0,212200000.0,1243600000.0,0.0,0.0,175700000.0,371100000.0,0.2578874218,195400000.0,0.1357887422,7200000.0,202600000.0,0.1407922168,76000000.0,126600000.0,0.0879777623,0.0067,0.0067,1560541000,1560541000,,,0.9221161122969534,0.0811257121728938,0.23921191432971,0.0831122027553265,0.506491018178952,2.2802989476085536,2.2802989476085536,2.2802989476085536,1.226049171409146,15230880160.0,16353780160.0,30.076777567140603,10.584350354412786,40.80064334315564,117.43161264456438,4.280140553604046,4.280140553604046,11.364683919388463,44.06839170035031,43.80867977497991,126.08928419429452,0.0083120606734522,0.0085155945446031,0.5376703667275538,0.2285847411053499,3.0258690379951494,1.9643075512075816,0.0,2.946329913180742,0.0015035244030178,0.1808846761453396,0.0,0.0,0.0,0.6525582641307259,0.1692842251563585,1.3864541832669324,0.0,2.040170265459846,0.0172903351058013,0.0151250866168072,-2.0252431688754093,1261700000.0,3558500000.0,-2241600000.0,5493000000.0,1042850000.0,1360650000.0,268900000.0,60.135510771369006,114.17102966841186,24.380453752181506,1.496619864794592,0.78829104249465,3.6914817465998566,0.0355767879724603,0.1560997115743835,1991-03-30,,amc,,2025-04-25,1991-03-31,,9.77671875,5360123.40625
1990-12-31,DIS,USD,1744489,1990-12-31,1990-12-30 19:00:00,1991,Q1,1492400000.0,1018900000.0,473500000.0,0.3172741892,0,0.0,0.0,35900000.0,165800000.0,201700000.0,1220600000.0,0.0,0.0,165800000.0,437600000.0,0.2932189761,271800000.0,0.1821227553,800000.0,272600000.0,0.1826588046,102200000.0,170400000.0,0.1141785044,0.0092,0.0092,1597093000,1597093000,,,0.9344477748008412,0.1066938493876061,0.0648678567873004,-0.0966130338057959,0.4908918892011924,2.1970542729822244,2.1970542729822244,2.1970542729822244,1.2578478523166778,13479464920.0,14704364920.0,19.77621026995305,9.03207244706513,130.11066525096524,-87.35881348023331,3.841507287184018,3.841507287184018,9.85283095684803,33.60229643510055,141.93402432432433,-95.29724510693454,0.0126414513492424,-0.0114470419201179,0.5725156031804839,0.2344709260253507,2.799131627056673,1.964824120603015,0.0,0.607981220657277,0.0013947141159962,0.1103286384976525,0.0,0.0,0.0,2.48938223938224,0.1728088984186545,1.5554885404101326,0.0,2.296578759416742,0.0237459540500116,0.0198884194308924,-2.067850776379334,1363200000.0,3508900000.0,-2282800000.0,5449500000.0,987850000.0,1285500000.0,263800000.0,67.79549718574108,124.80223770733144,22.824614780645792,1.327521793275218,0.7211409158468398,3.943111455108359,0.048562227478697,0.1614808905930963,1990-12-30,,amc,,2025-04-25,1990-12-31,,9.418360655737704,7140415.278688525
1990-09-30,DIS,USD,1744489,1990-09-30,1990-09-29 20:00:00,1990,Q4,1712300000.0,1153300000.0,559000000.0,0.3264614846,0,0.0,0.0,37500000.0,162000000.0,199500000.0,1352800000.0,0.0,0.0,162000000.0,521500000.0,0.3045611166,359500000.0,0.2099515272,11400000.0,370900000.0,0.216609239,138200000.0,232700000.0,0.1358990831,0.15,0.15,1583183000,1597093000,,,1.081555322410612,0.146982376642498,0.3970482249998894,0.2623196434019314,0.517817586469789,2.20353553568981,2.20353553568981,2.20353553568981,1.0008950323493873,12681295830.0,13446095830.0,13.62408232703051,7.406001185539917,20.173871826280624,30.53526566337587,3.635067313535515,3.635067313535515,7.85265188927174,25.783501112176413,21.39054379573656,32.3768259812184,0.0183498597556177,0.0327490191513023,0.4542223241414894,0.1975244007329568,1.4665388302972195,1.4911835820015331,0.0,2.701332187365707,0.0015061552270403,0.0820799312419424,0.0,0.0,0.0,0.3393254852052179,0.1245692927641184,1.3166666666666669,0.0,2.699503662929074,0.0338462044385249,0.029006643979906,-1.857444780546532,832900000.0,3488600000.0,-2005100000.0,4743400000.0,827600000.0,1179150000.0,270100000.0,44.755591893943816,90.37457729992197,21.00754357062343,2.010921902524956,0.995855280200328,4.284175334323923,0.0667029754056068,0.134728581597958,1990-09-29,,amc,,2025-04-25,1990-09-30,,8.03421875,6485371.28125
1990-06-30,DIS,USD,1744489,1990-06-30,1990-06-29 20:00:00,1990,Q3,1539500000.0,991100000.0,548400000.0,0.3562195518,0,0.0,0.0,33400000.0,140600000.0,174000000.0,1165100000.0,0.0,0.0,140600000.0,515000000.0,0.3345241962,374400000.0,0.2431958428,10200000.0,384600000.0,0.2498213706,146200000.0,238400000.0,0.1548554726,0.0125,0.0125,1597417000,1597417000,,,0.9637433431596132,0.1492409308277049,0.1604465208521006,0.028170477714961,0.761980121658903,2.0937551058990858,2.0937551058990858,2.0937551058990858,1.196431489085192,17044439390.0,17738439390.0,17.87378291736577,11.071412400129912,66.50190944206008,378.7653197777778,5.09610697542307,5.09610697542307,11.522208113023709,34.44357163106796,69.20967378072571,394.187542,0.0139869663381166,0.0026401572366411,0.5714285714285714,0.2384945592492762,1.3475728155339806,2.4318446925512416,0.0,1.0750838926174495,0.0011323341037149,0.0809563758389261,0.0,0.0,0.0,0.8244245025360906,0.1372523546606041,1.5028449502133712,0.0,2.65153995272877,0.0340619043495411,0.029749425975841,-1.698695456477551,1718500000.0,3344600000.0,-1750300000.0,5458000000.0,766950000.0,1230750000.0,250850000.0,46.98473530367002,108.98799313893652,24.60902028049642,1.9155157397038696,0.8257790368271954,3.657195571955719,0.071279076720684,0.1322760431371395,1990-06-29,,amc,,2025-04-25,1990-06-30,,9.095396825396826,8424768.317460317
1990-03-31,DIS,USD,1744489,1990-03-31,1990-03-30 19:00:00,1990,Q2,1303800000.0,875700000.0,428100000.0,0.3283479061,0,0.0,0.0,34600000.0,116500000.0,151100000.0,1026800000.0,0.0,0.0,116500000.0,393500000.0,0.3018100936,277000000.0,0.2124558981,10900000.0,287900000.0,0.2208160761,109400000.0,178500000.0,0.1369075012,0.0092,0.0092,1599375000,1599375000,,,0.8151934349355217,0.1116060961313012,0.2905509964830011,0.1805705353653771,0.2772958186791715,2.055115279406018,2.055115279406018,2.055115279406018,0.5259554513481829,14778225000.0,15175925000.0,20.69779411764706,11.334733087896916,31.80164622336992,51.1711391966759,4.496098147190361,4.496098147190361,11.639764534437797,38.56651842439644,32.6574671831289,52.54821675900277,0.0120785818323919,0.0195422657321836,0.2559250357479692,0.1220386194489982,1.0106734434561626,1.6267343217315469,0.0,2.603361344537815,0.0013127422271619,0.1086834733893557,0.0,0.0,0.0,0.3785237787820099,0.1349133302653781,1.5098712446351932,0.0,2.2717122071846205,0.0304961155407457,0.0258962120442774,-1.562797967956233,790500000.0,3286900000.0,-1554200000.0,4380200000.0,837200000.0,1269150000.0,229400000.0,50.40497008743672,129.6300102774923,23.71017471736896,1.7855382087099425,0.6942836755728217,3.795838751625487,0.0543064893973044,0.109980461117624,1990-03-30,,amc,,2025-04-25,1990-03-31,,9.88126984126984,6132985.825396826
1989-12-31,DIS,USD,1744489,1989-12-31,1989-12-30 19:00:00,1990,Q1,1288200000.0,859800000.0,428400000.0,0.3325570564,0,0.0,0.0,33000000.0,119200000.0,152200000.0,1012000000.0,0.0,0.0,119200000.0,395400000.0,0.3069399162,276200000.0,0.2144077007,5100000.0,281300000.0,0.2183667132,106900000.0,174400000.0,0.1353827045,0.0092,0.0092,1623988000,1623988000,,,0.7932324623088348,0.1073899560834193,0.0057266433003199,-0.0655793023101155,0.2464919691524814,1.9742140951780431,1.9742140951780431,1.9742140951780431,0.5660140345864625,15135568160.0,15654468160.0,21.69662866972477,11.749393075609378,1627.480447311828,-142.1180108920188,4.720865899379309,4.720865899379309,12.15220319826114,39.59147233181588,1683.276146236559,-146.99031136150234,0.0115225274767617,-0.0070364058272656,0.2867034715074389,0.1335444785053246,1.312341932220536,1.7441660140955364,0.0,0.0533256880733944,0.0010769334740322,0.0934633027522935,0.0,0.0,0.0,12.451612903225806,0.0898928737773637,0.971476510067114,0.0,2.1840884167221444,0.0305449615206045,0.0253374206389562,-1.5114027936167016,950300000.0,3206100000.0,-1449700000.0,4418000000.0,926350000.0,1144200000.0,226200000.0,65.966464834653,133.67062107466853,23.876482903000696,1.3643295911883075,0.6732967893500391,3.769399386234108,0.0543963070397055,0.0713059456104355,1989-12-30,,amc,,2025-04-25,1989-12-31,,9.176825396825397,5922745.857142857
1989-09-30,DIS,USD,1744489,1989-09-30,1989-09-29 20:00:00,1989,Q4,1345200000.0,0.0,1345200000.0,1.0,0,0.0,0.0,0.0,-3484900000.0,-3484900000.0,-3484900000.0,0.0,0.0,0.0,-2139700000.0,-1.5906184954,-2139700000.0,-1.5906184954,2139700000.0,0.0,0.0,0.0,0.0,0.0,0.0,0.0,1614535000,1614535000,,,0.833181070710762,0.0,,,0.2358573830855323,1.8853725685723752,1.8853725685723752,1.8853725685723752,0.5330327307862636,16226076750.000002,16705876750.000002,0.0,12.062203947368422,0.0,0.0,5.330511415900132,5.330511415900132,12.41887953464169,-7.807578983035006,0.0,0.0,0.0,,0.2827201051248357,0.1292735684672234,-0.224237042576062,1.2250999380665504,0.0,0.0,0.0009815920398009,0.0,0.0,0.0,0.0,0.0,,0.0,,0.0,,0.0,-1.510574252029222,399800000.0,3044000000.0,-1437300000.0,3797100000.0,,,,60.78278322925959,0.0,0.0,1.4806824435883323,0.0,0.0,0.0,,1989-09-29,,amc,,2025-04-25,1989-09-30,,,
1989-06-30,DIS,USD,1744489,1989-06-30,1989-06-29 20:00:00,1989,Q3,1167600000.0,0.0,1167600000.0,1.0,0,0.0,0.0,0.0,0.0,0.0,0.0,0.0,0.0,0.0,1167600000.0,1.0,1167600000.0,1.0,-1167600000.0,0.0,0.0,0.0,0.0,0.0,0.01,0.01,1614535000,1614535000,,,0.723180358431375,0.0,,,,,,,,12706390450.0,,0.0,10.882485825625212,0.0,0.0,0.0,0.0,,,0.0,0.0,0.0,,0.0,0.0,,0.0,0.0,0.0,0.0012534942820838,0.0,0.0,0.0,0.0,0.0,,0.0,,,0.0,0.0,,,,,,,,,,0.0,0.0,0.0,0.0,0.0,0.0,,1989-06-29,,amc,,2025-04-25,1989-06-30,,,
1989-03-31,DIS,USD,1744489,1989-03-31,1989-03-30 19:00:00,1989,Q2,1037900000.0,0.0,1037900000.0,1.0,0,0.0,0.0,0.0,0.0,0.0,0.0,0.0,0.0,0.0,1037900000.0,1.0,1037900000.0,1.0,-1037900000.0,0.0,0.0,0.0,0.0,0.0,0.0075,0.0075,1614535000,1614535000,,,0.642847631051665,0.0,,,,,,,,10542913550.0,,0.0,10.157928075922536,0.0,0.0,0.0,0.0,,,0.0,0.0,0.0,,0.0,0.0,,0.0,0.0,0.0,0.0012589586523736,0.0,0.0,0.0,0.0,0.0,,0.0,,,0.0,0.0,,,,,,,,,,0.0,0.0,0.0,0.0,0.0,0.0,,1989-03-30,,amc,,2025-04-25,1989-03-31,,,
1988-12-31,DIS,USD,1744489,1988-12-31,1988-12-30 19:00:00,1989,Q1,1043600000.0,0.0,1043600000.0,1.0,0,0.0,0.0,0.0,0.0,0.0,0.0,0.0,0.0,0.0,1043600000.0,1.0,1043600000.0,1.0,-1043600000.0,0.0,0.0,0.0,0.0,0.0,0.0075,0.0075,1614535000,1614535000,,,0.6463780593173886,0.0,,,,,,,,8831506450.0,,0.0,8.462539718282867,0.0,0.0,0.0,0.0,,,0.0,0.0,0.0,,0.0,0.0,,0.0,0.0,0.0,0.0015029250457038,0.0,0.0,0.0,0.0,0.0,,0.0,,,0.0,0.0,,,,,,,,,,0.0,0.0,0.0,0.0,0.0,0.0,,1988-12-30,,amc,,2025-04-25,1988-12-31,,,
1988-09-30,DIS,USD,1744489,1988-09-30,1988-09-29 20:00:00,1988,Q4,1028200000.0,0.0,1028200000.0,1.0,0,0.0,0.0,0.0,-2649400000.0,-2649400000.0,-2649400000.0,0.0,0.0,0.0,-1621200000.0,-1.5767360436,-1621200000.0,-1.5767360436,1621200000.0,0.0,0.0,0.0,0.0,0.0,0.0,0.0,1600000000,1600000000,,,0.642625,0.0,,,0.0,1.4745625,1.4745625,1.4745625,0.264875,8640000000.0,9063800000.0,0.0,8.403034429099398,0.0,0.0,3.6621031661933614,3.6621031661933614,8.815211048434156,-5.5907969405378735,0.0,0.0,0.0,,0.1796295511380494,0.0829532776135763,-0.2614113002714039,0.0,0.0,0.0,0.0015224074074074,0.0,0.0,0.0,0.0,0.0,,0.0,,0.0,,0.0,-1.7185,0.0,2359300000.0,-2749600000.0,0.0,,,,0.0,0.0,0.0,0.0,0.0,0.0,0.0,,1988-09-29,,amc,,2025-04-25,1988-09-30,,,
1988-06-30,DIS,USD,1744489,1988-06-30,1988-06-29 20:00:00,1988,Q3,930400000.0,0.0,930400000.0,1.0,0,0.0,0.0,0.0,0.0,0.0,0.0,0.0,0.0,0.0,930400000.0,1.0,930400000.0,1.0,-930400000.0,0.0,0.0,0.0,0.0,0.0,0.0083,0.0083,1600000000,1600000000,,,0.5815,0.0,,,,,,,,8384000000.0,,0.0,9.011177987962167,0.0,0.0,0.0,0.0,,,0.0,0.0,0.0,,0.0,0.0,,0.0,0.0,0.0,0.0015688931297709,0.0,0.0,0.0,0.0,0.0,,0.0,,,0.0,0.0,,,,,,,,,,0.0,0.0,0.0,0.0,0.0,0.0,,1988-06-29,,amc,,2025-04-25,1988-06-30,,,
1988-03-31,DIS,USD,1744489,1988-03-31,1988-03-30 19:00:00,1988,Q2,789200000.0,0.0,789200000.0,1.0,0,0.0,0.0,0.0,0.0,0.0,0.0,0.0,0.0,0.0,789200000.0,1.0,789200000.0,1.0,-789200000.0,0.0,0.0,0.0,0.0,0.0,0.0058,0.0058,1649574000,1649574000,,,0.4784265513399217,0.0,,,,,,,,8115904080.0,,0.0,10.283710187531678,0.0,0.0,0.0,0.0,,,0.0,0.0,0.0,,0.0,0.0,,0.0,0.0,0.0,0.0013367886178861,0.0,0.0,0.0,0.0,0.0,,0.0,,,0.0,0.0,,,,,,,,,,0.0,0.0,0.0,0.0,0.0,0.0,,1988-03-30,,amc,,2025-04-25,1988-03-31,,,
1987-12-31,DIS,USD,1744489,1987-12-31,1987-12-30 19:00:00,1988,Q1,749300000.0,0.0,749300000.0,1.0,0,0.0,0.0,0.0,0.0,0.0,0.0,0.0,0.0,0.0,749300000.0,1.0,749300000.0,1.0,-749300000.0,0.0,0.0,0.0,0.0,0.0,0.005,0.005,1578042000,1578042000,,,0.4748289335771798,0.0,,,,,,,,7779747060.0,,0.0,10.382686587481649,0.0,0.0,0.0,0.0,,,0.0,0.0,0.0,,0.0,0.0,,0.0,0.0,0.0,,0.0,0.0,0.0,0.0,0.0,,0.0,,,0.0,0.0,,,,,,,,,,0.0,0.0,0.0,0.0,0.0,0.0,,1987-12-30,,amc,,2025-04-25,1987-12-31,,,
1987-09-30,DIS,USD,1744489,1987-09-30,1987-09-29 20:00:00,1987,Q4,782100000.0,0.0,782100000.0,1.0,0,0.0,0.0,0.0,-2170300000.0,-2170300000.0,-2170300000.0,0.0,0.0,0.0,-1388200000.0,-1.7749648383,-1388200000.0,-1.7749648383,1388200000.0,0.0,0.0,0.0,0.0,0.0,0.0,0.0,1577946000,1577946000,,,0.4956443376389306,0.0,,,0.0,1.1694950270795073,1.1694950270795073,1.1694950270795073,0.3355628139365986,10177751700.0,10707251700.0,0.0,13.013363636363636,0.0,0.0,5.515200877858459,5.515200877858459,13.690387034906022,-7.713046895260049,0.0,0.0,0.0,,0.2869296629457028,0.1391114730840974,-0.3814291888776833,0.0,0.0,0.0,0.0010196899224806,0.0,0.0,0.0,0.0,0.0,,0.0,,0.0,,0.0,-1.2426914482498133,0.0,1845400000.0,-1960900000.0,0.0,,,,0.0,0.0,0.0,0.0,0.0,0.0,0.0,,1987-09-29,,amc,,2025-04-25,1987-09-30,,,
1987-06-30,DIS,USD,1744489,1987-06-30,1987-06-29 20:00:00,1987,Q3,621900000.0,0.0,621900000.0,1.0,0,0.0,0.0,0.0,0.0,0.0,0.0,0.0,0.0,0.0,621900000.0,1.0,621900000.0,1.0,-621900000.0,0.0,0.0,0.0,0.0,0.0,0.0058,0.0058,1577946000,1577946000,,,0.3941199508728435,0.0,,,,,,,,9483455460.0,,0.0,15.249164592378197,0.0,0.0,0.0,0.0,,,0.0,0.0,0.0,,0.0,0.0,,0.0,0.0,0.0,0.0010943427620632,0.0,0.0,0.0,0.0,0.0,,0.0,,,0.0,0.0,,,,,,,,,,0.0,0.0,0.0,0.0,0.0,0.0,,1987-06-29,,amc,,2025-04-25,1987-06-30,,,
1987-03-31,DIS,USD,1744489,1987-03-31,1987-03-30 19:00:00,1987,Q2,766300000.0,0.0,766300000.0,1.0,0,0.0,0.0,0.0,0.0,0.0,0.0,0.0,0.0,0.0,766300000.0,1.0,766300000.0,1.0,-766300000.0,0.0,0.0,0.0,0.0,0.0,0.0042,0.0042,1571171000,1571171000,,,0.4877253971719182,0.0,,,,,,,,8154377490.000001,,0.0,10.641233837922488,0.0,0.0,0.0,0.0,,,0.0,0.0,0.0,,0.0,0.0,,0.0,0.0,0.0,0.0012672447013487,0.0,0.0,0.0,0.0,0.0,,0.0,,,0.0,0.0,,,,,,,,,,0.0,0.0,0.0,0.0,0.0,0.0,,1987-03-30,,amc,,2025-04-25,1987-03-31,,,
1986-12-31,DIS,USD,1744489,1986-12-31,1986-12-30 19:00:00,1987,Q1,755500000.0,0.0,755500000.0,1.0,0,0.0,0.0,0.0,0.0,0.0,0.0,0.0,0.0,0.0,755500000.0,1.0,755500000.0,1.0,-755500000.0,0.0,0.0,0.0,0.0,0.0,0.0042,0.0042,1569970000,1569970000,,,0.4812193863577011,0.0,,,,,,,,5636192300.0,,0.0,7.460214824619458,0.0,0.0,0.0,0.0,,,0.0,0.0,0.0,,0.0,0.0,,0.0,0.0,0.0,0.0018320334261838,0.0,0.0,0.0,0.0,0.0,,0.0,,,0.0,0.0,,,,,,,,,,0.0,0.0,0.0,0.0,0.0,0.0,,1986-12-30,,amc,,2025-04-25,1986-12-31,,,
1986-09-30,DIS,USD,1744489,1986-09-30,1986-09-29 20:00:00,1986,Q4,726400000.0,0.0,726400000.0,1.0,0,0.0,0.0,0.0,-1967400000.0,-1967400000.0,-1967400000.0,0.0,0.0,0.0,-1241000000.0,-1.7084251101,-1241000000.0,-1.7084251101,1241000000.0,0.0,0.0,0.0,0.0,0.0,0.0,0.0,1554066000,1554066000,,,0.4674190156660013,0.0,,,0.0,0.9128955913069328,0.9128955913069328,0.9128955913069328,0.3474755898398137,5112877140.0,5652877140.0,0.0,7.038652450440528,0.0,0.0,3.603917064918587,3.603917064918587,7.78204452092511,-4.555098420628525,0.0,0.0,0.0,,0.3806301543666737,0.1730214674783723,-0.435132957292506,0.0,0.0,0.0,0.0019990881458966,0.0,0.0,0.0,0.0,0.0,,0.0,,0.0,,0.0,-1.095384623304287,0.0,1418700000.0,-1702300000.0,0.0,,,,0.0,0.0,0.0,0.0,0.0,0.0,0.0,,1986-09-29,,amc,,2025-04-25,1986-09-30,,,
1986-06-30,DIS,USD,1744489,1986-06-30,1986-06-29 20:00:00,1986,Q3,647900000.0,0.0,647900000.0,1.0,0,0.0,0.0,0.0,0.0,0.0,0.0,0.0,0.0,0.0,647900000.0,1.0,647900000.0,1.0,-647900000.0,0.0,0.0,0.0,0.0,0.0,0.0042,0.0042,1554066000,1554066000,,,0.4169063604763247,0.0,,,,,,,,7071000300.0,,0.0,10.913721716314246,0.0,0.0,0.0,0.0,,,0.0,0.0,0.0,,0.0,0.0,,0.0,0.0,0.0,0.0014454945054945,0.0,0.0,0.0,0.0,0.0,,0.0,,,0.0,0.0,,,,,,,,,,0.0,0.0,0.0,0.0,0.0,0.0,,1986-06-29,,amc,,2025-04-25,1986-06-30,,,
1986-03-31,DIS,USD,1744489,1986-03-31,1986-03-30 19:00:00,1986,Q2,592400000.0,0.0,592400000.0,1.0,0,0.0,0.0,0.0,0.0,0.0,0.0,0.0,0.0,0.0,592400000.0,1.0,592400000.0,1.0,-592400000.0,0.0,0.0,0.0,0.0,0.0,0.0025,0.0025,1554066000,1554066000,,,0.381193591520566,0.0,,,,,,,,4848685920.0,,0.0,8.184817555705605,0.0,0.0,0.0,0.0,,,0.0,0.0,0.0,,0.0,0.0,,0.0,0.0,0.0,0.0021080128205128,0.0,0.0,0.0,0.0,0.0,,0.0,,,0.0,0.0,,,,,,,,,,0.0,0.0,0.0,0.0,0.0,0.0,,1986-03-30,,amc,,2025-04-25,1986-03-31,,,
1985-12-31,DIS,USD,1744489,1985-12-31,1985-12-30 19:00:00,1986,Q1,504200000.0,0.0,504200000.0,1.0,0,0.0,0.0,0.0,0.0,0.0,0.0,0.0,0.0,0.0,504200000.0,1.0,504200000.0,1.0,-504200000.0,0.0,0.0,0.0,0.0,0.0,0.0004,0.0004,1572565000,1572565000,,,0.3206226769640682,0.0,,,,,,,,3695527750.0,,0.0,7.329487802459342,0.0,0.0,0.0,0.0,,,0.0,0.0,0.0,,0.0,0.0,,0.0,0.0,0.0,0.002623829787234,0.0,0.0,0.0,0.0,0.0,,0.0,,,0.0,0.0,,,,,,,,,,0.0,0.0,0.0,0.0,0.0,0.0,,1985-12-30,,amc,,2025-04-25,1985-12-31,,,
1985-09-30,DIS,USD,1744489,1985-09-30,1985-09-29 20:00:00,1985,Q4,590500000.0,0.0,590500000.0,1.0,0,0.0,0.0,0.0,-1653900000.0,-1653900000.0,-1653900000.0,0.0,0.0,0.0,-1063400000.0,-1.8008467401,-1063400000.0,-1.8008467401,1063400000.0,0.0,0.0,0.0,0.0,0.0,0.0,0.0,1554066000,1572565000,,,0.3799709922229815,0.0,,,0.0,0.762451530372584,0.762451530372584,0.762451530372584,0.5296428851799087,2704074840.0,3527174840.0,0.0,4.579296934801016,0.0,0.0,2.282112279517259,2.282112279517259,5.973200406435224,-3.316884370885838,0.0,0.0,0.0,,0.6946577770275972,0.2840920857349946,-0.774026706789543,0.0,0.0,0.0,0.0035436781609195,0.0,0.0,0.0,0.0,0.0,,0.0,,0.0,,0.0,-1.1018837037809206,0.0,1184900000.0,-1712400000.0,0.0,,,,0.0,0.0,0.0,0.0,0.0,0.0,0.0,,1985-09-29,,amc,,2025-04-25,1985-09-30,,,
