date,symbol,reportedCurrency,cik,fillingDate,acceptedDate,calendarYear,period,revenue,costOfRevenue,grossProfit,grossProfitRatio,researchAndDevelopmentExpenses,generalAndAdministrativeExpenses,sellingAndMarketingExpenses,sellingGeneralAndAdministrativeExpenses,otherExpenses,operatingExpenses,costAndExpenses,interestIncome,interestExpense,depreciationAndAmortization,ebitda,ebitdaratio,operatingIncome,operatingIncomeRatio,totalOtherIncomeExpensesNet,incomeBeforeTax,incomeBeforeTaxRatio,incomeTaxExpense,netIncome,netIncomeRatio,eps,epsdiluted,weightedAverageShsOut,weightedAverageShsOutDil,link,finalLink,revenuePerShare,netIncomePerShare,operatingCashFlowPerShare,freeCashFlowPerShare,cashPerShare,bookValuePerShare,tangibleBookValuePerShare,shareholdersEquityPerShare,interestDebtPerShare,marketCap,enterpriseValue,peRatio,priceToSalesRatio,pocfratio,pfcfRatio,pbRatio,ptbRatio,evToSales,enterpriseValueOverEBITDA,evToOperatingCashFlow,evToFreeCashFlow,earningsYield,freeCashFlowYield,debtToEquity,debtToAssets,netDebtToEBITDA,currentRatio,interestCoverage,incomeQuality,dividendYield,payoutRatio,salesGeneralAndAdministrativeToRevenue,researchAndDdevelopementToRevenue,intangiblesToTotalAssets,capexToOperatingCashFlow,capexToRevenue,capexToDepreciation,stockBasedCompensationToRevenue,grahamNumber,roic,returnOnTangibleAssets,grahamNetNet,workingCapital,tangibleAssetValue,netCurrentAssetValue,investedCapital,averageReceivables,averagePayables,averageInventory,daysSalesOutstanding,daysPayablesOutstanding,daysOfInventoryOnHand,receivablesTurnover,payablesTurnover,inventoryTurnover,roe,capexPerShare,report_date,epsEstimated,time,revenueEstimated,updatedFromDate,fiscalDateEnding,surprise(%),QuarterAvgPrice,QuarterAvgVolume
2025-03-31,DLR,USD,1297996,2025-05-01,2025-05-01 17:23:22,2025,Q1,1407637000.0,605324000.0,802313000.0,0.5699715196,0,123540000.0,0.0,123540000.0,483023000.0,606563000.0,1211887000.0,0.0,98464000.0,443009000.0,665003000.0,0.4724250641,195750000.0,0.1390628408,-72220000.0,123530000.0,0.0877569999,17135000.0,109974000.0,0.0781266761,0.2964004716602857,0.2894891811058798,336683000,344721000,https://www.sec.gov/Archives/edgar/data/1297996/000155837025006125/0001558370-25-006125-index.htm,https://www.sec.gov/Archives/edgar/data/1297996/000155837025006125/dlr-20250331x10q.htm,4.180897164394994,0.3266395986729357,1.185343483335957,1.185343483335957,6.896353543243942,133.8961634534562,100.33594805796552,63.25118286340564,0.0,48243307070.0,45921422070.0,109.66980165766452,34.2725482990288,120.88479163586705,120.88479163586705,2.26541217908039,2.26541217908039,32.623056988413914,67.66474288341307,115.06677041231818,115.06677041231818,0.0022795700933277,0.008272339195589,0.0,0.0,-3.42127365503543,0.0,0.0,3.7509751398092015,0.0175902742067139,7.71648753341699,0.0,0.0,0.2506435922427054,0.0,0.0,0.0,0.0148319488618159,21.560558253140243,0.0037399106502166,0.0032554593343178,6.896353543243942,4648642000.0,33781408000.0,4648642000.0,15947796000.0,628732000.0,1028107500.0,0.0,0.0,0.0,0.0,0.0,0.0,0.0,0.0051641658524921,0.0,2025-03-31,,,,,,,162.64916666666667,2515764.85
2024-12-31,DLR,USD,1297996,2025-02-25,2025-02-24 21:40:43,2024,Q4,1435862000.0,662689000.0,773173000.0,0.5384730566,0,126816000.0,0.0,126816000.0,502035000.0,628851000.0,1291540000.0,0.0,104742000.0,455355000.0,750713000.0,0.5228308849,144322000.0,0.1005124448,-233987000.0,-89665000.0,-0.062446809,4928000.0,-89665000.0,-0.062446809,-0.27,-0.27,323336000,336249000,https://www.sec.gov/Archives/edgar/data/1297996/000155837025001424/0001558370-25-001424-index.htm,https://www.sec.gov/Archives/edgar/data/1297996/000155837025001424/dlr-20241231x10k.htm,4.440773684340748,-0.2773121458792092,2.3797999604126976,2.3797999604126976,11.97172909914145,71.67707895192616,37.32431588193087,66.00068349951754,56.020170967662125,57337172880.00001,71474877880.0,-159.86497763898956,39.93223086898324,74.51466633743787,74.51466633743787,2.686790357274047,2.686790357274047,49.77837555419672,95.20932484185036,92.8878493518308,92.8878493518308,-0.0015638196914183,0.0134201768477567,0.8438735230651988,0.397684584199283,18.83237002689443,1.1085971725811534,1.3778808882778637,4.143913446210848,0.0001776334529314,-0.1135894719232699,0.0883204653371981,0.0,0.2452870592313122,0.0,0.0,0.0,0.0103986316233732,,0.0036020293623416,-0.002623614709342,-53.48568362322785,502369000.0,12068295000.0,-16979481000.0,12788707000.0,1265962000.0,2098489000.0,0.0,78.81799225830895,279.25520115770746,0.0,1.141871258342187,0.3222858504582448,0.0,-0.0042016556674179,0.0,2024-12-31,,,,,,,177.41328125,1911066.1875
2024-09-30,DLR,USD,1297996,2024-11-01,2024-11-01 17:01:14,2024,Q3,1431214000.0,656361000.0,774853000.0,0.5413956264,0,117602000.0,0.0,117602000.0,488965000.0,606567000.0,1262928000.0,0.0,123803000.0,459997000.0,652477000.0,0.4558905936,168286000.0,0.1175826955,-115725000.0,52561000.0,0.0367247665,12427000.0,51193000.0,0.0357689346,0.0948,0.0925,327977000,336249000,https://www.sec.gov/Archives/edgar/data/1297996/000155837024014149/0001558370-24-014149-index.htm,https://www.sec.gov/Archives/edgar/data/1297996/000155837024014149/dlr-20240930x10q.htm,4.363763312671315,0.1560871646487406,1.727300999765227,1.727300999765227,6.633407220628276,70.66535458279087,34.80094945682167,64.77927110742522,56.26690896007952,53076517910.00001,69231361910.0,259.198122350712,37.08496277286277,93.68951909481656,93.68951909481656,2.498175685423088,2.498175685423088,48.372473934715565,106.10544419190256,122.20569960195228,122.20569960195228,0.0009645131597895,0.0106735524919064,0.8627672612648969,0.4046868477192304,24.75925434919545,0.7928484578009188,1.3593047018246731,14.115587780933872,0.0078897037049429,8.179985544898717,0.0821694030382598,0.0,0.2596886734016713,0.0,0.0,0.0,0.015804764346911,15.083178941832088,0.003007152661066,0.001526659461956,-57.89226073779564,-901416000.0,11413911000.0,-18668715000.0,12089791000.0,1248431500.0,2002993500.0,-22638000.0,80.14273197439377,293.54070397235665,0.0,1.1229964063211086,0.3066014313588193,0.0,0.0024095233240568,0.0,2024-10-24,1.67,amc,1466360000.0,2025-04-25,2024-09-30,0.0,153.33609375,1615151.875
2024-06-30,DLR,USD,1297996,2024-08-02,2024-08-02 17:17:23,2024,Q2,1356749000.0,1032619000.0,324130000.0,0.2389019642,0,120395000.0,0.0,120395000.0,62261000.0,545209000.0,1152485000.0,0.0,114756000.0,425343000.0,629607000.0,0.4640556212,204264000.0,0.1505540081,79771000.0,89660000.0,0.0660844416,14992000.0,80220000.0,0.0591266329,0.22,0.2,319537000,327946000,https://www.sec.gov/Archives/edgar/data/1297996/000155837024010734/0001558370-24-010734-index.htm,https://www.sec.gov/Archives/edgar/data/1297996/000155837024010734/dlr-20240630x10q.htm,4.245984033147961,0.2510507390380456,1.793883024501075,-0.2574756600957009,7.283469519961694,70.12554101715921,34.3113661328735,64.27269142540614,55.67850045534633,48611163810.0,64005686810.0,151.49328038519073,35.82915027761214,84.80486069726383,-590.8519661371288,2.366946157475911,2.366946157475911,47.175775924655184,101.6597445867025,111.6614565117269,-777.967095037254,0.0016502382109909,-0.0016924713080635,0.8606978657532028,0.40536226815386,24.451003562539807,0.8267841091663187,1.7799853602426017,7.145499875342807,0.0085531587275939,5.182984293193718,0.08873785792361,0.0,0.2624345794217853,1.1435297935144415,0.4831291565352176,1.541073909762239,0.0232172642102555,19.05396022752306,0.0041272214415928,0.0024941758258397,-56.261640279529445,-734205000.0,10963751000.0,-17694713000.0,11920752000.0,1219839500.0,1807568000.0,-36212499.5,81.08815263545432,162.5673749587867,-3.9461214677883336,1.1099031988632226,0.5536166160203815,-22.807204677975086,0.0039060249924248,2.051358684596776,2024-07-25,1.63,amc,1382370000.0,2025-04-25,2024-06-30,0.0122699386503067,143.59507936507936,1863091.7301587304
2024-03-31,DLR,USD,1297996,2024-05-03,2024-05-03 17:17:47,2024,Q1,1331143000.0,1023891000.0,307252000.0,0.2308181766,0,115210000.0,0.0,115210000.0,-126046000.0,126046000.0,1149937000.0,0.0,109535000.0,431102000.0,612308000.0,0.4599866431,181206000.0,0.1361281245,160883000.0,310250000.0,0.2330703764,22413000.0,281508000.0,0.2114784062,0.87,0.82,312292000,320798000,https://www.sec.gov/Archives/edgar/data/1297996/000155837024006671/0001558370-24-006671-index.htm,https://www.sec.gov/Archives/edgar/data/1297996/000155837024006671/dlr-20240331x10q.htm,4.262494716483292,0.9014255888719532,1.1280308173120028,-0.9831824062095732,3.909587821654093,66.73313117210816,30.02259744085664,60.9040577408323,59.19980979339849,44317357720.0,61501665720.0,39.35710327948051,33.29270988917043,125.80330060322191,-144.33740789473686,2.3300582139186163,2.3300582139186163,46.20214786841083,100.44236841589527,174.58424730679158,-200.30506031787388,0.006352093502022,-0.0069282108816121,0.9662585141312892,0.4310757777837773,28.06481052019572,0.7135155261829388,1.6543205368147167,1.2513853957969223,0.017792689830065,2.801074925046535,0.0865496794859755,0.0,0.2689086404224662,1.87159179618196,0.4952999039171599,1.5293712392890777,0.0125726537269098,35.146275941537915,0.0041252505760146,0.0090317579347192,-62.99409046501352,-1083327000.0,9375817000.0,-19094742000.0,11614489000.0,1247693000.0,1529488500.0,-17843499.5,82.30133051069645,153.81723249838117,-2.386396510956733,1.0935424669507985,0.5851099941025606,-37.71376616869005,0.0148007476399656,2.111213223521576,2024-05-02,1.63,amc,1361990000.0,2025-04-25,2024-03-31,0.0245398773006135,141.3255737704918,2108082.4918032787
2023-12-31,DLR,USD,1297996,2024-02-23,2024-02-23 07:24:51,2023,Q4,1369633000.0,1067631000.0,302002000.0,0.2204984839,0,116799000.0,0.0,116799000.0,-122380000.0,122380000.0,1190011000.0,0.0,113638000.0,420475000.0,600097000.0,0.4381443788,179622000.0,0.1311460807,-93426000.0,40606000.0,0.0296473581,20724000.0,28310000.0,0.0206697707,0.0926,0.0926,305781000,305781000,https://www.sec.gov/Archives/edgar/data/1297996/000155837024001575/0001558370-24-001575-index.htm,https://www.sec.gov/Archives/edgar/data/1297996/000155837024001575/dlr-20231231x10k.htm,4.479130488813889,0.0925825999653346,1.5118826872827285,-1.951824998937148,5.343801609648736,68.66457039515208,30.27072643493219,62.52034626088606,62.40295832638392,41152006980.00001,58494512980.00001,363.4052188272695,30.046010120959416,89.0148429716313,-68.95085372576158,2.152579248976359,2.152579248976359,42.708165603486485,97.47509649273368,126.52796958717732,-98.00850321112678,0.0006879372861148,-0.0145030836598093,0.9921782275893952,0.4299841428620879,28.899504580092884,0.7031223915709502,1.5806508386279237,23.24191845558293,0.0002473998413965,0.3596255740021194,0.0852775889599622,0.0,0.2661355972876815,2.290989714582365,0.773299124656021,2.518903620904929,0.0187984664505017,11.41212796415423,0.0022271790437236,0.0008744901523172,-67.13494134691167,-1428019000.0,9256213000.0,-19734828000.0,11726345000.0,1301917500.0,1728084500.0,1482827500.0,83.98592907735139,110.35259373322806,-0.7197430572922667,1.0716080775520105,0.8155675997754123,-125.04462403373157,0.0014808395266879,3.4637076862198763,2024-02-15,1.64,amc,1394800000.0,2025-04-25,2023-12-31,-0.0060975609756097,129.1636507936508,1932433.634920635
2023-09-30,DLR,USD,1297996,2023-11-09,2023-11-09 16:25:12,2023,Q3,1402437000.0,679823000.0,722614000.0,0.5152559438,0,112328000.0,0.0,112328000.0,625941000.0,534236000.0,1214059000.0,0.0,110767000.0,420613000.0,606304000.0,0.4323217371,58231000.0,0.0415212947,704940000.0,763171000.0,0.5441748899,17228000.0,733618000.0,0.5231022855,2.4,2.33,301827000,311341000,https://www.sec.gov/Archives/edgar/data/1297996/000155837023018593/0001558370-23-018593-index.htm,https://www.sec.gov/Archives/edgar/data/1297996/000155837023018593/dlr-20230930x10q.htm,4.646492858491785,2.430591033936659,1.1873059732893343,-2.449883542559148,3.6263554950352352,66.38531675429965,28.26986651293622,60.26639763838225,60.91255255494041,36527103540.0,53739339540.0,12.447589733348964,26.04545055499819,101.92823309456108,-49.398266447221616,2.0080841852562497,2.0080841852562497,38.31854089702425,88.6343147002164,149.9586716746521,-72.6756286708473,0.0200842095020381,-0.0202436253723281,1.0046322088819444,0.4358022885104792,28.38878846255344,0.5642985165207577,0.5257071149349536,0.4804166029884521,0.0106351712112785,0.529528991927679,0.0800948634412811,0.0,0.2743520630708652,3.0633969656296305,0.7827816864500865,2.610004921388545,0.0137118458797079,57.40963968985566,0.0015053112271664,0.0241097719641584,-60.69606678660292,-1843629000.0,8532609000.0,-19507859000.0,10935053000.0,1242054000.0,2120020000.0,1478441000.0,85.077083676486,284.24951788921527,393.7456808610477,1.0578641875200363,0.3166232283112509,0.2285739358541964,0.0403307834744161,3.637189515848483,2023-10-26,1.62,amc,1397310000.0,2025-04-25,2023-09-30,0.0,122.80031746031746,2300861.492063492
2023-06-30,DLR,USD,1297996,2023-08-04,2023-08-04 09:09:58,2023,Q2,1366267000.0,646414000.0,719853000.0,0.5268757864,0,110349000.0,0.0,110349000.0,502095000.0,543577000.0,1189991000.0,0.0,111116000.0,432573000.0,605197000.0,0.442956611,154860000.0,0.1133453417,-23041000.0,131819000.0,0.0964811417,16173000.0,118184000.0,0.0865013939,0.37,0.35,295390000,306819000,https://www.sec.gov/Archives/edgar/data/1297996/000155837023013321/0001558370-23-013321-index.htm,https://www.sec.gov/Archives/edgar/data/1297996/000155837023013321/dlr-20230630x10q.htm,4.625298757574732,0.400094789938725,1.57211821659501,-0.5605978536849588,0.4801448931920511,65.92159517925454,25.38468126883104,59.654883374521816,65.20466501912726,33636059300.0,52661230300.0,71.15188879205307,24.618950249109435,72.43093986063379,-203.122433044476,1.908812716724429,1.908812716724429,38.5438792710356,87.0150220506711,113.3992056211616,-318.01220024759203,0.0035136101689534,-0.0049231391383591,1.0867257506984669,0.4517636584342515,31.43632734464976,0.4206108019868814,1.3936786781381618,4.015599328986736,0.0114167654592046,3.2492977052731336,0.0807667900930052,0.0,0.2824854056154306,1.3565875948560255,0.4610980137850068,1.456362278736768,0.0132133763019966,23.17371745603929,0.0035716518144263,0.0038857735656397,-74.18732269203426,-2585274000.0,7498381000.0,-21039361000.0,10680158000.0,1114224500.0,2008377500.0,-8655500.0,76.30607341024852,291.39876302184047,-2.410204605717079,1.179460506585473,0.3088551202712362,-37.341228120848015,0.0067068237721105,2.132716070279969,2023-07-27,1.65,amc,1371710000.0,2025-04-25,2023-06-30,0.0181818181818182,98.93806451612905,3112909.2741935486
2023-03-31,DLR,USD,1297996,2023-05-04,2023-05-04 16:43:05,2023,Q1,1338723000.0,616004000.0,722719000.0,0.539857013,0,111920000.0,0.0,111920000.0,433465000.0,545385000.0,1161389000.0,0.0,102220000.0,421198000.0,613709000.0,0.4584286667,177334000.0,0.1324650432,-87043000.0,90291000.0,0.067445618,21454000.0,68726000.0,0.0513369831,0.2,0.19,291218549,303065000,https://www.sec.gov/Archives/edgar/data/1297996/000155837023008142/0001558370-23-008142-index.htm,https://www.sec.gov/Archives/edgar/data/1297996/000155837023008142/dlr-20230331x10q.htm,4.596970229392909,0.2359945828862707,1.2009056469819854,1.2009056469819854,0.4512281255820693,65.77000697850465,23.825814062414,59.10505721254727,66.69123607232862,28629695552.19,47817794552.19,104.14433966835696,21.385824813788965,81.86321735355678,81.86321735355679,1.6633094465414038,1.6633094465414038,35.71896094426555,77.91607187150588,136.7293096658241,136.7293096658241,0.0024005145243237,0.0122154983926557,1.1224120462763985,0.4605028042407483,31.265793723083743,0.2487498038319335,1.7348268440618275,5.088700055292029,0.0257765926520147,10.73794488257719,0.0836020595746842,0.0,0.2911569492642814,0.0,0.0,0.0,0.0130736530260554,17.71554824935559,0.0034108782554052,0.0023110389553617,-75.08335432301051,-3628570000.0,6938519000.0,-21598149000.0,9903650000.0,1019679000.0,1896352000.0,856327500.0,71.93866094778382,281.0756261322978,0.0,1.251065822108169,0.32019852179441,0.0,0.0039927984848675,0.0,2023-04-27,1.65,amc,1384540000.0,2025-04-25,2023-03-31,0.006060606060606,105.41596774193548,2232436.870967742
2022-12-31,DLR,USD,1297996,2023-02-27,2023-02-24 21:24:08,2022,Q4,1233106000.0,533023000.0,700083000.0,0.5677395131,0,109029000.0,0.0,109029000.0,433745000.0,542774000.0,1075797000.0,0.0,86882000.0,430130000.0,571461000.0,0.4634321786,120981000.0,0.0981107869,-137895000.0,-16915000.0,-0.0137173933,-17676000.0,761000.0,0.0006171408,0.0026,0.0025,289364739,301712082,https://www.sec.gov/Archives/edgar/data/1297996/000155837023002087/0001558370-23-002087-index.htm,https://www.sec.gov/Archives/edgar/data/1297996/000155837023002087/dlr-20221231x10k.htm,4.261424540741987,0.0026298988696062,1.5773310928530238,-1.4969100986419772,0.549109751758662,67.81111294973643,25.300321750674676,60.76529594022166,62.73994911315024,29014602379.53,46940676379.53,9531.735341501317,23.52969037497993,63.569405595520834,-66.98465064199024,1.6501195040445684,1.6501195040445684,38.067024553874525,82.14152213279647,102.84445248174944,-108.3697362814756,2.622817262996134e-05,-0.0149287932446591,1.0275552406614126,0.435527247705303,31.368849317801217,0.2534912324771032,1.3924748509472618,599.7687253613666,0.0003500306455057,13.345597897503286,0.0884181895149322,0.0,0.2965198166334731,1.949014512821412,0.7214116223584996,2.0681584637202706,0.0244974884559802,1.8962194281914533,-0.0001462380616126,2.607604459915089e-05,-69.5339161555548,-3271986000.0,7321021000.0,-20751788000.0,10380467000.0,915204500.0,1745145500.0,846796000.5,70.74515897254575,315.5579590374149,289.178797162599,1.272171853270222,0.2852090952626833,0.3112261371963413,4.327961921214714e-05,3.074241191495001,2023-02-16,1.68,amc,1210934049.0,2025-04-25,2022-12-31,-0.0178571428571428,102.0536507936508,2168119.031746032
2022-09-30,DLR,USD,1297996,2022-11-04,2022-11-04 17:15:21,2022,Q3,1192082000.0,517590000.0,674492000.0,0.5658100701,0,99794000.0,0.0,99794000.0,389800000.0,489594000.0,1007184000.0,0.0,76502000.0,388704000.0,571947000.0,0.4797883032,157381000.0,0.1320219582,100986000.0,258367000.0,0.2167359292,19576000.0,226894000.0,0.190334222,0.79,0.77,286693000,296415000,https://www.sec.gov/Archives/edgar/data/1297996/000155837022016456/0001558370-22-016456-index.htm,https://www.sec.gov/Archives/edgar/data/1297996/000155837022016456/dlr-20220930x10q.htm,4.158043621574297,0.7914179976490532,1.462840041438054,-0.9316830198156216,78.4236308525147,66.22045533026618,25.187133972576937,59.519834805872485,59.99003463635317,28434211740.000004,45379463740.0,31.32984096097737,23.852563615590206,67.79962073125951,-106.4525143107444,1.6663352699731364,1.6663352699731364,38.06740118548892,79.34207844433138,108.204526951305,-169.89245411015062,0.0079796128014625,-0.0093938598489173,1.0034166240816882,0.4366218603354917,29.62731162153137,0.2677863922642456,2.0572141904786805,1.756288972364955,0.0129806658041015,1.6267287808403923,0.0837140398059865,0.0,0.299984722767185,1.6369001349592025,0.5758773305863187,1.7661073721906644,0.0178578319276694,32.55555314927832,0.0040821042421488,0.0082653428071456,10.078851770011823,-2838459000.0,7220975000.0,-19192190000.0,10178900000.0,829162500.0,1620314000.0,715693500.5,65.01275080069995,281.93462006607547,-3.3147276995305166,1.3843438231970802,0.3192229460110546,-27.151551547581786,0.0132967102518061,2.394523061253675,2022-10-26,1.67,amc,1188436503.0,2025-04-25,2022-09-30,0.0,122.64703125,1609005.765625
2022-06-30,DLR,USD,1297996,2022-08-05,2022-08-05 17:12:52,2022,Q2,1139322000.0,468715000.0,670607000.0,0.5886018176,0,105827000.0,0.0,105827000.0,377037000.0,482864000.0,951579000.0,0.0,69023000.0,376967000.0,560925000.0,0.4923322818,170371000.0,0.1495371809,-90103000.0,80268000.0,0.070452427,16406000.0,53246000.0,0.0467348125,0.19,0.19,284694000,285110000,https://www.sec.gov/Archives/edgar/data/1297996/000155837022012450/0001558370-22-012450-index.htm,https://www.sec.gov/Archives/edgar/data/1297996/000155837022012450/dlr-20220630x10q.htm,4.0019178486374845,0.1870288801309476,1.7769710636683598,-0.1489318355848735,73.41080247564051,62.07108685114544,26.71208033889018,60.20018686730314,55.434501605232285,36961822020.0,52575443020.0,173.54271691770273,32.44194531484514,73.06252907235324,-871.7410853773584,2.156637823835648,2.156637823835648,46.14625454436937,93.72989797209964,103.92601403854177,-1239.9868636792453,0.0014405675123696,-0.001147129597049,0.916808704452024,0.4370013931171596,27.83548781031332,0.2930229578244688,2.46832215348507,7.921535161204453,0.0099149603556258,6.882676632986516,0.0928859444476627,0.0,0.2799666548531725,1.0838121895341506,0.4812449860531088,1.4544854058843346,0.0196783701183686,15.916387922608994,0.0040431154503106,0.002056659132098,13.8322374198262,-2162828000.0,7604769000.0,-17388357000.0,9214639000.0,785892500.0,1595789500.0,11191707500.0,62.97492719354142,310.9138388999712,278.50719520390857,1.4291401992955417,0.2894692636340168,0.3231514357613154,0.0031067823849651,1.9259028992532328,2022-07-28,1.64,amc,1152623363.0,2025-04-25,2022-06-30,-0.0548780487804877,138.1183870967742,1580532.2741935484
2022-03-31,DLR,USD,1297996,2022-05-06,2022-05-06 16:55:41,2022,Q1,1127322000.0,482119000.0,645203000.0,0.5723324835,0,100133000.0,0.0,100133000.0,389789000.0,489922000.0,972041000.0,3051000.0,66725000.0,382132000.0,535335000.0,0.4748731951,219290000.0,0.1945229491,-51081000.0,90155000.0,0.0799727141,13244000.0,63100000.0,0.0559733599,0.22,0.22,284526000,285025000,https://www.sec.gov/Archives/edgar/data/1297996/000155837022007648/0001558370-22-007648-index.htm,https://www.sec.gov/Archives/edgar/data/1297996/000155837022007648/dlr-20220331x10q.htm,3.962105396343392,0.2217723512086769,0.9759565030963778,-0.8471949839381989,74.12654379564609,64.14682665204586,27.44285232281057,62.20242438300893,55.978891208536304,40345786800.0,56048547800.0,159.84860063391443,35.789052994619105,145.29336046239445,-167.37587295529124,2.279653910704062,2.279653910704062,49.71831278019945,104.69808213548524,201.84218737058177,-232.51931267086772,0.0015639799097932,-0.0059745767555585,0.8961769404098393,0.4324015514927177,29.332588005641327,0.3706916289963286,3.2864743349569125,3.610518788193993,0.0174717375941717,11.171331220285262,0.0888237788316026,0.0,0.2847077303593027,1.868066334155608,0.4601471451812348,1.3574733338218208,0.0164504906317804,17.617675865214064,0.0054756768464395,0.0024049720644009,48.18272583173418,-1583141000.0,7808205000.0,-17496563000.0,10222036000.0,723149000.0,1557990000.0,10466482500.5,61.83852528381421,293.52116386203403,3907.680157803364,1.4554034008239336,0.3066218422406616,0.0230315676732846,0.0035653329176226,1.8231514870345769,2022-04-28,1.67,amc,1125520826.0,2025-04-25,2022-03-31,0.0,144.49870967741936,1661711.241935484
2021-12-31,DLR,USD,1297996,2022-02-25,2022-02-25 17:19:45,2021,Q4,1111168000.0,461856000.0,649312000.0,0.5843508812,0,107212000.0,0.0,107212000.0,-4349000.0,486094000.0,947950000.0,0.0,71762000.0,378883000.0,884815000.0,0.7962927298,131497000.0,0.1183412409,962861000.0,1094358000.0,0.9848717746,3961000.0,1057629000.0,0.951817367,3.73,3.71,283869662,284868184,https://www.sec.gov/Archives/edgar/data/1297996/000155837022002195/0001558370-22-002195-index.htm,https://www.sec.gov/Archives/edgar/data/1297996/000155837022002195/dlr-20211231x10k.htm,3.9143598233473775,3.725755660356547,1.592061641303536,-1.129951674793624,0.5026884486162526,65.2545322014721,27.656551759307057,63.425474470040406,52.95444005566189,50208027117.94,65025726117.94,11.86806222171007,45.18491093870594,111.0949447002465,-156.5288179534791,2.7886271482848133,2.7886271482848133,58.52015727409357,73.49075921852591,143.8819619459749,-202.7245568103779,0.0210649384313707,-0.006388599959256,0.8309222970526147,0.4113439095771299,16.746663426818035,0.3571192410165383,1.832404336556952,0.4144710596232381,0.0001981157311087,0.0094049992955942,0.0964858599239718,0.0,0.2934576607470643,1.709741159185552,0.6953916959451676,2.039407943877133,0.016241468436816,72.91725421081719,0.0038434953122991,0.0411582699897581,-60.5886840049149,-1466105000.0,7850856000.0,-17031359000.0,10612262000.0,641068500.0,1442743500.0,1.0,54.40661538129248,300.7995349199751,1.9486593223861986e-07,1.654210602318522,0.2992025902697744,461856000.0,0.0587422591866686,2.72201331609716,2022-02-17,1.68,amc,1106376915.0,2025-04-25,2021-12-31,-0.0059523809523809,160.18125,1242302.84375
2021-09-30,DLR,USD,1297996,2021-11-05,2021-11-05 16:03:25,2021,Q3,1133136000.0,462243000.0,670893000.0,0.5920675012,0,101800000.0,0.0,101800000.0,-2947000.0,471345000.0,933588000.0,0.0,71417000.0,369035000.0,567204000.0,0.5005612742,184367000.0,0.1627050945,-34115000.0,150252000.0,0.1325983818,13709000.0,124094000.0,0.1095137742,0.44,0.44,283106000,283800000,https://www.sec.gov/Archives/edgar/data/1297996/000155837021014831/0001558370-21-014831-index.htm,https://www.sec.gov/Archives/edgar/data/1297996/000155837021014831/dlr-20210930x10q.htm,4.00251495906127,0.4383305193107882,1.414198215509385,-0.9404993182765466,0.409747585709946,62.89968774946487,24.27621809498915,61.01678170014058,55.46398522108327,40894661700.0,56409429700.0,82.3864604654536,36.089808902020586,102.14268298165688,-153.58862807545978,2.367381496944261,2.367381496944261,49.781694077321696,99.45174875353489,140.89395181433082,-211.857649824796,0.0030344791921826,-0.0065108987073488,0.9048612738858148,0.4360333486871998,27.353065211105704,0.3341100217644472,2.5815562121063613,2.932218161577841,0.0084939692752122,2.7991522555482136,0.0898391719970065,0.0,0.3050279895629414,1.6650406625904168,0.5883044930176078,1.8064113159998376,0.0162098812499117,24.531085304347044,0.0049755904410348,0.0049810718147134,-61.696166805012965,-1447770000.0,6872743000.0,-17313951000.0,10929427000.0,620251000.0,1354552000.0,0.5,48.48265345024781,261.2646594972774,1.947027861968705e-07,1.856334041047417,0.3444782779774999,462243000.0,0.0071837698924356,2.354697533785932,2021-10-26,1.62,amc,1097610000.0,2025-04-25,2021-09-30,0.0185185185185183,156.85859375,1260289.859375
2021-06-30,DLR,USD,1297996,2021-08-06,2021-08-06 16:21:30,2021,Q2,1093188000.0,426012000.0,667176000.0,0.6103030769,0,100659000.0,0.0,100659000.0,10124000.0,471938000.0,897950000.0,0.0,75014000.0,368981000.0,561684000.0,0.5138036641,185627000.0,0.1698033641,-12248000.0,173379000.0,0.1585994358,47582000.0,127369000.0,0.1165115241,0.45,0.45,281792000,282434000,https://www.sec.gov/Archives/edgar/data/1297996/000155837021010824/0001558370-21-010824-index.htm,https://www.sec.gov/Archives/edgar/data/1297996/000155837021010824/dlr-20210630x10q.htm,3.87941460367931,0.4519965080626845,1.852596950942539,-0.1805445151033386,0.4275564955712014,64.60700445718828,25.067351095843744,61.95227685668862,55.17730808539632,42398424320.0,57751452320.0,83.21966946431236,38.78420209515655,81.21572256904072,-833.3678811227297,2.428643588807112,2.428643588807112,52.82847261404259,102.81840380000142,110.62500564125452,-1135.1413696045286,0.0030040974881209,-0.0011999502532456,0.8863452229783884,0.4280217929021482,27.333924413015147,0.3135718129284327,2.474564747913723,4.149883145995962,0.0082112957163781,2.7333652615628607,0.0920783982261056,0.0,0.3082042044500849,1.097454826864248,0.5240846039290589,1.5527168065564352,0.0183079214188227,25.100792579707683,0.0039897273615964,0.0050928731923397,-61.57888265103339,-1643040000.0,7063779000.0,-17194915000.0,10951551000.0,643591000.0,1336580500.0,0.5,51.87373077640808,288.84538463705246,0.0,1.7349822087778497,0.3115853836926948,0.0,0.0072958821046765,2.033141466045878,2021-07-29,1.58,amc,1093190000.0,2025-04-25,2021-06-30,-0.0253164556962025,151.14126984126983,1296216.7936507936
2021-03-31,DLR,USD,1297996,2021-05-07,2021-05-07 16:17:20,2021,Q1,1090391000.0,410784000.0,679607000.0,0.6232690842,0,101066000.0,0.0,101066000.0,369476000.0,470542000.0,881326000.0,0.0,82839000.0,369733000.0,576372000.0,0.5285920372,192518000.0,0.176558684,209704000.0,402222000.0,0.3688786866,7547000.0,372406000.0,0.341534367,1.32,1.32,281095000,281917000,https://www.sec.gov/Archives/edgar/data/1297996/000155837021006512/0001558370-21-006512-index.htm,https://www.sec.gov/Archives/edgar/data/1297996/000155837021006512/dlr-20210331x10q.htm,3.8790835838417617,1.3248403564631177,1.1664206051334958,-0.6426581760614739,0.7867091196926306,65.40643198918515,25.622903288923677,62.69672886390722,53.08325299276046,39589419800.0,54206877800.0,26.57678702813596,36.30754454136177,120.74546641250475,-219.15227292856827,2.246369189463052,2.246369189463052,49.71324763318846,94.04842324054604,165.3278773922989,-300.0690724502901,0.0094067051722743,-0.0045630373193799,0.8419666044721389,0.4174889711584931,25.361152172555222,0.4998702280343873,2.3240019797438403,0.8307447121182945,0.0170183600417402,1.809173321589877,0.0926878523392067,0.0,0.31463610696279,1.550966069386199,0.4663675690646749,1.3753789897033806,0.0253615446202325,43.23101923255373,0.0055913152247724,0.0152878913148606,-58.4966221366442,-878692000.0,7202470000.0,-16278834000.0,11800128000.0,630103500.0,1363041500.0,-7575499.5,54.23617766470926,286.11847102126666,2.1909324608553406e-07,1.6594089752486698,0.3145550151961719,410784000.0,0.0211309326733598,1.8090787811949696,2021-04-29,0.29,amc,2504139331.0,2025-04-25,2021-03-31,3.5517241379310347,138.2149180327869,1809633.8688524591
2020-12-31,DLR,USD,1297996,2021-03-01,2021-03-01 17:05:19,2020,Q4,1062609000.0,416901000.0,645708000.0,0.6076628374,0,104992000.0,0.0,104992000.0,360556000.0,465548000.0,882449000.0,0.0,77848000.0,359915000.0,539468000.0,0.507682506,160264000.0,0.1508212334,-97433000.0,62832000.0,0.059129934,3322000.0,44177000.0,0.0415740879,0.16,0.16,280117213,281122368,https://www.sec.gov/Archives/edgar/data/1297996/000155837021002191/0001558370-21-002191-index.htm,https://www.sec.gov/Archives/edgar/data/1297996/000155837021002191/dlr-20201231x10k.htm,3.793444139400316,0.1577089802046545,1.877078507131941,1.877078507131941,0.3873414233919284,66.00218102269923,24.9579557254841,63.25101128290891,53.018080684673954,39079152385.63,53744080385.63,221.15100836198692,36.77660586879087,74.32294359022978,74.32294359022978,2.205656434108225,2.205656434108225,50.5774752384273,99.62422309688434,102.21353358418187,102.21353358418187,0.0011304492882564,0.013454795406293,0.8338233236520525,0.4095052066189398,27.184055402730092,0.2502265398114049,2.058678450313431,8.835820393896618,0.0003523873768834,0.3117232949272245,0.0988058636808082,0.0,0.3186911315245794,0.0,0.0,0.0,0.0184818686835891,14.981427867285044,0.0045675475413257,0.0017973402358923,-60.81270432317203,-2132259000.0,6991153000.0,-16876332000.0,10751894000.0,594308500.0,1803593500.0,-15217500.0,51.081809019121806,306.582569962653,-3.2707765152878023,1.761879653994041,0.2935587630143603,-27.51640155765296,0.0024933827460758,0.0,2021-02-11,1.52,amc,1471304769.0,2025-04-25,2020-12-31,0.0592105263157895,143.005625,1667034.9375
2020-09-30,DLR,USD,1297996,2020-11-06,2020-11-06 16:09:13,2020,Q3,1024668000.0,398412000.0,626256000.0,0.6111794259,0,93357000.0,0.0,93357000.0,366140000.0,459496000.0,857908000.0,4348000.0,89499000.0,365842000.0,531680000.0,0.5188802617,144405000.0,0.1409285739,-129804000.0,14601000.0,0.0142494935,16053000.0,-136000.0,-0.0001327259,-0.0005,-0.0005,266928571,270214413,https://www.sec.gov/Archives/edgar/data/1297996/000155837020013155/0001558370-20-013155-index.htm,https://www.sec.gov/Archives/edgar/data/1297996/000155837020013155/dlr-20200930x10q.htm,3.8387348201852847,-0.0005094995994265,1.7546604256162597,1.7546604256162597,82.55696240175054,69.0812224818002,27.239504459041218,66.1969040399201,53.978182050807895,39174437079.96,52521952079.96,-72011.83286757352,38.23134623113047,83.64011512281982,83.64011512281982,2.2170221119630646,2.2170221119630646,51.25753129790332,98.78489331921456,112.13797685149956,112.13797685149956,-3.471651672298615e-06,0.0119559854566384,0.8103534581089987,0.4040831223457107,25.10441430935901,0.6734549535013095,1.6134817148794958,-322.1244841815681,0.0084911494534317,-2445.8529411764707,0.0911095105926993,0.0,0.3151868221472619,0.0,0.0,0.0,0.0188919728146092,,-0.0004335388224584,-5.604414927309708e-06,20.50255796709001,-754867000.0,7271002000.0,-15438770000.0,11777168000.0,564128000.0,2007657500.0,-7642000.0,51.42694023820398,494.0419716273606,-3.4526068491912896,1.7500555075439022,0.1821707570786799,-26.067259879612667,-7.69672852251958e-06,0.0,2020-10-29,1.48,amc,2459203200.0,2025-04-25,2020-09-30,0.0405405405405405,149.85140625,1427804.703125
2020-06-30,DLR,USD,1297996,2020-08-10,2020-08-07 20:04:10,2020,Q2,992995000.0,377718000.0,615277000.0,0.61961742,0,94019000.0,0.0,94019000.0,349187000.0,443206000.0,820924000.0,22163000.0,79874000.0,349165000.0,517594000.0,0.5212453235,152811000.0,0.1538889924,-65343000.0,87468000.0,0.0880850357,11490000.0,74831000.0,0.075358889,0.28,0.28,267569823,270744408,https://www.sec.gov/Archives/edgar/data/1297996/000155837020009992/0001558370-20-009992-index.htm,https://www.sec.gov/Archives/edgar/data/1297996/000155837020009992/dlr-20200630x10q.htm,3.7111621514956874,0.2796690567007625,1.8152644964002536,1.8152644964002536,75.92490353443183,66.23778721115347,25.212245253830435,63.47699007895969,51.95894979532128,38024347546.53001,51341946546.53001,127.0340752713782,38.29258711930071,78.28611217913982,78.28611217913983,2.2387639965793573,2.2387639965793573,51.70413400523669,99.19347315952272,105.70494028644666,105.70494028644666,0.0019679759109194,0.0127736577045968,0.8138450367207753,0.408201328449445,25.72981719262588,0.5593739732004661,1.913150712371986,6.392771591776567,0.0087393741495066,4.440793254132646,0.0946822491553331,0.0,0.3241684138234247,0.0,0.0,0.0,0.0211793614267946,19.98580430194622,0.0041519855345257,0.0032698083702916,17.127762946571146,-834113000.0,6746036000.0,-15080498000.0,11518511000.0,535224500.0,1780304000.0,5.960464477539065e-08,49.19209059461528,435.63213826187786,0.0,1.82956241363427,0.2065963277160625,0.0,0.0044058336155019,0.0,2020-07-30,1.48,amc,1276707857.0,2025-04-25,2020-06-30,0.0405405405405405,141.57777777777778,2483355.6666666665
2020-03-31,DLR,USD,1297996,2020-05-11,2020-05-11 16:38:50,2020,Q1,823337000.0,307831000.0,515506000.0,0.6261178594,0,65813000.0,0.0,65813000.0,394042000.0,357384000.0,665215000.0,0.0,89342000.0,291457000.0,448307000.0,0.5445000043,100049000.0,0.1215164629,135831000.0,235880000.0,0.2864926512,7182000.0,202859000.0,0.2463863521,0.91,0.9,222163324,224474295,https://www.sec.gov/Archives/edgar/data/1297996/000155837020006279/0001558370-20-006279-index.htm,https://www.sec.gov/Archives/edgar/data/1297996/000155837020006279/dlr-20200511x10q.htm,3.705998745319457,0.9131075118411534,1.020240406557835,1.020240406557835,88.49238769942063,77.49509095389661,27.83492742483453,74.09069914708334,61.99027702700379,30860707336.84,44296851336.84,38.032213676543805,37.48247356409344,136.1541839620577,136.15418396205772,1.8748642083163327,1.8748642083163327,53.80160412666988,98.80918954386168,195.43303333998057,195.43303333998057,0.0065733749322666,0.0073446145458054,0.8312532092492477,0.4132062947516556,29.97085479370164,0.3314946911025387,1.1198428510666876,0.99108868464088,0.0181655590029454,2.7635056862155487,0.0799344618303319,0.0,0.3331793267357829,0.0,0.0,0.0,0.0176707715066855,39.01522028448906,0.0031517029888137,0.00918719132735,18.719580600081407,-1561240000.0,6183900000.0,-15122554000.0,10836048000.0,416600000.0,1089996000.0,-1197999.4999999404,57.68343946646392,506.4747215192752,3.4853007200607845e-14,1.5602398336930712,0.1776988982392378,2582273589248000.0,0.0123241853883504,0.0,2020-05-07,1.54,amc,311038422.0,2025-04-25,2020-03-31,-0.0064935064935064,127.16612903225808,3632132.016129032
2019-12-31,DLR,USD,1297996,2020-03-02,2020-03-02 17:20:37,2019,Q4,787463000.0,296702000.0,490761000.0,0.6232178528,0,56595000.0,0.0,56595000.0,2403929000.0,333592000.0,630294000.0,10734000.0,80880000.0,196794000.0,454068000.0,0.5766213778,138933000.0,0.1764311466,208662000.0,347595000.0,0.4414112155,-1731000.0,315577000.0,0.4007515274,1.51,1.5,208776355,210286278,https://www.sec.gov/Archives/edgar/data/1297996/000155837020001906/0001558370-20-001906-index.htm,https://www.sec.gov/Archives/edgar/data/1297996/000155837020001906/dlr-20191231x10kabe894.htm,3.7718016487068176,1.5115552716685756,1.924897098620196,1.924897098620196,75.14883570028799,51.00944022133158,24.02741440715353,47.32007127914461,52.19397091207958,24998880747.7,35725050747.7,19.804105454215613,31.74610203615916,62.20592263650456,62.20592263650457,2.530427295716544,2.530427295716544,45.36727534842907,78.67775475853836,88.89636961851132,88.89636961851132,0.0126236451617552,0.0160756397078686,1.0948117642200186,0.4688714053167116,23.6223869552578,0.4227000525964956,1.71776706231454,1.150423959281588,0.000828317083832,0.0656163155109529,0.0718700434179129,0.0,0.2441987606191416,0.0,0.0,0.0,0.0113516444582158,40.11677108079345,0.0063980459700627,0.0181002817219371,16.75794057473606,-853934000.0,5016356000.0,-11793314000.0,5407956000.0,305106500.0,693207000.0,-2314499.5,34.916040499680626,135.7950401412865,-0.726789539672803,2.57761185724433,0.6627635288178452,-123.83227205019702,0.0319432162887456,0.0,2020-02-13,0.73,amc,199490626.0,2025-04-25,2019-12-31,1.0547945205479452,123.07375,1638537.03125
2019-09-30,DLR,USD,1297996,2019-11-08,2019-11-08 17:32:40,2019,Q3,806466000.0,297686000.0,508780000.0,0.6308759452,0,52965000.0,0.0,52965000.0,332283000.0,339775000.0,637461000.0,16842000.0,84574000.0,286718000.0,451485000.0,0.5598314126,164767000.0,0.2043074352,-92367000.0,72400000.0,0.0897743984,4826000.0,66497000.0,0.082454809,0.32,0.32,208421470,209801771,https://www.sec.gov/Archives/edgar/data/1297996/000129799619000151/0001297996-19-000151-index.htm,https://www.sec.gov/Archives/edgar/data/1297996/000129799619000151/dlrq3930201910-q.htm,3.86939982718671,0.3190506237193318,1.3656558510982575,1.3656558510982575,73.78514795044867,49.08297115455524,21.89047510316476,45.27983609366156,56.17458700392047,27055191020.7,38671417020.7,101.71583312292285,33.54783837223144,95.05323020847972,95.05323020847972,2.86683899940555,2.86683899940555,47.95170164731061,85.65382464688749,135.86461473305883,135.86461473305883,0.0024578277768995,0.0105204210083834,1.2316476446098403,0.5015981476530746,25.72893008627086,0.457627658197015,1.9481992101591503,4.212152603072187,0.0092964414779982,3.782381160052333,0.0656754283503582,0.0,0.2445759062416591,0.0,0.0,0.0,0.011043242988545,18.029076482749087,0.0069239374548208,0.0037986857096993,12.777025802572068,-1516357000.0,4562445000.0,-11663391000.0,4785228000.0,312825000.0,961776000.0,-3600000.0,34.00525254629457,283.81112984822937,-0.6751073278555256,2.6466499514295467,0.3171122994652406,-133.31213613972236,0.0070461965246378,0.0,2019-10-29,1.64,amc,974479749.0,2025-04-25,2019-09-30,0.0182926829268292,121.66546875,1153296.765625
2019-06-30,DLR,USD,1297996,2019-08-07,2019-08-07 16:39:01,2019,Q2,800797000.0,293514000.0,507283000.0,0.6334726529,0,55759000.0,0.0,55759000.0,346810000.0,353436000.0,646950000.0,16980000.0,86051000.0,290562000.0,439534000.0,0.5488706876,148972000.0,0.1860296679,-83014000.0,65958000.0,0.0823654434,4634000.0,60168000.0,0.0751351466,0.29,0.29,208284407,209435572,https://www.sec.gov/Archives/edgar/data/1297996/000129799619000112/0001297996-19-000112-index.htm,https://www.sec.gov/Archives/edgar/data/1297996/000129799619000112/dlrq2630201910-q.htm,3.844728520652053,0.2888742410755693,2.28827499314435,2.28827499314435,78.63575212329745,50.368936163329785,21.813865307737608,45.90946167179956,55.89897567320054,24383855527.49,35907153527.49,101.31571403191896,30.449484110817096,51.160809059549486,51.160809059549486,2.5500190099574103,2.5500190099574103,44.8392707858421,81.69368815038199,75.33833291543226,75.33833291543226,0.0024675343049079,0.0195462116096724,1.2085925608318149,0.4932475080869297,26.21707990735643,0.1475446069010987,1.731205912772658,7.77203052638445,0.0103273249677887,4.185281212604707,0.069629381728453,0.0,0.2538434869928588,0.0,0.0,0.0,0.0118232211159632,17.274153241741065,0.0065868512411469,0.0034416100887086,17.657558013932363,-2048013000.0,4543488000.0,-12584553000.0,4548515000.0,324473500.0,953691500.0,-9478000.0,36.06959067029472,301.97223982501686,-1.5230278623847586,2.49517663847846,0.2980406412594485,-59.09281256291524,0.0062922593852372,0.0,2019-07-30,1.63,amc,1441434600.0,2025-04-25,2019-06-30,0.0061349693251533,119.09793650793652,1099402.857142857
2019-03-31,DLR,USD,1297996,2019-05-10,2019-05-09 18:56:40,2019,Q1,814515000.0,292269000.0,522246000.0,0.6411741957,0,54967000.0,0.0,54967000.0,359208000.0,371375000.0,663644000.0,21444000.0,101552000.0,311486000.0,453029000.0,0.5561947908,141543000.0,0.1737758052,-16280000.0,125263000.0,0.1537884508,4266000.0,95869000.0,0.1177007176,0.46,0.46,207809383,208526249,https://www.sec.gov/Archives/edgar/data/1297996/000129799619000074/0001297996-19-000074-index.htm,https://www.sec.gov/Archives/edgar/data/1297996/000129799619000074/dlrq1331201910-q.htm,3.9195294660973032,0.4613314308334191,1.6876042599096692,1.6876042599096692,77.86883232312951,52.933976518278776,23.844188017246555,48.5464508597285,53.4464702202595,24943360241.49,35824607241.490005,65.04542720141548,30.62357383410987,71.12449455799829,71.12449455799829,2.4724773464247285,2.4724773464247285,43.98274708444904,79.0779558074428,102.15171725546053,102.15171725546053,0.0038434677233476,0.0140598538691132,1.0908684502054238,0.4714717852536367,24.018875171346647,0.2616856201990772,1.393798251142272,2.898418969065349,0.0189518170536497,4.930916145990883,0.0674843311663996,0.0,0.2589801066032413,0.0,0.0,0.0,0.0093208842071662,22.447941594555243,0.0063366361377762,0.0055425423323529,19.62854704207461,-1303528000.0,4955046000.0,-11879872000.0,5402189000.0,313815000.0,1043540000.0,-17053999.5,36.24342093147456,284.0923601203001,-4.307709678412695,2.4832093021837816,0.3167983819131535,-20.89277289298735,0.0095028868776917,0.0,2019-04-25,1.65,amc,597310998.0,2025-04-25,2019-03-31,0.0484848484848485,111.57262295081968,1479714.8524590165
2018-12-31,DLR,USD,1297996,2019-02-25,2019-02-25 17:29:13,2018,Q4,778267000.0,287230000.0,491037000.0,0.6309364267,0,41213000.0,0.0,41213000.0,2333024000.0,341671000.0,628901000.0,1106000.0,84883000.0,299362000.0,448126000.0,0.5757998219,122847000.0,0.1578468572,-76093000.0,46754000.0,0.0600744989,-5843000.0,51559000.0,0.0662484726,0.25,0.25,206345138,207113100,https://www.sec.gov/Archives/edgar/data/1297996/000129799619000032/0001297996-19-000032-index.htm,https://www.sec.gov/Archives/edgar/data/1297996/000129799619000032/dlrq412311810kss.htm,3.771675977167923,0.2498677725084077,1.703335505777703,1.703335505777703,91.06818402476728,52.698319453497376,15.807888819750142,47.777447511266296,54.21190006425061,21986074453.9,32960853453.9,106.60638517960008,28.25004073653386,62.553736265452734,62.55373626545273,2.230131694977524,2.230131694977524,42.35160099798655,73.55264692050896,93.7786569568248,93.7786569568248,0.0023450752933684,0.0159862553334369,1.126065511646429,0.4671023463716768,24.490386632331084,0.1435369377963581,1.4472509218571443,6.682415346882902,0.0009198549764945,0.3922496557342074,0.0529548342663893,0.0,0.3202868972736848,0.0,0.0,0.0,0.0076863081693043,16.38920372318293,0.0061737739628966,0.003191611717181,29.627449959591488,-2594642000.0,3261881000.0,-12457810000.0,19759196000.0,304165000.0,1111932000.0,-25170999.5,34.648636007951,364.8846220798663,-6.3040417435504645,2.5975048477910425,0.2466533105368872,-14.276555210326318,0.0052298267388496,0.0,2019-02-05,1.67,amc,1504649533.0,2025-04-25,2018-12-31,0.0059880239520958,110.4968253968254,1543948.746031746
2018-09-30,DLR,USD,1297996,2018-11-02,2018-11-02 16:41:46,2018,Q3,768924000.0,280842000.0,488082000.0,0.6347597422,0,43650000.0,0.0,43650000.0,342246000.0,338746000.0,619588000.0,0.0,81832000.0,293957000.0,433022000.0,0.5631531855,139065000.0,0.1808566256,-46369000.0,92696000.0,0.1205528765,2432000.0,67268000.0,0.0874832883,0.33,0.33,206118472,206766256,https://www.sec.gov/Archives/edgar/data/1297996/000129799618000144/0001297996-18-000144-index.htm,https://www.sec.gov/Archives/edgar/data/1297996/000129799618000144/dlr930201810-q.htm,3.730495343474116,0.326355999766969,1.7502604036381562,1.7502604036381562,85.8132550099634,52.30494334345735,22.01834680784942,48.64316090990622,44.93388152033263,22940985933.6,32074614933.6,85.25965516144377,29.8351799834574,63.59053759580443,63.59053759580442,2.2880914380984163,2.2880914380984163,41.71363481124272,74.07155972121508,88.90821051499469,88.90821051499469,0.0029322192252198,0.0157256100955809,0.9155833275318978,0.4277245340742359,21.09275972121509,0.2200589945467022,1.6993963241763612,3.996731808916069,0.0103279344961796,3.522224534697033,0.056767638934407,0.0,0.2908673471527264,0.0,0.0,0.0,0.008256992888764,18.89939725859015,0.0068349113652845,0.004419861042586,35.04306130311309,-1286625000.0,4538388000.0,-10318076000.0,19011780000.0,295498000.0,1045574500.0,-29613500.0,36.133362985158485,339.4860811417096,-9.685410301877925,2.4907728637649047,0.2651065978826739,-9.292327035701287,0.0067091857038531,0.0,2018-10-25,1.62,amc,629119636.0,2025-04-25,2018-09-30,0.0061728395061727,119.7163492063492,1192272.7936507936
2018-06-30,DLR,USD,1297996,2018-08-07,2018-08-07 16:51:54,2018,Q2,754919000.0,257606000.0,497313000.0,0.6587633905,0,46883000.0,0.0,46883000.0,334436000.0,345823000.0,603429000.0,3398000.0,78810000.0,298788000.0,442850000.0,0.5866192267,144062000.0,0.1908310693,-53782000.0,90280000.0,0.119588989,2121000.0,65134000.0,0.0862794551,0.32,0.32,205956005,206563079,https://www.sec.gov/Archives/edgar/data/1297996/000129799618000130/0001297996-18-000130-index.htm,https://www.sec.gov/Archives/edgar/data/1297996/000129799618000130/dlr630201810-q.htm,3.665438159960424,0.3162520073158342,2.117432798329915,2.117432798329915,84.51118965917017,52.67985752588277,21.839853613396706,49.23565107994788,44.596388437423805,22980571037.9,32069066037.9,88.20497373837013,30.441108301552884,52.6958872498842,52.6958872498842,2.266244023437785,2.266244023437785,42.480141628307145,72.41518807248504,73.53637493843128,73.53637493843128,0.0028343072890825,0.0189768130339658,0.8980024216059795,0.4252909299862975,20.52273907643672,0.2063825883310592,1.8279659941631767,4.946721264987126,0.0103060102209558,3.636165443547149,0.0621033514853911,0.0,0.296649316582088,0.0,0.0,0.0,0.0118635244310979,18.717495917578013,0.0070647257900055,0.0043250417553717,34.1874481882672,-1189446000.0,4498049000.0,-10252371000.0,19129418000.0,295807500.0,935992000.0,-27827499.5,33.65371649143815,360.4786379199242,-10.133149072614769,2.6742960178825097,0.2496680538944789,-8.88174044959316,0.0064232319544695,0.0,2018-07-26,1.61,amc,660537500.0,2025-04-25,2018-06-30,0.0310559006211179,106.0975,1121368.296875
2018-03-31,DLR,USD,1297996,2018-05-08,2018-05-08 16:42:06,2018,Q1,744368000.0,260903000.0,483465000.0,0.6494972917,0,40020000.0,0.0,40020000.0,338392000.0,335240000.0,596143000.0,0.0,77027000.0,294789000.0,438602000.0,0.5892273714,143813000.0,0.193201481,-30344000.0,113469000.0,0.152436698,3374000.0,86298000.0,0.1159345915,0.42,0.42,205714173,206507476,https://www.sec.gov/Archives/edgar/data/1297996/000129799618000075/0001297996-18-000075-index.htm,https://www.sec.gov/Archives/edgar/data/1297996/000129799618000075/dlr331201810-q1.htm,3.618457538168749,0.4195043965201173,1.152035353441593,1.152035353441593,83.6899944662539,53.40621328993214,21.81264875706935,49.84513633875873,44.84250581995632,21678159550.74,30803501550.74,62.80029534502537,29.122906345705346,91.4728872557492,91.4728872557492,2.114148094285747,2.114148094285747,41.382087288464845,70.2311014330532,129.97806468939618,129.97806468939618,0.0039808729979134,0.010932201114458,0.8921245296035607,0.4238600305987647,20.80551844268836,0.1936224876397111,1.8670466200163576,2.1525954857168808,0.0201487123008599,5.061380333263807,0.0537637297680717,0.0,0.3011430356256119,0.0,0.0,0.0,0.0078885712443307,21.690567336591588,0.007113435366911,0.0057216648534381,33.24703592736899,-1585643000.0,4487171000.0,-10214767000.0,18835963000.0,292837500.0,910204000.0,-22826499.0,37.40021064849644,289.82840365959765,-9.19341636546916,2.406403558682046,0.3105285709184827,-9.789614265491512,0.0084161550621322,0.0,2018-04-26,1.58,amc,620333333.0,2025-04-25,2018-03-31,0.0189873417721519,105.50737704918032,1565554.262295082
2017-12-31,DLR,USD,1297996,2018-03-01,2018-02-28 21:30:27,2017,Q4,731445000.0,261848000.0,469597000.0,0.6420127282,0,47534000.0,0.0,47534000.0,1845192000.0,335509000.0,597357000.0,324000.0,73989000.0,287973000.0,442165000.0,0.6045088831,117198000.0,0.1602280418,-36995000.0,80203000.0,0.1096500762,545000.0,73635000.0,0.1006705904,0.36,0.36,205448689,206185084,https://www.sec.gov/Archives/edgar/data/1297996/000129799618000026/0001297996-18-000026-index.htm,https://www.sec.gov/Archives/edgar/data/1297996/000129799618000026/dlr12311710k.htm,3.560232014914439,0.3584106589261321,1.6634518412526835,1.6634518412526835,81.54108980466651,54.04440424538314,22.05210469851185,50.37307393088305,42.45637702755066,23400605677.1,32049172677.1,79.44797201432743,31.992296997176823,68.47207546100412,68.47207546100412,2.261128637023071,2.261128637023071,43.816244115552095,72.48238254294212,93.77848591998924,93.77848591998924,0.0031467134234076,0.0146044937774599,0.8356893877157413,0.4040589889576158,19.55959200750851,0.2471638138710729,1.5839922150589951,4.290265886665495,0.0009283520392491,0.2950227473348272,0.0649864309688356,0.0,0.3070767173674317,0.0,0.0,0.0,0.0067414501432096,20.154913766704823,0.0057569460607815,0.004964747829444,32.36465651284833,-1306892000.0,4530576000.0,-9871927000.0,18943593000.0,267418500.0,1002306000.0,-16249999.5,34.00287102926399,336.91156701597873,-6.531193325898995,2.646835319362975,0.2671324134019167,-13.7800238806454,0.0071151238341719,0.0,2018-02-15,1.52,amc,1181492307.0,2025-04-25,2017-12-31,0.0197368421052631,117.75,1206255.1587301588
2017-09-30,DLR,USD,1297996,2017-11-09,2017-11-09 16:48:57,2017,Q3,609925000.0,222647000.0,387278000.0,0.6349600361,0,44067000.0,0.0,44067000.0,280950000.0,247032000.0,469679000.0,2813000.0,71621000.0,199914000.0,266071000.0,0.4362356027,66157000.0,0.1084674345,-51188000.0,14970000.0,0.0245440013,2494000.0,12436000.0,0.0203893921,0.0731,0.0731,170194254,170194254,https://www.sec.gov/Archives/edgar/data/1297996/000129799617000155/0001297996-17-000155-index.htm,https://www.sec.gov/Archives/edgar/data/1297996/000129799617000155/dlr930201710-q.htm,3.583699130054061,0.0730694468686351,0.953257799173408,0.953257799173408,97.0392572712825,66.03003177768856,27.163496365746877,61.50342184877757,50.27117425480181,20139086075.82,28430752075.82,404.854576950386,33.01895491383367,124.13221282071513,124.13221282071513,1.923957991978814,1.923957991978814,46.613521458900685,106.85400541892952,175.23993661092587,175.23993661092587,0.000617505677923,0.0080559266388355,0.8105297821482033,0.3995876509678701,31.16335865238977,0.5153088012224086,0.9237095265355132,13.005130260521042,0.0105947210909526,17.157285300739787,0.0722498667869,0.0,0.3115441715807532,0.0,0.0,0.0,0.0089601180473008,10.055618968413452,0.0027290026709609,0.0008507531005182,39.41423604112981,-565892000.0,4623071000.0,-9392927000.0,19402995000.0,243970000.0,937498000.0,-14922999.5,38.14255851129237,414.0880407101825,-5.4562603583250615,2.3595690355526324,0.2173450840204062,-16.494814046525413,0.0011880549841323,0.0,2017-10-25,1.49,amc,11588100000.0,2025-04-25,2017-09-30,0.0134228187919463,115.5726984126984,1406188.984126984
2017-06-30,DLR,USD,1297996,2017-08-09,2017-08-09 17:11:18,2017,Q2,565989000.0,202877000.0,363112000.0,0.6415531044,0,40085000.0,0.0,40085000.0,223107000.0,218220000.0,421097000.0,367000.0,57582000.0,178111000.0,308768000.0,0.5455371041,130657000.0,0.2308472426,-48447000.0,82210000.0,0.1452501727,2639000.0,78651000.0,0.1389620646,0.49,0.48,160833015,162183489,https://www.sec.gov/Archives/edgar/data/1297996/000129799617000101/0001297996-17-000101-index.htm,https://www.sec.gov/Archives/edgar/data/1297996/000129799617000101/dlr630201710-q.htm,3.519109555957774,0.4890227295683041,1.8668182027178937,1.8668182027178937,75.23524942935379,31.28271891190997,17.027803650885982,31.06834128552524,40.38475558018981,18166089044.25,24581326044.25,57.74271479145211,32.0961874599153,60.50401685367999,60.50401685367999,3.635533643781089,3.635533643781089,43.43074873230752,79.6109896240867,81.87061957278365,81.87061957278365,0.0043295505052528,0.016527828266648,1.2883446755583308,0.5117519508415669,20.776884262617887,0.25317129436812,2.269059775624327,3.773309371504694,0.0092270273250177,2.131174428805737,0.0708229311877085,0.0,0.1822527175211301,0.0,0.0,0.0,0.0107086886847624,18.48905930053397,0.0113285087344597,0.0076457361831687,29.32201762492608,-1057968000.0,2738633000.0,-7189631000.0,10487408000.0,212428000.0,827486500.0,-15355499.0,36.48569141803109,377.34282348418,-7.25227556598333,2.4667204183918066,0.2385099023985365,-12.409897994243822,0.0157402265242959,0.0,2017-07-27,1.49,amc,613166666.0,2025-04-25,2017-06-30,0.0335570469798658,114.45,1194323.5555555555
2017-03-31,DLR,USD,1297996,2017-05-10,2017-05-10 16:14:01,2017,Q1,550569000.0,196258000.0,354311000.0,0.6435360509,0,36370000.0,0.0,36370000.0,209300000.0,212836000.0,409094000.0,151000.0,55450000.0,176466000.0,313749000.0,0.5698631779,137283000.0,0.2493474932,-50497000.0,86786000.0,0.1576296522,2223000.0,66145000.0,0.1201393467,0.42,0.41,159297027,160421655,https://www.sec.gov/Archives/edgar/data/1297996/000129799617000057/0001297996-17-000057-index.htm,https://www.sec.gov/Archives/edgar/data/1297996/000129799617000057/dlr331201710-q.htm,3.4562415279727725,0.4152305993758439,1.3752045730269655,1.3752045730269655,73.89402816663993,31.83012951020109,17.516535321151977,31.58541684522461,39.27743736234324,16947610702.53,23133989702.53,64.05476869956158,30.78199227077805,77.36303535249651,77.36303535249651,3.368326608489419,3.368326608489419,42.01832958726336,73.73406673018877,105.6028306653246,105.6028306653246,0.0039029100420701,0.0129260698658423,1.232510106901313,0.5029648288809938,19.71760547443976,0.2018772395816629,2.4757980162308386,2.590565613802727,0.0184390593745081,4.7244387330864015,0.0660589317596886,0.0,0.1849307857838746,0.0,0.0,0.0,0.0073814544589324,17.178262726015575,0.0122071430707152,0.0065819620705044,29.199345952012024,-1094951000.0,2790332000.0,-6982146000.0,10261257000.0,199672000.0,814624500.0,-13739499.5,31.942481323866765,368.8684792467059,-6.586584546871975,2.817564455543842,0.2439894028999056,-13.66413797007157,0.0131462757452454,0.0,2017-04-27,1.47,amc,510312195.0,2025-04-25,2017-03-31,0.0204081632653061,105.1916129032258,1258086.4516129033
2016-12-31,DLR,USD,1297996,2017-03-01,2017-03-01 16:49:18,2016,Q4,576787000.0,196365000.0,380422000.0,0.6595537001,0,42850000.0,0.0,42850000.0,1492194000.0,219667000.0,416032000.0,0.0,57196000.0,176581000.0,336664000.0,0.583688606,151122000.0,0.2620065986,-52678000.0,98444000.0,0.1706765236,2304000.0,77682000.0,0.1346805667,0.49,0.49,158956606,159699411,https://www.sec.gov/Archives/edgar/data/1297996/000129799617000020/0001297996-17-000020-index.htm,https://www.sec.gov/Archives/edgar/data/1297996/000129799617000020/dlr12311610k.htm,3.628581501041863,0.4886994127189655,1.7665890526122583,1.7665890526122583,72.1114729890496,32.28740930716651,17.833596673547497,32.05913946099226,37.09064472602039,15619076105.56,21447155105.56,50.266072274014576,27.07945238980768,55.62131150688541,55.62131150688542,3.0649606212779723,3.0649606212779723,37.18383927786167,63.70492569909465,76.37576557029462,76.37576557029462,0.0049735336120391,0.0179787202586226,1.1457208107045274,0.4788653923675742,17.31126286148801,0.2409051311833834,2.642177774669557,2.920855003120449,0.0011135101642669,0.223887129579568,0.0742908560699183,0.0,0.1884365784614173,0.0,0.0,0.0,0.0068898917624703,18.775352436223468,0.013152682142684,0.0078505872023361,28.61600165267746,-888809000.0,2834768000.0,-6778217000.0,10298680000.0,206017500.0,739991500.0,-6558000.0,31.821833709844363,378.0664578718203,-6.011458253762126,2.828246820111995,0.2380533848641859,-14.971408966148216,0.0152436846695023,0.0,2017-02-16,1.43,amc,364914285.0,2025-04-25,2016-12-31,0.0,92.95777777777778,1471547.015873016
2016-09-30,DLR,USD,1297996,2016-11-09,2016-11-09 16:50:52,2016,Q3,546293000.0,197812000.0,348481000.0,0.6379012728,0,46025000.0,0.0,46025000.0,207216000.0,224136000.0,421948000.0,355000.0,63084000.0,178133000.0,293883000.0,0.537958568,115750000.0,0.2118826344,110405000.0,226155000.0,0.413981142,3720000.0,187330000.0,0.3429112216,1.27,1.25,147397853,149384871,https://www.sec.gov/Archives/edgar/data/1297996/000129799616000268/0001297996-16-000268-index.htm,https://www.sec.gov/Archives/edgar/data/1297996/000129799616000268/dlr930201610-q.htm,3.706248014345229,1.2709140342770122,1.5999011871631537,1.5999011871631537,77.6299706346469,35.255927370936675,19.44012033879489,34.998616974427705,41.30366132266526,14315279483.36,20303821483.36,19.10436059808893,26.204398524894152,60.7037489435252,60.703748943525206,2.77496679571545,2.77496679571545,37.16654155070631,69.08811153880967,86.09808026121397,86.09808026121397,0.0130860176511224,0.0164734471495382,1.167922630434947,0.4898747348979221,20.377299809788248,0.3185398733563625,1.8348551138164984,1.0601838739407017,0.0106970318098224,0.8174398120963007,0.0842496608962589,0.0,0.1895446114638578,0.0,0.0,0.0,0.0078254709469094,31.6355062168196,0.0100572608286344,0.0187934774103063,30.50367192254829,-667773000.0,2865432000.0,-6790246000.0,10609940000.0,186982000.0,546907500.0,0.0,34.28330584503188,298.0580045699958,0.0,2.625184409193789,0.3019546484914632,0.0,0.036313264470011,0.0,2016-10-27,1.45,amc,131112000.0,2025-04-25,2016-09-30,-0.0068965517241379,101.73484375,1824806.140625
2016-06-30,DLR,USD,1297996,2016-08-09,2016-08-09 17:22:48,2016,Q2,514934000.0,186997000.0,327937000.0,0.6368524898,0,34922000.0,0.0,34922000.0,208899000.0,210516000.0,397513000.0,0.0,63234000.0,175594000.0,292024000.0,0.5671095713,112298000.0,0.2180823173,-59102000.0,53196000.0,0.1033064432,2252000.0,50375000.0,0.0978280712,0.34,0.34,146824268,147808268,https://www.sec.gov/Archives/edgar/data/1297996/000129799616000218/0001297996-16-000218-index.htm,https://www.sec.gov/Archives/edgar/data/1297996/000129799616000218/dlr630201610-q.htm,3.507145017743252,0.3430972324003005,1.4729717569577805,1.4729717569577805,74.29435302888757,29.46135580257073,17.95968769958383,29.21737706194456,42.21808890612007,16002376969.32,22104541969.32,79.41626287503722,31.0765592664691,73.99327209443838,73.99327209443838,3.730314318390981,3.730314318390981,42.92694203396941,75.69426474988357,102.20902754600772,102.20902754600772,0.0031479698357675,0.0135147422420201,1.43022457818743,0.5433229059431696,20.896107854148973,0.6279431106896665,1.7759116930765095,4.245210427135678,0.009621570613865,3.056436724565757,0.0678184000279647,0.0,0.1495455119051572,0.0,0.0,0.0,0.0094769426761487,15.018289755456744,0.0100690261125391,0.0052454009417876,27.692160876293283,-260528000.0,2636918000.0,-6527024000.0,9967691999.0,173161500.0,439681000.0,0.0,28.99018126594865,211.1472376562191,0.0,3.104499388063931,0.4262428483508468,0.0,0.0117429169522264,0.0,2016-07-28,1.36,amc,677500000.0,2025-04-25,2016-06-30,0.0441176470588234,94.9334375,2029532.765625
2016-03-31,DLR,USD,1297996,2016-05-06,2016-05-06 17:05:58,2016,Q1,504199000.0,181500000.0,322699000.0,0.6400230861,0,32220000.0,0.0,32220000.0,200658000.0,201235000.0,382735000.0,0.0,57885000.0,169016000.0,291343000.0,0.5778333555,118116000.0,0.2342646455,-53674000.0,64442000.0,0.1278106462,2109000.0,61549000.0,0.1220728324,0.42,0.42,146565564,147433194,https://www.sec.gov/Archives/edgar/data/1297996/000129799616000172/0001297996-16-000172-index.htm,https://www.sec.gov/Archives/edgar/data/1297996/000129799616000172/dlr331201610-q.htm,3.440091834941528,0.4199417538488099,1.2237594910084064,1.2237594910084064,75.24303594260381,30.32915699079219,18.531631345545808,30.06707632906185,42.40159714460622,12969586758.36,19095181758.36,52.67992476872085,25.72315049883081,72.30996012711792,72.30996012711793,2.943086285861072,2.943086285861072,37.87231184187196,65.54192741325517,106.46228421094888,106.46228421094888,0.0047456407938615,0.0138293534976653,1.3970980743841674,0.539024905937896,21.0253721558438,0.300181492546839,2.040528634361233,2.877464585372114,0.0216582845107949,4.563827194592926,0.0639033397527563,0.0,0.1513845897929211,0.0,0.0,0.0,0.0085363120513924,16.855102113350608,0.0105335367673858,0.0063499291850169,28.564793023277964,-877219000.0,2716099000.0,-6600489000.0,9574404000.0,178927000.0,524497500.0,-784499.5,32.21156725816592,218.50512396694216,0.0,2.7940273529281376,0.4118896544211759,0.0,0.0139668303380368,0.0,2016-04-28,1.34,amc,410829629.0,2025-04-25,2016-03-31,0.0597014925373133,81.00754098360656,1502445.8852459015
2015-12-31,DLR,USD,1297996,2016-02-29,2016-02-29 17:45:50,2015,Q4,500443000.0,183856000.0,316587000.0,0.6326135044,0,32222000.0,0.0,32222000.0,1255876000.0,266092000.0,449948000.0,498000.0,61219000.0,172956000.0,218009000.0,0.43563203,41271000.0,0.0824689325,-57715000.0,-16305000.0,-0.0325811331,268000.0,-15983000.0,-0.0319377032,-0.11,-0.11,142915273,145561559,https://www.sec.gov/Archives/edgar/data/1297996/000129799616000124/0001297996-16-000124-index.htm,https://www.sec.gov/Archives/edgar/data/1297996/000129799616000124/dlr12311510k.htm,3.501676129464484,-0.1118354929077454,1.8194346520263096,1.8194346520263096,76.03329421621719,31.74259758787292,19.46244751601881,31.48811114120742,41.9511496157587,10807252944.26,16684440944.26,-169.0429353728962,21.59537238858372,41.56236109704836,41.56236109704836,2.401541320179053,2.401541320179053,33.33934323041785,76.53097323624254,64.16475702051726,64.16475702051726,-0.0014789142145959,0.0240602307858543,1.3186815408970225,0.5182169798328866,26.95846501749928,0.2531377509074301,0.674153449092602,-15.689675979001992,0.0022094421332742,-1.4939623349809172,0.0643869531595006,0.0,0.1532599842445381,0.0,0.0,0.0,0.0012848616126112,,0.0039167655489734,-0.0016483698949057,28.575098481601756,-1276348000.0,2781481000.0,-6482166000.0,9142778000.0,167696000.0,560948999.5,-784499.5,31.90337361098067,297.7921307980158,-0.7680462427116874,2.821018275290589,0.3022242386285368,-117.18044434700086,-0.0035516735953523,0.0,2016-02-25,1.28,amc,214457142.0,2025-04-25,2015-12-31,0.0781249999999998,72.093125,1223700.71875
2015-09-30,DLR,USD,1297996,2015-11-06,2015-11-06 17:06:55,2015,Q3,435989000.0,160491000.0,275498000.0,0.631892089,0,28571000.0,0.0,28571000.0,168566000.0,165596000.0,326087000.0,0.0,48496000.0,136974000.0,245066000.0,0.5620921629,104130000.0,0.2388363009,-44534000.0,59596000.0,0.136691522,1754000.0,56978000.0,0.1306867834,0.42,0.41,135832503,138259936,https://www.sec.gov/Archives/edgar/data/1297996/000129799615000092/0001297996-15-000092-index.htm,https://www.sec.gov/Archives/edgar/data/1297996/000129799615000092/dlr930201510-q.htm,3.20975459018082,0.419472502836821,1.3550217800227091,1.3550217800227091,74.33043474138145,29.710495727226643,26.49741350934245,29.41474913408612,35.31610545378818,8872579095.96,13598160095.96,38.92984615097055,20.350465484129185,48.20586721410874,48.20586721410874,2.220654668929557,2.220654668929557,31.189227471243537,55.48774654974578,73.88055861237883,73.88055861237883,0.0064218080654749,0.0207443628294964,1.188488038605634,0.4997971268958373,19.28289113952976,0.3034163935293748,2.147187396898713,3.182047647038484,0.0153844782361143,2.39566148337955,0.0655314698306608,0.0,0.0459362596388406,0.0,0.0,0.0,-0.0040505609086467,16.6619406099898,0.0112537781399737,0.0062857904377614,34.96675975999647,-842451000.0,3599210000.0,-5098409000.0,7633553000.0,142364000.0,507643499.5,0.0,32.61426320388817,287.99091481765333,0.0,2.7595288428674505,0.3125098583647513,0.0,0.0142606180635663,0.0,2015-10-29,1.28,amc,451571428.0,2025-04-25,2015-09-30,0.0,65.21421875,1429422.6875
2015-06-30,DLR,USD,1297996,2015-08-06,2015-08-06 17:28:01,2015,Q2,420295000.0,150439000.0,269856000.0,0.6420633127,0,26466000.0,0.0,26466000.0,158090000.0,157984000.0,308423000.0,0.0,46345000.0,131524000.0,246779000.0,0.58715664,107053000.0,0.2547091924,33559000.0,140612000.0,0.3345554908,2615000.0,117055000.0,0.2785067631,0.86,0.86,135810060,136499004,https://www.sec.gov/Archives/edgar/data/1297996/000129799615000073/0001297996-15-000073-index.htm,https://www.sec.gov/Archives/edgar/data/1297996/000129799615000073/dlr630201510-q.htm,3.0947265614933093,0.8619022773423413,1.5921427322836026,1.5921427322836026,74.34550872004621,28.64436552049237,25.270793636347705,28.33254767724865,36.92783141396153,9055814800.8,13965488800.8,19.340939730895737,21.54633007958696,41.8806672592483,41.88066725924831,2.353477024360389,2.353477024360389,33.22782521990507,56.591074608455344,64.58656702292477,64.58656702292477,0.012925948970341,0.0238773655111518,1.291326963534134,0.5183414703658217,19.895023482549163,0.2823663820476271,2.3099147696623152,1.5669108748740914,0.015056292890172,1.164811413438127,0.062970056745857,0.0,0.0477951773256211,0.0,0.0,0.0,0.0107495925480912,23.44029576889868,0.0115932697644422,0.0128239483496869,33.10581336905381,-933416000.0,3432028000.0,-5328546000.0,7632586000.0,119864500.0,505590000.0,0.0,27.13822434242616,300.1607295980431,0.0,3.316355516278189,0.2998393564691907,0.0,0.0304209239197524,0.0,2015-07-30,1.25,amc,141729069.0,2025-04-25,2015-06-30,0.008,65.72936507936508,919490.984126984
2015-03-31,DLR,USD,1297996,2015-05-08,2015-05-08 17:11:31,2015,Q1,406609000.0,147826000.0,258783000.0,0.6364418889,0,21953000.0,0.0,21953000.0,111534000.0,151010000.0,298836000.0,0.0,47756000.0,129073000.0,241464000.0,0.593848144,149318000.0,0.3672274839,-25318000.0,124000000.0,0.3049612773,1675000.0,101728000.0,0.2501862969,0.75,0.75,135704525,136128800,https://www.sec.gov/Archives/edgar/data/1297996/000129799615000042/0001297996-15-000042-index.htm,https://www.sec.gov/Archives/edgar/data/1297996/000129799615000042/dlr331201510-q.htm,2.99628181153134,0.7496286509237625,1.0237094157324524,1.0237094157324524,73.33097404084351,28.42838881017416,24.967384101598675,28.11591581047132,35.85486187730291,8951070469.0,13731652469.0,21.997558363970587,22.0139506725134,64.43234670534545,64.43234670534545,2.346002187680269,2.346002187680269,33.77114738975281,56.868321857502565,98.8443332877442,98.8443332877442,0.0113648976792565,0.0155201548776903,1.2627349751287984,0.5120846993960521,19.798321903058017,0.1801404937071757,3.126685652064662,1.1356795422031474,0.0280785410940998,2.470637385970431,0.0539904429070679,0.0,0.0499205711986255,0.0,0.0,0.0,0.0072920176385667,21.77661959226037,0.0165856160813602,0.011380559612796,33.05362330401289,-1110157000.0,3388187000.0,-5306640000.0,7414042000.0,124463000.0,499326000.0,0.0,25.010636754228265,310.1641118612423,0.0,3.598468958803487,0.2901689671958669,0.0,0.0266620748182983,0.0,2015-05-05,1.24,amc,146376000.0,2025-04-25,2015-03-31,0.0241935483870967,68.57754098360655,1128251.245901639
2014-12-31,DLR,USD,1297996,2015-03-02,2015-03-02 17:07:00,2014,Q4,412216000.0,150640000.0,261576000.0,0.6345605217,0,23660000.0,0.0,23660000.0,1264584000.0,157440000.0,308080000.0,641000.0,46396000.0,133327000.0,146129000.0,0.3544961865,-6166000.0,-0.0149581773,-27428000.0,-33594000.0,-0.0814961088,1201000.0,-33834000.0,-0.0820783279,-0.25,-0.25,135356484,135544597,https://www.sec.gov/Archives/edgar/data/1297996/000129799615000010/0001297996-15-000010-index.htm,https://www.sec.gov/Archives/edgar/data/1297996/000129799615000010/dlr12311410k.htm,3.045410074333786,-0.2499621665704614,1.3543569881735402,-0.8424642590450266,73.35595389726583,28.917994057824373,25.256795234131523,28.652184848418493,34.86735810897689,8974134889.199999,13605940889.2,-66.31003494413903,21.770467156054107,48.95311987824636,-78.69770057088736,2.313959663137505,2.313959663137505,33.00682382343237,93.10910831662434,74.21921596107374,-119.31581988722562,-0.0037701684248938,-0.0127068515693065,1.2049548521643343,0.4905251341900897,31.696692648276525,0.2468975944731878,-0.1328993878782653,-5.268601810604972,0.0020518969491043,-0.5442454335875155,0.0573970927863062,0.0,0.0520182886480894,1.6220400281473482,0.7213548236846702,2.5731790687008367,0.0061375589496768,,-0.0007257250630503,-0.0037463389485603,32.64421562545907,-943379000.0,3418671000.0,-5303268000.0,7660746000.0,138197000.0,535609000.0,0.5,29.678105653346787,292.27535847052576,0.0,3.032538567361382,0.3079287986197987,0.0,-0.008724017658439,2.196821247218567,2015-02-12,1.24,amc,231862500.0,2025-04-25,2014-12-31,0.0161290322580645,66.78421875,1050565.9375
2014-09-30,DLR,USD,1297996,2014-11-07,2014-11-07 17:09:14,2014,Q3,412186000.0,156719000.0,255467000.0,0.6197857278,0,22854000.0,0.0,22854000.0,165711000.0,161916000.0,318635000.0,378000.0,48169000.0,137474000.0,234858000.0,0.5697864556,82372000.0,0.199841819,48967000.0,131339000.0,0.3186401285,1178000.0,109314000.0,0.265205514,0.81,0.8,135492618,135946533,https://www.sec.gov/Archives/edgar/data/1297996/000144530514004965/0001445305-14-004965-index.htm,https://www.sec.gov/Archives/edgar/data/1297996/000144530514004965/dlr930201410-q.htm,3.042128833911822,0.806789341099011,1.1609709984347634,1.1609709984347634,75.12400417268489,30.286225630388216,26.56853231664621,29.98029014392504,35.33696573786773,8452029510.84,13155230510.84,19.3297050488501,20.505377452994523,53.73088568457055,53.73088568457055,2.080700343476835,2.080700343476835,31.91576257039297,56.01355078745455,83.62987680362104,83.62987680362104,0.0129334617040559,0.0186112696126124,1.166815111759707,0.4875257752848769,20.02572192558908,0.1685085724722655,1.710062488322365,1.208526363503661,0.015785321126587,1.2205024059132408,0.0554458424109503,0.0,0.0518123469773268,0.0,0.0,0.0,0.006911928110125,23.328630841766632,0.0094626795374807,0.0118583854028411,34.43470440950517,-942360000.0,3599840000.0,-5427470000.0,7957698000.0,150979000.0,578048500.0,0.5,30.66981896522444,334.2368187647956,5.742762524007937e-07,2.934480966517873,0.2692701550134533,156719000.0,0.0269106582099737,0.0,2014-10-28,0.28,amc,144270000.0,2025-04-25,2014-09-30,2.214285714285714,63.52625,1130187.765625
2014-06-30,DLR,USD,1297996,2014-08-07,2014-08-07 17:12:55,2014,Q2,401446000.0,147512000.0,253934000.0,0.6325483378,0,22217000.0,0.0,22217000.0,161876000.0,159960000.0,307472000.0,0.0,49229000.0,137092000.0,234543000.0,0.5842454527,92453000.0,0.2302999656,-30100000.0,62353000.0,0.1553210145,1021000.0,60339000.0,0.1503041505,0.45,0.45,133802622,133977885,https://www.sec.gov/Archives/edgar/data/1297996/000119312514300947/0001193125-14-300947-index.htm,https://www.sec.gov/Archives/edgar/data/1297996/000119312514300947/d750893d10q.htm,3.0002850018888267,0.4509552884546612,1.4861666911131233,1.4861666911131233,76.59443325408077,30.89835563909951,27.02846884420546,30.58028264946856,36.684363330338925,7803368915.04,12581677915.04,32.33136493412221,19.43815336319206,39.24189685365572,39.24189685365572,1.9071112150434464,1.9071112150434464,31.34089744334232,53.64337420021062,63.27125019506872,63.27125019506872,0.0077324295002513,0.0254829679546145,1.1875770152517693,0.4903250993846662,20.37284847554606,0.2790115718037144,1.8780190538097463,3.2422389617165592,0.0171354195163429,2.2160460067286496,0.0553424370899199,0.0,0.0522491352623364,0.0,0.0,0.0,0.0091045869182903,17.614841870489887,0.0100234769369185,0.0064242160974316,34.33196735113307,-729225000.0,3616480000.0,-5493751000.0,8270036999.0,171464000.0,563364000.0,0.0,36.2054921458926,350.25943652041866,0.0,2.485810706213815,0.2569523919015195,0.0,0.0147466030194622,0.0,2014-07-29,1.2,amc,591536842.0,2025-04-25,2014-06-30,0.0,56.0279365079365,1635536.2063492064
2014-03-31,DLR,USD,1297996,2014-05-12,2014-05-09 18:29:56,2014,Q1,390590000.0,140185000.0,250405000.0,0.641094242,0,33100000.0,0.0,33100000.0,152009000.0,163720000.0,303905000.0,1727000.0,47374000.0,130620000.0,226549000.0,0.5800174096,90007000.0,0.2304385673,-41452000.0,48555000.0,0.1243119383,1838000.0,45912000.0,0.1175452521,0.36,0.36,128535995,129136961,https://www.sec.gov/Archives/edgar/data/1297996/000119312514192882/0001193125-14-192882-index.htm,https://www.sec.gov/Archives/edgar/data/1297996/000119312514192882/d722282d10q.htm,3.038759687510102,0.3571917734016841,0.9056684860921644,0.9056684860921644,77.912346654336,30.15279883273164,26.033633613681523,29.80669344801042,39.325599027727606,6822690614.599999,11759829614.599998,37.15091160589824,17.467653075091526,58.608641920437066,58.608641920437066,1.7808080622086937,1.7808080622086937,30.1078614777644,51.90854788412219,101.01991748717904,101.01991748717904,0.0067293099736564,0.0170623301825954,1.3069894208992248,0.5106761645681959,21.792808619768792,0.2268577573815177,1.899924008950057,2.491833807821564,0.0327748996153345,4.870469594005924,0.0847435930259351,0.0,0.0539969123117337,0.0,0.0,0.0,0.023003661128037,15.477431249032962,0.0094262073122112,0.004949582969174,32.83859707936286,-1089168000.0,3346259000.0,-5610087000.0,7800582000.0,181298000.0,607666000.0,0.5,41.80590900944725,354.8029389734993,0.0,2.1528057189155225,0.2536619348768196,0.0,0.0119836094541887,0.0,2014-05-06,1.18,amc,360553846.0,2025-04-25,2014-03-31,0.0338983050847458,52.04737704918033,1520135.8032786886
2013-12-31,DLR,USD,1297996,2014-03-03,2014-02-28 21:05:59,2013,Q4,380931000.0,137293000.0,243638000.0,0.6395856467,0,17692000.0,0.0,17692000.0,1034794000.0,144475000.0,281768000.0,231000.0,45904000.0,126776000.0,227874000.0,0.5982028241,98055000.0,0.2574088221,-42861000.0,55194000.0,0.1448923821,-473000.0,42977000.0,0.1128209571,0.33,0.33,128443395,128640121,https://www.sec.gov/Archives/edgar/data/1297996/000119312514078397/0001193125-14-078397-index.htm,https://www.sec.gov/Archives/edgar/data/1297996/000119312514078397/d681374d10k.htm,2.9657500099557472,0.3345987545720043,1.5750907238165108,1.5750907238165108,76.81112757880621,28.39003126630217,24.172453554345864,28.10978330181945,38.98834969287443,6309139562.4,11214223562.4,36.70067456081159,16.562420917173977,31.185505226632397,31.185505226632397,1.7474343175324525,1.7474343175324525,29.438989114564052,49.21238738250086,55.43089102071079,55.43089102071079,0.0068118638960098,0.0320661792307921,1.3742888828078867,0.5122881100008311,21.525421943705737,0.186817722959948,2.136088358313001,3.6342896150322455,0.0018585735636412,0.2728436140261069,0.0464441066754871,0.0,0.0559296161523971,0.0,0.0,0.0,0.0057306966353486,14.547292390398582,0.0110862357239423,0.004700009022285,30.85033099989299,-1211531000.0,3104792000.0,-5760900000.0,7643771000.0,186439000.0,620303500.0,1.0,42.80216102128732,434.4127522889004,6.555323286693422e-07,2.102697570696003,0.2071762385560604,137293000.0,0.0119032847382479,0.0,2014-02-24,1.14,amc,277018181.0,2025-04-25,2013-12-31,0.1052631578947369,49.69015625,1814966.46875
2013-09-30,DLR,USD,1297996,2013-11-12,2013-11-12 17:10:04,2013,Q3,379456000.0,154416000.0,225040000.0,0.5930595379,0,18419000.0,0.0,18419000.0,149713000.0,139620000.0,294036000.0,0.0,47869000.0,121198000.0,208792000.0,0.5502403441,85177000.0,0.2244713485,68655000.0,153832000.0,0.4054014168,352000.0,138872000.0,0.3659765559,1.08,1.06,128427444,135301765,https://www.sec.gov/Archives/edgar/data/1297996/000119312513438489/0001193125-13-438489-index.htm,https://www.sec.gov/Archives/edgar/data/1297996/000119312513438489/d620258d10q.htm,2.9546332791611114,1.081326511489242,1.3904582575045252,1.3904582575045252,74.16991807451996,28.658742129914227,24.46266858663013,28.369964288941237,37.595282204635325,6819497276.400001,11544776276.400002,12.276587930612363,17.971773476766742,38.18884868597157,38.18884868597157,1.8716978089640623,1.8716978089640623,30.424545339644126,55.2931926338174,64.65017822627162,64.65017822627162,0.0203639644348256,0.0261856545669402,1.3120407895524118,0.5071479107718713,22.631513659527187,0.2609527963976427,1.7793770498652572,1.1634936148032318,0.0167507948709531,0.822570424563627,0.0485405422499578,0.0,0.0571704493965175,0.0,0.0,0.0,0.0075792713779726,26.27235955527771,0.0100749493589124,0.015626156866937,30.552404753146064,-850497000.0,3141678000.0,-5445167000.0,7752740000.0,175781000.0,597843000.0,1.0,45.47127993759487,336.8355610817532,5.828411563568542e-07,1.9792713141903344,0.2671926910299003,154416000.0,0.0381151876144852,0.0,2013-10-29,1.2,amc,614428571.0,2025-04-25,2013-09-30,-0.0333333333333333,56.85921875,1572756.0625
2013-06-30,DLR,USD,1297996,2013-08-08,2013-08-08 17:13:42,2013,Q2,363502000.0,126004000.0,237498000.0,0.6533609169,0,20129000.0,0.0,20129000.0,139281000.0,136013000.0,262017000.0,0.0,47589000.0,115867000.0,223287000.0,0.6142662214,99994000.0,0.275085144,-40163000.0,59831000.0,0.1645960682,210000.0,47077000.0,0.1295096038,0.37,0.37,128419745,128623076,https://www.sec.gov/Archives/edgar/data/1297996/000119312513327150/0001193125-13-327150-index.htm,https://www.sec.gov/Archives/edgar/data/1297996/000119312513327150/d580178d10q.htm,2.8305771826598782,0.3665869294476484,1.4520041291158148,1.4520041291158148,71.733922225122,27.90279641187576,23.626242210650705,27.621227561229,36.95566441126324,7705184700.0,12379172700.0,40.91798914544257,21.19709024984732,41.32219653985177,41.32219653985177,2.1722423403158237,2.1722423403158237,34.05530836143955,55.44063335527819,66.38836409854879,66.38836409854879,0.0061097821574608,0.0242000688185969,1.324528045499563,0.5115209716338596,20.93264722084134,0.1816505902642631,2.1011998571098363,3.127522181781587,0.0147830330400775,2.419567941882448,0.0553752111405164,0.0,0.0597934056472723,0.0,0.0,0.0,0.0098513900886377,15.09389189318077,0.0121929785364559,0.0054514620472192,29.04808953249362,-1005010000.0,3034076000.0,-5378505000.0,7428648000.0,168899000.0,615651500.0,1.0,39.57675611138316,441.24742071680265,7.142630392685946e-07,2.2740620718562123,0.203967197935788,126004000.0,0.0132719274925425,0.0,2013-07-26,1.17,bmo,385530303.0,2025-04-25,2013-06-30,0.0427350427350427,65.25375,1681068.125
2013-03-31,DLR,USD,1297996,2013-05-08,2013-05-08 17:11:52,2013,Q1,358370000.0,128206000.0,230164000.0,0.6422524207,0,18156000.0,0.0,18156000.0,137053000.0,129815000.0,258021000.0,41000.0,48078000.0,111623000.0,212585000.0,0.5931997656,98586000.0,0.2750955716,-45702000.0,52884000.0,0.1475681558,1203000.0,42657000.0,0.1190306108,0.34,0.34,126445285,126738339,https://www.sec.gov/Archives/edgar/data/1297996/000119312513207799/0001193125-13-207799-index.htm,https://www.sec.gov/Archives/edgar/data/1297996/000119312513207799/d531791d10q.htm,2.83419029819894,0.3373554023781906,0.7041860042468171,0.7041860042468171,70.4470949628529,26.74633538134696,22.369240577060665,26.459088608958417,37.40908172258064,8408611452.5,13048605452.5,49.280372813957854,23.463491510171053,94.43527647375927,94.43527647375927,2.513314082083866,2.513314082083866,36.41098711527192,61.38064986946398,146.54603443919095,146.54603443919095,0.0050730135695968,0.0105892632217566,1.399475793326632,0.5218891127585021,21.82653526824564,0.2275583397834485,2.0505428678397606,1.7228962287881426,0.0242601291726173,4.782192840565441,0.0506627228841699,0.0,0.0616912995073729,0.0,0.0,0.0,0.0080559198593632,14.171719052228482,0.0119979894576634,0.0050673382094549,27.297358304028496,-896176000.0,2828485000.0,-5325534000.0,7307350000.0,173118500.0,629982000.0,0.5,44.69009682730139,430.7000452396924,7.019952264324604e-07,2.0138689864063704,0.2089621326831144,128206000.0,0.0127500764430703,0.0,2013-04-26,1.18,bmo,379482352.0,2025-04-25,2013-03-31,-0.0169491525423729,67.913,1421203.6166666667
2012-12-31,DLR,USD,1297996,2013-02-28,2013-02-28 17:28:11,2012,Q4,349736000.0,125961000.0,223775000.0,0.6398397649,0,16088000.0,0.0,16088000.0,855780000.0,123806000.0,249767000.0,0.0,40350000.0,107718000.0,203670000.0,0.5823535467,94638000.0,0.2705983942,-38733000.0,55905000.0,0.1598491434,10000.0,44815000.0,0.1281395109,0.36,0.36,123824957,124145590,https://www.sec.gov/Archives/edgar/data/1297996/000119312513084894/0001193125-13-084894-index.htm,https://www.sec.gov/Archives/edgar/data/1297996/000119312513084894/d476084d10k.htm,2.8244386953431366,0.3619221931165298,1.5054477265031474,18.05091682769573,70.52024253882843,28.25265669181698,23.728043773921925,28.00974120265594,34.87919644502683,8406476330.73,12628760330.73,46.89543864068951,24.036634291951646,45.09621875592774,3.7610277997533954,2.423799617026184,2.423799617026184,36.10940918501384,62.00599170584769,67.74649878081883,5.650062738732991,0.0053310088837314,0.2658847669420493,1.2336184389781175,0.4851413062433908,20.73100603918103,0.18353295663403,2.3454275092936805,3.335038912246176,0.0011598200740016,0.2175610844583287,0.0460004117391403,0.0,0.0635272032178831,10.990397613887518,5.857967152366356,49.69177035581751,0.0077458425784019,15.102658928333195,0.0117114664552208,0.0054262319417204,28.56896207119216,-1194973000.0,2938124000.0,-5052213000.0,6901789000.0,157155500.0,631234500.0,0.0,43.30620811126106,461.87653321266106,0.0,2.078223975850636,0.1948572692662899,0.0,0.0129212972907515,16.54546910119258,2013-02-15,1.16,bmo,378841666.0,2025-04-25,2012-12-31,0.0,65.04596774193548,1389538.8709677418
2012-09-30,DLR,USD,1297996,2012-11-08,2012-11-08 16:15:39,2012,Q3,342479000.0,125265000.0,217214000.0,0.6342403476,0,17376000.0,0.0,17376000.0,124335000.0,120139000.0,245404000.0,83000.0,41047000.0,101840000.0,200518000.0,0.5854899133,97075000.0,0.2834480362,-39444000.0,57631000.0,0.1682760111,710000.0,45615000.0,0.1331906482,0.37,0.37,122026421,122353511,https://www.sec.gov/Archives/edgar/data/1297996/000119312512460448/0001193125-12-460448-index.htm,https://www.sec.gov/Archives/edgar/data/1297996/000119312512460448/d435903d10q.htm,2.806597105720244,0.373812487707068,1.027121823068137,-10.69651956767625,68.91180558348097,28.908132936226984,25.4200276840046,28.51384947199263,33.772358201016154,8421043313.210001,12425001313.21,46.15281877238847,24.588495391571456,67.18774584484906,-6.451631258502151,2.42022740801042,2.42022740801042,36.27960053962433,61.96451846323024,99.13353955136594,-9.519191848056094,0.0054167872439801,-0.1549995590157404,1.1726224571001738,0.4792982118972375,19.968072691728423,0.8500637943516838,2.3649718615245936,2.201928989300961,0.0122138072652655,2.2548065329387263,0.0507359575331626,0.0,0.050001303949746,11.414070977213251,4.177172906951959,13.376162915727765,0.0080034104280846,15.486243657442714,0.0121418830496703,0.0056405641825472,28.95715305786113,-92367000.0,3101915000.0,-4461367000.0,7598502000.0,121317000.0,494508000.0,0.0,38.3738856981012,442.6119027661358,0.0,2.345344975175484,0.2033384087448583,0.0,0.0131098569512419,11.723641390744389,2012-10-26,0.98,bmo,338775372.0,2025-04-25,2012-09-30,0.1530612244897958,74.86365079365079,1217201.6825396826
2012-06-30,DLR,USD,1297996,2012-08-07,2012-08-07 17:06:34,2012,Q2,303704000.0,103941000.0,199763000.0,0.6577555778,0,21977000.0,0.0,21977000.0,112570000.0,111314000.0,215255000.0,1216000.0,37681000.0,89000000.0,181855000.0,0.5987902695,88449000.0,0.2912342281,-33275000.0,55174000.0,0.1816703106,1206000.0,42021000.0,0.1383616943,0.38,0.38,109761017,110166082,https://www.sec.gov/Archives/edgar/data/1297996/000119312512341197/0001193125-12-341197-index.htm,https://www.sec.gov/Archives/edgar/data/1297996/000119312512341197/d380116d10q.htm,2.7669568695778395,0.3828408404779996,1.4637528367653518,-1.384963479338024,61.86895115959066,24.946780513157965,22.46186366877413,24.48924102078974,31.32162122732518,8239759546.19,11592194546.19,49.02167693647223,27.130889109758183,51.28598088041428,-54.203595343814754,3.0654277907702627,3.0654277907702627,38.16938382829992,63.74416181127821,72.15223508953522,-76.2569124506792,0.0050997847406154,-0.0184489606945254,1.2649767630816484,0.5062013993214048,18.434659481455004,1.1377656351381062,2.3473103155436426,2.977004891787726,0.0114437805461933,2.243973251469503,0.0723632220846613,0.0,0.0406047955423706,1.9461730454429456,1.0295485077575537,3.727282480420555,0.0124265732423675,14.524060600913838,0.0136371020566318,0.0065205793711902,26.27824366824152,51383000.0,2465437000.0,-3554572000.0,6076976000.0,93870500.0,343471000.0,0.0,28.62922450807365,322.9491730885791,0.0,3.143640861617448,0.278681623920166,0.0,0.0156330218708286,2.848716316103376,2012-07-25,0.37,bmo,295707894.0,2025-04-25,2012-06-30,1.9459459459459465,72.80730158730158,1070476.634920635
2012-03-31,DLR,USD,1297996,2012-05-07,2012-05-07 17:01:35,2012,Q1,283148000.0,96080000.0,187068000.0,0.6606721573,0,17157000.0,0.0,17157000.0,103137000.0,101152000.0,197232000.0,709000.0,38030000.0,83995000.0,172009000.0,0.6074879568,85916000.0,0.303431421,-35932000.0,49984000.0,0.1765295888,721000.0,39211000.0,0.1384823485,0.37,0.36,107099856,107584856,https://www.sec.gov/Archives/edgar/data/1297996/000119312512215321/0001193125-12-215321-index.htm,https://www.sec.gov/Archives/edgar/data/1297996/000119312512215321/d326866d10q.htm,2.6437757301933256,0.3661162719023637,0.6586096623696674,-2.193588383536202,60.52884889032904,24.58438412839696,22.042616005011247,23.94683892011956,24.56888457441063,7922176348.32,10489227348.32,50.5099101548035,27.97892391371297,112.31235164977244,-33.721002789391015,3.088925442174006,3.088925442174006,37.04503421645217,60.98068908208291,148.70532271460368,-44.64773934832484,0.0049495237515528,-0.0296551086053292,1.0111478795010571,0.4040619121569583,14.92393421274468,1.2057661927330174,2.259163818038391,1.4318454012138928,0.0209795885237073,4.238708525668818,0.0605937530902566,0.0,0.0424151468800312,4.330634985893928,1.0788350968398153,3.63676409310078,0.0120325766030485,14.045101148044946,0.0138721173976714,0.0063800900707112,25.82545955990828,64604000.0,2360761000.0,-3406505000.0,5850707000.0,90856000.0,314550500.0,0.0,28.966759433229264,294.09991673605333,0.0,3.107009612430321,0.306018447739897,0.0,0.0152887098428161,2.8521980459058693,2012-04-26,0.36,bmo,283100000.0,2025-04-25,2012-03-31,1.9444444444444449,70.25822580645162,1027241.4838709678
2011-12-31,DLR,USD,1297996,2012-02-28,2012-02-27 21:46:42,2011,Q4,270612000.0,93544000.0,177068000.0,0.6543242724,0,15157000.0,0.0,15157000.0,704776000.0,95769000.0,189313000.0,398000.0,36856000.0,78339000.0,163501000.0,0.6041897625,81299000.0,0.3004264408,-35266000.0,46033000.0,0.1701070167,-1164000.0,35990000.0,0.1329948413,0.43,0.43,105208667,107099856,https://www.sec.gov/Archives/edgar/data/1297996/000119312512082659/0001193125-12-082659-index.htm,https://www.sec.gov/Archives/edgar/data/1297996/000119312512082659/d263690d10k.htm,2.572145505845065,0.3420820834085846,1.1487456637008813,-1.319178390502752,58.31494852035337,24.52660102613029,22.03050438800826,23.98012513550809,28.29677520769273,7014261828.89,9913840828.89,48.72368594672131,25.91999552455176,58.03721581434411,-50.53903284042684,2.780219019844886,2.780219019844886,36.63488991208816,60.634741248616216,82.02883407709874,-71.43102716274345,0.0051309747023936,-0.0197866865232151,1.1654010020940049,0.4821149758812154,17.734319667769615,0.96783823363749,2.205855220316909,2.5607136046782637,0.0013866034997354,0.2702417338149486,0.0560100808537685,0.0,0.0430611064961828,2.1483641959986097,0.9594807325617488,3.31440278788343,0.0496282500406486,13.585703929202433,0.0146031998373982,0.006166942685473,25.520882229217865,-12562000.0,2317800000.0,-3140129000.0,5468588000.0,90613500.0,302346500.0,0.0,30.125049886922973,303.1938980586676,0.0,2.9875469198498563,0.2968397470274455,0.0,0.0142652334579377,2.467924054203633,2012-02-17,0.3,bmo,238764705.0,2025-04-25,2011-12-31,2.4,62.32666666666667,1259279.0952380951
2011-09-30,DLR,USD,1297996,2011-11-07,2011-11-07 17:02:34,2011,Q3,273476000.0,102610000.0,170866000.0,0.6247934005,0,20193000.0,0.0,20193000.0,105086000.0,99240000.0,201850000.0,2218000.0,37078000.0,73383000.0,154281000.0,0.5641482251,71626000.0,0.2619096374,-33476000.0,38150000.0,0.1395003583,461000.0,27472000.0,0.1004548845,0.32,0.31,100588235,101912342,https://www.sec.gov/Archives/edgar/data/1297996/000119312511299989/0001193125-11-299989-index.htm,https://www.sec.gov/Archives/edgar/data/1297996/000119312511299989/d234447d10q.htm,2.7187672594116004,0.273113451090975,0.8984649149077921,-1.6429157942775316,58.07420718735148,25.61810533806463,23.11704743601476,25.016275511743498,28.17544218764749,5548447042.599999,8306755042.599999,50.491837530940586,20.288606834237736,61.39360489737206,-33.57445353689382,2.204964522960503,2.204964522960503,30.374713110474044,53.84172414360809,91.91430199280774,-50.26537318980019,0.0049512953424759,-0.0297845502950966,1.111549578098057,0.4800621720537442,17.87846850875999,1.247423677303495,1.931765467393063,2.397914510865239,0.0140008545460673,2.827715492137449,0.0738382892831546,0.0,0.043178717879889,2.8285809128630706,0.9347547865260571,3.4835452352724747,0.0,12.39864226902428,0.0127799117716031,0.0049278588514278,26.4447949603649,71644000.0,2325303000.0,-2888328000.0,5306460000.0,87159500.0,286922000.0,28464000.0,29.83161228041949,253.9752460773804,0.0,3.016933820203647,0.3543652438182069,0.0,0.0109174305728591,2.5413807091853235,2011-10-27,0.31,bmo,273500000.0,2025-04-25,2011-09-30,2.258064516129032,58.43734375,1199367.875
2011-06-30,DLR,USD,1297996,2011-08-05,2011-08-05 17:11:46,2011,Q2,267881000.0,97498000.0,170383000.0,0.6360398834,0,16815000.0,0.0,16815000.0,104747000.0,93663000.0,191161000.0,380000.0,39334000.0,76848000.0,154643000.0,0.57728245,76720000.0,0.286395825,-38259000.0,38824000.0,0.1449300249,233000.0,31990000.0,0.1194186971,0.33,0.33,96295585,97511811,https://www.sec.gov/Archives/edgar/data/1297996/000119312511212571/0001193125-11-212571-index.htm,https://www.sec.gov/Archives/edgar/data/1297996/000119312511212571/d10q.htm,2.7818617021746115,0.3322063000084583,1.3005165293922871,-0.6922228054380686,58.4241842447917,22.159001370623585,19.438108195718424,21.508275794783323,32.26431409082774,5949141241.3,8988818241.3,46.49219475851829,22.20814929502279,47.50420206413594,-89.24872095322392,2.8723827325565674,2.8723827325565674,33.555266111818305,58.12625363773336,71.77618091971829,-134.8498040940322,0.0053772466819109,-0.0112046423670778,1.4810969933640794,0.5421275076633786,19.65609177266349,1.3606745367308748,1.9504754156709208,3.27597572459977,0.0126556080863105,2.3535479837449205,0.0627704092488829,0.0,0.0463045681601087,1.532267595062044,0.7163329986075907,2.019469380452742,0.0,12.679379173693606,0.0141901474377955,0.0059280315840482,22.76966280437468,102534000.0,1871804000.0,-3137773000.0,5198909000.0,81332000.0,274999000.0,58382000.0,28.111288221262427,262.4213830027283,52.55000102566207,3.2015608566784586,0.3429598570443641,1.7126545812254077,0.0154455105178181,1.992739334830356,2011-07-28,0.29,bmo,235427272.0,2025-04-25,2011-06-30,2.5172413793103448,60.3836507936508,962592.8571428572
2011-03-31,DLR,USD,1297996,2011-05-09,2011-05-09 16:55:31,2011,Q1,250741000.0,86931000.0,163810000.0,0.6533036081,0,15137000.0,0.0,15137000.0,91948000.0,89145000.0,176076000.0,264000.0,36082000.0,73918000.0,149440000.0,0.5959934753,74665000.0,0.2977773878,-35225000.0,39440000.0,0.1572937812,428000.0,30980000.0,0.1235537866,0.34,0.33,91428355,92600215,https://www.sec.gov/Archives/edgar/data/1297996/000119312511132489/0001193125-11-132489-index.htm,https://www.sec.gov/Archives/edgar/data/1297996/000119312511132489/d10q.htm,2.742486179479003,0.3388445521085882,0.7053501071959569,-0.7871409258101603,59.75999458811219,22.302413731495005,19.261289345083373,21.26030813963568,33.81348160535099,5315644559.7,8326705559.7,42.89577598208521,21.19974220291057,82.42715129246848,-73.86225019383885,2.7346734402033133,2.7346734402033133,33.20839256324255,55.71938945195396,129.1182303912295,-115.70171828337988,0.0058280796716303,-0.0135387156142098,1.5718884964721074,0.5517859190641002,20.14896279443255,1.4560918882708476,2.069314339559891,1.6530554701117606,0.0233243586187029,4.002065848934796,0.0603690660881148,0.0,0.0502126921837089,2.1159577602381803,0.5442109587183588,2.4478607946901065,0.0120522770508213,12.73140372301782,0.0140098464540122,0.0058905177495103,22.47276569725005,121190000.0,1761028000.0,-3111368000.0,5115977000.0,74664500.0,251672500.0,29918000.0,28.3530814665332,275.094730303344,61.94844186768817,3.1742581527243265,0.3271600292043324,1.4528210441874456,0.0159378946853963,1.4924910330061172,2011-04-28,0.21,bmo,159536363.0,2025-04-25,2011-03-31,3.8571428571428577,55.12193548387096,1192410.758064516
2010-12-31,DLR,USD,1297996,2011-02-25,2011-02-25 17:14:48,2010,Q4,238672000.0,74896000.0,163776000.0,0.6861969565,0,14833000.0,0.0,14833000.0,575899000.0,91216000.0,166112000.0,224000.0,36583000.0,74569000.0,-118553000.0,-0.4967193471,72560000.0,0.3040155527,-36004000.0,36556000.0,0.1531641751,258000.0,35221000.0,0.1475707247,0.39,0.39,90768608,91428355,https://www.sec.gov/Archives/edgar/data/1297996/000119312511047638/0001193125-11-047638-index.htm,https://www.sec.gov/Archives/edgar/data/1297996/000119312511047638/d10k.htm,2.6294553288731715,0.388030628386413,1.3078089728995292,-1.7871266682860223,57.52678282782523,22.636273104463605,19.391549994905727,21.621109359746928,31.32731747962908,4678214056.32,7473449056.32,33.206141622327586,19.601017531675268,39.40942528153115,-28.8395897809697,2.383781476817028,2.383781476817028,31.31263431118857,-63.03888603679367,62.956574589075714,-46.07125762919582,0.0075287277529377,-0.034674557009818,1.430281913337865,0.5266841080082252,-23.57793560685938,0.9421204053441168,1.9834349287920616,3.27037302330707,0.001626261626426,0.216007495528236,0.0621480525574847,0.0,0.0552622083605482,2.366504363648617,1.1770253737346652,3.767289356166771,0.0,13.739257063380975,0.0142933967203093,0.0069952833823638,22.02918821890493,-16718000.0,1760144000.0,-3002697000.0,4844643000.0,76823000.0,229420000.0,0.0,26.523136354494877,285.55316705832087,0.0,3.39326385828227,0.3151777335448658,0.0,0.0179468417614513,3.094935641185552,2011-02-18,0.22,bmo,194496296.0,2025-04-25,2010-12-31,3.4545454545454546,55.16640625,1666055.234375
2010-09-30,DLR,USD,1297996,2010-11-09,2010-11-09 17:09:17,2010,Q3,237486000.0,88186000.0,149300000.0,0.6286686373,0,18712000.0,0.0,18712000.0,91051000.0,88899000.0,177085000.0,327000.0,36737000.0,70128000.0,130834000.0,0.5509124748,60401000.0,0.2543349924,-36432000.0,25052000.0,0.1054883235,343000.0,23036000.0,0.0969994021,0.26,0.26,87908953,90136911,https://www.sec.gov/Archives/edgar/data/1297996/000119312510254366/0001193125-10-254366-index.htm,https://www.sec.gov/Archives/edgar/data/1297996/000119312510254366/d10q.htm,2.70149958446212,0.2620438443852243,1.106246823346878,-8.808101718604247,56.70331439392754,23.30671598375196,18.870762799324886,22.28975471929463,31.257749139612663,5423982400.1,8068588400.1,58.86419517385831,22.83916694078809,55.774171457804194,-7.004914562882356,2.7680878850851944,2.7680878850851944,33.9750065271216,61.67042511961723,82.96834312023775,-10.42034583016385,0.0042470639284477,-0.1427569160227592,1.383588615078881,0.5242993529751789,20.2134460461348,1.4839269649969034,1.6441462285978714,4.116185558283247,0.0109060088393556,2.5678937315506163,0.0787920130028717,0.0,0.0754143525139439,8.962148711040731,3.669942649250903,12.755532139093782,0.0,11.46386029588517,0.0120359089966693,0.0048183003380716,21.899711966766343,107049000.0,1658909000.0,-2793772000.0,4828822000.0,67741500.0,208850000.0,17907000.0,31.57158737778227,225.75930419794523,0.0,2.850664394003049,0.3986546659493962,0.0,0.0117562462075184,9.914348541951126,2010-11-04,0.15,bmo,323863636.0,2025-04-25,2010-09-30,4.4,60.82234375,1094914.921875
2010-06-30,DLR,USD,1297996,2010-08-05,2010-08-05 17:25:26,2010,Q2,197464000.0,67154000.0,130310000.0,0.6599177572,0,16300000.0,0.0,16300000.0,76334000.0,76160000.0,143314000.0,34000.0,33162000.0,59860000.0,127249000.0,0.6444161974,54150000.0,0.2742272009,-33714000.0,20436000.0,0.1034922821,534000.0,19192000.0,0.0971923996,0.24,0.23,80542329,83021817,https://www.sec.gov/Archives/edgar/data/1297996/000119312510179586/0001193125-10-179586-index.htm,https://www.sec.gov/Archives/edgar/data/1297996/000119312510179586/d10q.htm,2.451679786910557,0.2382846416075204,1.0661722980471549,-0.40639500255822,54.91056758490309,25.22759181696869,21.61233753247935,24.274316676390125,26.79177553954269,4645681536.72,6427768536.72,60.515859951021255,23.526726576591177,54.10007379262157,-141.93087916167664,2.3761739936474164,2.3761739936474164,32.55159693270672,50.51331277039505,74.85290358580212,-196.37567324697545,0.0041311484328626,-0.0070456831234088,1.086747037251101,0.4720495210876083,14.004723023363642,2.861848269499661,1.6328930703817623,4.314742236961109,0.0117405809177589,2.841965402250938,0.0825466920552607,0.0,0.0646920528447698,1.381171976895845,0.6006360653081068,2.06483286908078,0.0,11.408086128434263,0.0122510253947945,0.0045588311795358,24.962271701877405,387486000.0,1740708000.0,-1873538000.0,4220072000.0,53132000.0,181053000.0,17907000.0,23.77982822185309,263.3378503142032,47.99803436876434,3.784720358799402,0.3417662895501575,1.875076785614564,0.0098163274700656,1.4725673006053748,2010-07-23,0.25,bmo,448863636.0,2025-04-25,2010-06-30,2.04,58.07603174603175,1255570.2857142857
2010-03-31,DLR,USD,1297996,2010-05-06,2010-05-06 16:16:16,2010,Q1,191779000.0,53242000.0,138537000.0,0.7223783626,0,13087000.0,0.0,13087000.0,71990000.0,83342000.0,136584000.0,31000.0,30902000.0,57532000.0,114736000.0,0.5982719693,55195000.0,0.2878052341,-28893000.0,26302000.0,0.1371474458,716000.0,24845000.0,0.1295501593,0.32,0.31,77770691,80612660,https://www.sec.gov/Archives/edgar/data/1297996/000119312510110900/0001193125-10-110900-index.htm,https://www.sec.gov/Archives/edgar/data/1297996/000119312510110900/d10q.htm,2.4659546872227227,0.3194648225512102,0.7354955866343016,-4.947763676164327,51.94460725570768,21.196995665115026,18.228653773951937,20.247820608923224,21.95585480910797,4215171452.2,5840982452.200001,42.41468557254981,21.979317089983784,73.69180860489512,-10.954443976600285,2.676831301839667,2.676831301839667,30.456840697886637,50.90801886243202,102.11507783566437,-15.179623359693966,0.005894184917919,-0.0912871526967588,1.064732229325574,0.4042399603046205,14.17001638544136,0.7874102371914214,1.7861303475503203,2.235597592433362,0.020698564931318,3.5116924934594484,0.0682400054229086,0.0,0.0556588820581417,7.727115384615384,2.304689251690748,7.999981900124889,0.0140526335000182,12.064016512018869,0.0140677208490777,0.0063432919655549,20.332267589084427,-70340000.0,1417655000.0,-2238549000.0,3654610000.0,50088000.0,158422000.0,0.0,25.383905432815897,279.95473498365953,0.0,3.545553706784988,0.3214805422214171,0.0,0.0157777386871168,5.68325926279863,2010-04-29,0.21,bmo,223766666.0,2025-04-25,2010-03-31,2.8571428571428577,51.4444262295082,975814.2459016392
2009-12-31,DLR,USD,1297996,2010-02-26,2010-02-26 17:11:44,2009,Q4,169774000.0,54435000.0,115339000.0,0.6793678655,0,13035000.0,0.0,13035000.0,417188000.0,65161000.0,119596000.0,17000.0,24451000.0,50296000.0,101545000.0,0.5981186754,50084000.0,0.2950039464,-25210000.0,24874000.0,0.1465124224,-23000.0,24387000.0,0.1436439031,0.32,0.31,76657209,77770691,https://www.sec.gov/Archives/edgar/data/1297996/000119312510043123/0001193125-10-043123-index.htm,https://www.sec.gov/Archives/edgar/data/1297996/000119312510043123/d10k.htm,2.214716687637297,0.3181305492090118,0.8490395208622845,-1.3719518538693471,47.95700297411037,21.326122113316178,18.06384576302537,20.337226209214062,23.59719357901486,3854324468.52,5566448468.52,39.512080909090905,22.70267808097824,59.2198581627103,-36.64851638794333,2.472313553616272,2.472313553616272,32.787402479296006,54.81755348387415,85.52582728001845,-52.928101821051634,0.0063271787829954,-0.027286234166057,1.1446117530845192,0.4764795427788988,16.860741543158206,1.4022833403282102,2.0483415811214267,2.614170381973732,0.0026206927004976,0.4141960880797146,0.0767785408837631,0.0,0.0667751829810958,2.6158869171083965,1.00283317822517,3.3850604421822807,0.0,12.065346709681265,0.0140941138773324,0.0069777183401802,20.879399613935853,75723000.0,1384724000.0,-1846302000.0,3476601000.0,45745000.0,152150500.0,0.0,24.430949379763685,250.03416919261505,0.0,3.6838519290023,0.3599508030867095,0.0,0.0156427698613529,2.220991374731632,2010-02-25,0.23,bmo,216966666.0,2025-04-25,2009-12-31,2.4347826086956523,46.97125,1149620.21875
2009-09-30,DLR,USD,1297996,2009-11-09,2009-11-09 16:47:35,2009,Q3,163227000.0,45278000.0,117949000.0,0.7226071667,0,12155000.0,0.0,12155000.0,61633000.0,72293000.0,117571000.0,90000.0,22559000.0,50439000.0,97276000.0,0.595955326,45656000.0,0.2797086266,-21378000.0,24278000.0,0.1487376476,333000.0,22507000.0,0.1378877269,0.29,0.29,76301577,77674137,https://www.sec.gov/Archives/edgar/data/1297996/000119312509229492/0001193125-09-229492-index.htm,https://www.sec.gov/Archives/edgar/data/1297996/000119312509229492/d10q.htm,2.139234946611916,0.294974244110315,0.9861133014328132,-0.2725369621128538,45.091165022709816,21.67922427081684,18.527336597512264,20.626821382734985,21.255510878890483,3487745084.67,5045863084.67,38.74067050995246,21.367451982025035,46.35369985739348,-167.72036954412118,2.2160467263395263,2.2160467263395263,30.91316439479988,51.87161360119659,67.06178842494883,-242.64790020052897,0.0064531665742794,-0.0059623050123135,1.0161456648912006,0.4527408704179403,16.017496607590772,1.4438564858367304,2.023848574848176,3.1422844017540195,0.0113758313858405,1.7628293419824943,0.0744668467839266,0.0,0.0680819767083057,1.2763748969990163,0.588364670060713,1.9807160829930288,0.0,11.700366384427522,0.0133249974263113,0.0068370351198873,20.92120586183953,67942000.0,1413665000.0,-1657245000.0,3305725000.0,42799500.0,140175500.0,0.0,25.034828796706428,304.2643226290914,0.0,3.594991630693331,0.2957954426675028,0.0,0.0143005186614556,1.258650263545667,2009-10-29,0.13,bmo,132600000.0,2025-04-25,2009-09-30,4.692307692307692,41.7175,1362606.046875
2009-06-30,DLR,USD,1297996,2009-08-06,2009-08-06 17:06:57,2009,Q2,155007000.0,51450000.0,103557000.0,0.6680795061,0,11528000.0,0.0,11528000.0,59820000.0,60711000.0,112161000.0,403000.0,22495000.0,49183000.0,93173000.0,0.6010889831,42846000.0,0.2764133233,-21351000.0,21495000.0,0.1386711568,292000.0,20372000.0,0.1314263227,0.27,0.27,76121380,76851202,https://www.sec.gov/Archives/edgar/data/1297996/000119312509167347/0001193125-09-167347-index.htm,https://www.sec.gov/Archives/edgar/data/1297996/000119312509167347/d10q.htm,2.0363135823338987,0.2676252059539645,1.3413314367133125,-0.3451461337143389,43.83149648626969,21.956564634009524,18.74984399914978,20.821325099466144,20.257134066670886,2728951473.0,4179141473.0,33.48899804879247,17.60534345545685,26.727174968659405,-103.86904704449437,1.7217924329378629,1.7217924329378629,26.96098545872122,44.85356780397755,40.93024242928779,-159.06601731815934,0.0074651382413937,-0.0096275072165784,0.9587103173100948,0.4411131509550302,15.564487566140404,1.825391462849331,1.904689931095799,4.815544970051408,0.0136187837591496,1.8243176909483605,0.0743708348655222,0.0,0.0708623198250766,1.2573160698895245,0.8282013070377466,2.7276532455115268,0.0,11.197187455094662,0.0127399730863433,0.0063650406422779,20.93125807755981,105055000.0,1427264000.0,-1541010000.0,3254506000.0,39059000.0,133442500.0,0.0,23.33797828485165,222.6454810495627,0.0,3.8563751710411744,0.4042300772319078,0.0,0.0128534185348667,1.6864775704276511,2009-07-30,0.11,bmo,131153846.0,2025-04-25,2009-06-30,5.454545454545454,35.79015873015872,2258437.238095238
2009-03-31,DLR,USD,1297996,2009-05-08,2009-05-07 17:37:56,2009,Q1,149134000.0,51784000.0,97350000.0,0.652768651,0,11558000.0,0.0,11558000.0,57256000.0,57862000.0,109646000.0,243000.0,18937000.0,44165000.0,47327000.0,0.3173454745,39203000.0,0.2628709751,-17578000.0,21625000.0,0.1450038221,436000.0,20396000.0,0.1367629112,0.27,0.27,74703755,74895168,https://www.sec.gov/Archives/edgar/data/1297996/000119312509103633/0001193125-09-103633-index.htm,https://www.sec.gov/Archives/edgar/data/1297996/000119312509103633/d10q.htm,1.996338738260212,0.2730250976005155,0.5538945130669803,-1.30246464853072,43.06080731818635,22.034715657867533,18.703343627104157,20.950847785362328,19.52545758911316,2478670590.9,3839422590.9,30.381822304618552,16.62042586465863,59.90310287834115,-25.474779708938428,1.583706795062574,1.583706795062574,25.744783824614107,81.12541658883936,92.78898426458504,-39.46004163352141,0.0082286045087557,-0.0392545102028547,0.9198655427392504,0.4295507864422294,28.752128805967,1.631534461269573,2.0701800707609443,1.952805701071311,0.025516097311275,3.100902137674053,0.0775007711185913,0.0,0.074252606133226,3.3514669631204987,0.9298818512210496,3.139975093399751,0.0119355747180388,11.344708607177717,0.0119590632915122,0.0065735298430713,20.610868222086022,88166000.0,1397210000.0,-1477765000.0,3145834000.0,38515500.0,155391000.0,0.0,22.88592809151501,242.63363200988724,0.0,3.9325475305223754,0.3709296162056072,0.0,0.013031696874399,1.8563591615977,2009-04-28,0.1,bmo,106499999.0,2025-04-25,2009-03-31,0.4000000000000001,31.128688524590164,2074766.5409836064
2008-12-31,DLR,USD,1297996,2009-03-02,2009-03-02 16:46:52,2008,Q4,147106000.0,49528000.0,97578000.0,0.6633176077,0,9906000.0,0.0,9906000.0,361512000.0,56959000.0,106487000.0,591000.0,17083000.0,45026000.0,89966000.0,0.6115726075,40462000.0,0.2750533629,-6116000.0,25830000.0,0.1755876715,9808000.0,24538000.0,0.166804889,0.34,0.33,73041978,74703755,https://www.sec.gov/Archives/edgar/data/1297996/000119312509042658/0001193125-09-042658-index.htm,https://www.sec.gov/Archives/edgar/data/1297996/000119312509042658/d10k.htm,2.013992556444734,0.3359438048076956,1.290641389804641,-0.8431316030351752,42.51946736710772,21.400036565274835,17.92613009466967,20.43793228053052,19.3416996456476,2399428977.3,3721767977.3,24.446052829285197,16.310884513887945,25.452461279714864,-38.96188908320343,1.6073054528756516,1.6073054528756516,25.29990603578372,41.36860566547362,39.47945791706888,-60.43400846486101,0.0102265998419389,-0.025666106637296,0.9349194514836616,0.4255530055014698,14.698208211991195,1.0767027596974674,2.3685535327518585,3.841837150542017,0.0042143360339753,0.412095525307686,0.0673391975854146,0.0,0.0773678685257567,1.6532655853868103,1.0594741207020788,3.461444498734065,0.0,12.429196534220448,0.0081423643130437,0.0081092478076147,19.419914942610124,15131000.0,1309360000.0,-1504169000.0,3006889000.0,46458500.0,161513500.0,0.0,23.92642040433429,311.0531416572444,0.0,3.761532167331492,0.2893396270505211,0.0,0.0164372696903258,2.133772992839816,2009-02-26,0.14,bmo,102970000.0,2025-04-25,2008-12-31,0.4285714285714285,31.48015625,1876904.453125
2008-09-30,DLR,USD,1297996,2008-11-10,2008-11-10 17:14:57,2008,Q3,142016000.0,48473000.0,93543000.0,0.6586793037,0,11348000.0,0.0,11348000.0,0.0,108484000.0,108484000.0,453000.0,15716000.0,46520000.0,79421000.0,0.559239804,33532000.0,0.2361142406,388000.0,19069000.0,0.134273603,15347000.0,18185000.0,0.1280489522,0.26,0.25,70916019,73338871,https://www.sec.gov/Archives/edgar/data/1297996/000119312508231987/0001193125-08-231987-index.htm,https://www.sec.gov/Archives/edgar/data/1297996/000119312508231987/d10q.htm,2.002594082445604,0.2564300740006288,0.7076398352253812,-1.4654093879691696,41.35191232322277,22.713838462928948,19.025292437805906,21.53779952030302,18.32356099966638,3350781897.75,4592521897.75,46.06518968586747,23.59439709434148,66.77125516111033,-32.2435494053175,2.193817430395286,2.193817430395286,32.33805978023603,57.82503239382531,91.51549125699938,-44.19243365392943,0.0054270915132408,-0.0310139553009348,0.840473361158851,0.4063832649811563,15.634907644073984,1.2162975548399415,2.1336217867141767,2.759582073137201,0.0102546214729979,1.889524333241683,0.0799064894096439,0.0,0.0828067498500262,3.070840722953988,1.0851171698963498,3.4807670589298216,0.0,11.147472328202715,0.0021451875750339,0.006276515993467,20.090802756426584,32845000.0,1349198000.0,-1363414000.0,2922311000.0,50639000.0,149491500.0,0.0,34.100453470031546,281.94231840406,0.0,2.639261090152205,0.3192142297383619,0.0,0.011906047958098,2.17304922319455,2008-11-05,0.1,bmo,129090909.0,2025-04-25,2008-09-30,0.0999999999999999,43.55359375,1140272.03125
2008-06-30,DLR,USD,1297996,2008-08-08,2008-08-08 16:08:27,2008,Q2,123776000.0,44918000.0,78858000.0,0.6371025078,0,11021000.0,0.0,11021000.0,49428000.0,50591000.0,95509000.0,407000.0,14956000.0,47059000.0,68823000.0,0.5560286324,28129000.0,0.2272573035,-14558000.0,14246000.0,0.1150950103,14870000.0,13830000.0,0.1117341003,0.21,0.2,65889122,68068600,https://www.sec.gov/Archives/edgar/data/1297996/000119312508171919/0001193125-08-171919-index.htm,https://www.sec.gov/Archives/edgar/data/1297996/000119312508171919/d10q.htm,1.878549846209819,0.2098980769541898,0.8469986897078398,-2.4962390605235263,42.79428704483268,21.961880141611235,17.759790455243888,20.76477813742912,20.885511268460977,2695523981.02,4036931981.02,48.726030025668834,21.777436506430973,48.29995665531823,-16.388654695364036,1.970163116082542,1.970163116082542,32.61482016723759,58.656727852898015,72.33608050852925,-24.544350089800883,0.0051307278649276,-0.0610178210834398,0.9948829570529458,0.4432557760880538,19.49069351815527,1.0111872332327434,1.8807836319871625,4.0352856109906,0.0120740903175658,2.353289949385394,0.0890398784901758,0.0,0.0901613559763583,3.94715811353211,1.7796907316442605,4.680996196264264,0.0,9.902825732441343,-0.0004214154572646,0.0049499316028973,18.69016785502165,1646000.0,1170177000.0,-1475023000.0,2844640000.0,46944000.0,73566000.0,0.0,34.515657316442606,294.8011932855425,0.0,2.6075122711664456,0.3052904874534431,0.0,0.0101083707981373,3.343237750231366,2008-08-06,0.06,bmo,148560000.0,2025-04-25,2008-06-30,-0.1666666666666666,40.09453125,904681.09375
2008-03-31,DLR,USD,1297996,2008-05-09,2008-05-09 16:27:15,2008,Q1,114547000.0,31564000.0,82983000.0,0.7244449876,0,8845000.0,0.0,8845000.0,48917000.0,89326000.0,89326000.0,655000.0,15202000.0,26233000.0,64358000.0,0.5618479751,25221000.0,0.2201803626,-14316000.0,11108000.0,0.0969732948,12904000.0,11108000.0,0.0969732948,0.17,0.17,65431586,67142783,https://www.sec.gov/Archives/edgar/data/1297996/000119312508109829/0001193125-08-109829-index.htm,https://www.sec.gov/Archives/edgar/data/1297996/000119312508109829/d10q.htm,1.7506376813180105,0.16976510396676,0.2681579505042106,-1.4803248082661484,0.6531554958793143,22.171891110816112,22.171891110816112,20.89244787677927,18.429829898972645,2322821303.0,3479145303.0,52.27811719031329,20.27832508053463,132.3846633420723,-23.981223446211025,1.6991785840210791,1.6991785840210791,30.37308094493963,54.05925142173467,198.287091245868,-35.91931966756143,0.0047821156046974,-0.0416992903736943,0.8710083056211074,0.4112871135281219,17.96705926225178,0.2397210682492581,1.6590580186817525,1.579582283039251,0.0228261209467648,4.773226503420958,0.0772172121487249,0.0,0.0,6.520346517724837,0.9987690642269113,4.361148172149583,0.0139244153055077,8.933263299782158,-0.0008645664455611,0.0038369125634361,-20.88811892776067,-256214000.0,1450742000.0,-1363508000.0,2131232000.0,44929500.0,0.0,0.0,36.47157935170715,0.0,0.0,2.467674874512592,0.0,0.0,0.0081256684218149,1.748482758770359,2008-05-08,0.04,bmo,114500000.0,2025-04-25,2008-03-31,0.0,35.43983606557377,1224495.7213114754
2007-12-31,DLR,USD,1297996,2008-02-29,2008-02-29 16:59:44,2007,Q4,105903000.0,59255000.0,46648000.0,0.4404785511,0,8159000.0,0.0,8159000.0,177067000.0,84945000.0,84945000.0,0.0,0.0,24042000.0,58776000.0,0.554998442,20958000.0,0.1978980765,10434000.0,31392000.0,0.2964221977,34979000.0,5613000.0,0.0530013314,0.0875,0.0858,64138188,65431586,https://www.sec.gov/Archives/edgar/data/1297996/000119312508043850/0001193125-08-043850-index.htm,https://www.sec.gov/Archives/edgar/data/1297996/000119312508043850/d10k.htm,1.651169191122144,0.0875141655077627,0.4374305055203618,-2.4501471728512194,0.6216733157475544,17.490780999301073,17.490780999301073,16.276044468234744,21.324861874800703,2460982273.56,3797368273.56,109.6108263655799,23.23807893600748,87.71679047476475,-15.66028376791305,2.3574523942156262,2.3574523942156262,35.857041571626866,64.60746348101266,135.3495962917023,-24.16428000076361,0.0022807965991077,-0.0638558033059999,1.3101992880653233,0.4868323637533707,22.73693344222131,0.1879195979899497,0.0,4.998396579369321,0.0122646149565059,5.377338321753073,0.0770421989934185,0.0,0.0,6.601226119190191,1.748807871353975,7.703352466516929,0.0,5.6611527193327005,-0.0009930736170054,0.0019978899889801,-25.182875450114057,-323208000.0,1121827000.0,-1612845000.0,2017248000.0,36881000.0,0.0,0.0,36.91680122376137,0.0,0.0,2.437914364640884,0.0,0.0,0.0053768694032853,2.887577678371581,2008-02-26,,bmo,627007516.0,2025-04-25,2007-12-31,,39.67765625,813813.75
2007-09-30,DLR,USD,1297996,2007-11-09,2007-11-09 14:56:47,2007,Q3,104794000.0,30539000.0,74255000.0,0.7085806439,0,7775000.0,0.0,7775000.0,45055000.0,83369000.0,83369000.0,621000.0,16683000.0,21961000.0,57154000.0,0.5453938203,21425000.0,0.204448728,-16290000.0,5135000.0,0.049000897,13384000.0,5135000.0,0.049000897,0.0846,0.0846,60717153,60717153,https://www.sec.gov/Archives/edgar/data/1297996/000119312507242206/0001193125-07-242206-index.htm,https://www.sec.gov/Archives/edgar/data/1297996/000119312507242206/d10q.htm,1.725937314616843,0.0845724765784061,0.3696648951903262,-2.3154741791005917,0.9679801686353772,16.39294582866888,16.39294582866888,15.174756299920716,17.87081485852935,2487581758.41,3506781758.41,121.10914111051606,23.73782619625169,110.83010730274005,-17.693999946012845,2.69987861355072,2.69987861355072,33.46357385356032,61.356716212513554,156.23888431321006,-24.94350026253832,0.0020642537607616,-0.0565163333927408,1.1595605664620434,0.4147254067067554,17.832522658081675,0.24845,1.2842414433854823,4.370983446932814,0.0098995741212302,4.795715676728335,0.0741931789987976,0.0,0.0,7.263711294274894,1.5557570089890642,7.423796730567825,0.0,5.373616216251071,-0.0085192422164842,0.00199330853893,-24.69271739404514,-240496000.0,995333000.0,-1501282000.0,1827290000.0,31037500.0,0.0,0.0,26.04137641468023,0.0,0.0,3.456038519886551,0.0,0.0,0.0055732345816221,2.685139074290918,2007-11-06,0.06,bmo,102096276.0,2025-04-25,2007-09-30,0.4095000000000001,37.4068253968254,730844.4444444445
2007-06-30,DLR,USD,1297996,2007-08-09,2007-08-08 20:51:56,2007,Q2,95583000.0,23865000.0,71718000.0,0.7503217099,0,8456000.0,0.0,8456000.0,40721000.0,73042000.0,73042000.0,532000.0,15264000.0,18448000.0,54373000.0,0.5688563866,22541000.0,0.2358264545,-14783000.0,7758000.0,0.0811650607,13384000.0,7758000.0,0.0811650607,0.13,0.12,60697740,62970291,https://www.sec.gov/Archives/edgar/data/1297996/000119312507176068/0001193125-07-176068-index.htm,https://www.sec.gov/Archives/edgar/data/1297996/000119312507176068/d10q.htm,1.5747373790193837,0.1278136550059359,0.4933956354882405,-0.6450652034161404,0.7910343943613057,16.627521881374825,16.627521881374825,15.42874578196816,17.682108098258684,2287090843.2,3297076843.2,73.70104547563805,23.92779932833244,76.36873391211434,-58.41269967819379,2.4421946237546583,2.4421946237546583,34.49438543674084,60.638126334761736,110.09338998263657,-84.20791855749093,0.0033920821392233,-0.0171195648465005,1.1297504511527086,0.4420349316224604,18.57513839589502,0.2798842105263158,1.4767426624737945,3.860273266305749,0.0100057241136874,2.949729311678268,0.0884676145339652,0.0,0.0,2.307399492453586,0.7229528263394118,3.745771899392888,0.0,6.661088408615538,-0.0096302463874196,0.0032413109636361,-21.62179761552901,-205233000.0,1009253000.0,-1304456000.0,1697406000.0,30291500.0,0.0,0.0,29.89830827657638,0.0,0.0,3.01020376027462,0.0,0.0,0.0082841247637454,1.1384608389043809,2007-08-07,0.09,bmo,215100000.0,2025-04-25,2007-06-30,-0.5555555555555556,39.93396825396825,800476.1904761905
2007-03-31,DLR,USD,1297996,2007-05-10,2007-05-10 17:18:19,2007,Q1,88967000.0,21239000.0,67728000.0,0.7612710331,0,7210000.0,0.0,7210000.0,38553000.0,67002000.0,67002000.0,0.0,0.0,16829000.0,51364000.0,0.5773376645,21965000.0,0.246889296,121000.0,22086000.0,0.2482493509,12570000.0,18641000.0,0.209527128,0.33,0.32,56511200,58424427,https://www.sec.gov/Archives/edgar/data/1297996/000119312507110479/0001193125-07-110479-index.htm,https://www.sec.gov/Archives/edgar/data/1297996/000119312507110479/d10q.htm,1.574325089539773,0.329863814606662,0.4460354761533996,-3.2461529749854896,0.8316758447882897,15.0804796217387,15.0804796217387,13.77597715143193,18.71754625631733,2254796880.0,3265548880.0,30.239752159218927,25.34419368979509,89.4547679124018,-12.29147249296788,2.8963462672303164,2.8963462672303164,36.70517023165893,63.57660774083016,129.55442672379593,-17.80133926429864,0.0082672635239764,-0.0813572174181826,1.3587091536640474,0.4532329587353795,19.678218207304727,0.2679469964664311,0.0,1.141265960336865,0.0085985572234781,1.0400729574593637,0.0810412849708318,0.0,0.0,8.277791002142347,2.345251610147583,12.398241131380356,0.0,10.111598211701006,0.0057818893051478,0.0079874333220069,-25.003070187856565,-207171000.0,852216000.0,-1405746000.0,1636812000.0,30061500.0,0.0,0.0,29.16474647903155,0.0,0.0,3.085917447103712,0.0,0.0,0.0239448578478786,3.692188451138889,2007-05-08,0.1,bmo,27812500.0,2025-04-25,2007-03-31,2.2,37.34573770491804,495997.91803278687
2006-12-31,DLR,USD,1297996,2007-03-01,2007-03-01 16:26:08,2006,Q4,84514000.0,-137828000.0,222342000.0,2.630830395,0,6535000.0,0.0,6535000.0,183908000.0,62850000.0,62850000.0,0.0,0.0,17130000.0,33739000.0,0.3992119649,21658000.0,0.2562652342,9734000.0,31392000.0,0.371441418,24969000.0,6423000.0,0.0759992427,0.11,0.11,56511200,56511200,https://www.sec.gov/Archives/edgar/data/1297996/000119312507044416/0001193125-07-044416-index.htm,https://www.sec.gov/Archives/edgar/data/1297996/000119312507044416/d10k.htm,1.4955265504891069,0.1136588853183085,0.7243519868627812,-2.143752034994833,0.3939219128243604,15.009201715766078,15.009201715766078,12.559846543693991,19.86576112345871,1934378376.0,3034755376.0,75.29107800093414,22.888259649288877,47.25603107441246,-15.9673317814868,2.725351769300564,2.725351769300564,35.908315498023995,89.94799419069919,74.13776752821616,-25.05039684347812,0.0033204465474235,-0.0626278713115639,1.5816882040993443,0.5135066523527606,32.61439283914758,0.1517110481586402,0.0,6.373034407597696,0.0121470547290692,3.658259380351861,0.0773244669522209,0.0,0.0,3.9595446328235697,1.9177887687247084,9.461762988908347,0.0211444257756111,5.667416391383165,0.0022395651305611,0.0029379490343831,-22.86803766333045,-299446000.0,848188000.0,-1284477000.0,1484648000.0,24439500.0,0.0,0.0,33.32430129919303,0.0,0.0,2.7007317930527592,0.0,0.0,0.0090493848728887,2.868104021857614,2007-02-27,-0.06,bmo,82000000.0,2025-04-25,2006-12-31,-2.0,34.29253968253968,321725.3968253968
2006-09-30,DLR,USD,1297996,2006-11-08,2006-11-07 20:41:51,2006,Q3,73189000.0,15474000.0,57715000.0,0.7885747858,0,4986000.0,0.0,4986000.0,33537000.0,53958000.0,53958000.0,0.0,0.0,14371000.0,42218000.0,0.5768353168,19192000.0,0.2622251978,-4405000.0,14787000.0,0.2020385577,14812000.0,11342000.0,0.1549686428,0.31,0.3,36114253,37446893,https://www.sec.gov/Archives/edgar/data/1297996/000119312506227033/0001193125-06-227033-index.htm,https://www.sec.gov/Archives/edgar/data/1297996/000119312506227033/d10q.htm,2.0265959813705687,0.3140588287953789,0.4876468024965101,-7.155706640256411,0.7656256935454265,20.05886706281866,20.05886706281866,13.381392659568508,29.75991224295848,1131098403.96,2178205403.96,24.931634719626167,15.454486384019456,64.22681301232184,-4.376926217712819,2.340563556933239,2.340563556933239,29.761376763721326,51.59423478042541,123.68436794957697,-8.42883723182534,0.0100274210981921,-0.2284708378115073,2.223977204770113,0.545074405531702,24.802382869865937,0.1092657004830917,0.0,1.1909785622506257,0.0084610472541507,0.8437909579439252,0.0681249914604653,0.0,0.0,15.673953778888196,3.771523043080245,19.20770997147032,0.0,9.724055295610532,-2.321702671859679e-05,0.0057522155310833,-33.408180974974066,-368764000.0,724411000.0,-1202115000.0,1163803000.0,17494500.0,0.0,0.0,21.62538086324448,0.0,0.0,4.16177641305584,0.0,0.0,0.023469816392452,7.643353442752921,2006-11-07,,amc,,2025-04-25,2006-09-30,,28.48174603174603,365155.5555555556
2006-06-30,DLR,USD,1297996,2006-08-04,2006-08-04 17:29:42,2006,Q2,64708000.0,13618000.0,51090000.0,0.7895468876,0,4674000.0,0.0,4674000.0,27825000.0,45692000.0,45692000.0,0.0,0.0,11452000.0,36319000.0,0.5612752674,18591000.0,0.2873060518,-13496000.0,5095000.0,0.0787383322,21980000.0,5095000.0,0.0787383322,0.15,0.15,33372240,33872344,https://www.sec.gov/Archives/edgar/data/1297996/000119312506162568/0001193125-06-162568-index.htm,https://www.sec.gov/Archives/edgar/data/1297996/000119312506162568/d10q.htm,1.9389768262484028,0.1526718014733203,0.8869347697367632,-3.2834775250327817,0.4017710528271401,21.672024413105024,21.672024413105024,14.456206715521644,24.58633283231812,823960605.6,1631053605.6,40.42986288518155,12.7335198986215,27.83744740025001,-7.519466727506685,1.7079169166480117,1.7079169166480117,25.206367150893243,44.90910007434125,55.10502400756782,-14.884999640435492,0.0061835480548124,-0.1329881541123038,1.7007457984064207,0.4787453095561648,22.22233541672403,0.0751487804878048,0.0,5.809421000981354,0.0244599072613721,3.955642787046123,0.072232181492242,0.0,0.0,4.7020507449576,2.150831427335105,12.152986377925254,0.0,7.046895787430911,-0.0535016310761471,0.0029728267877658,-28.890861086939324,-379189000.0,723244000.0,-959802000.0,940022000.0,22637500.0,0.0,0.0,24.20519873895036,0.0,0.0,3.718209504108487,0.0,0.0,0.0105609863277201,4.170412294769545,2006-11-06,0.07,bmo,16496666.0,2025-04-25,2006-06-30,3.285714285714285,26.162539682539684,224661.9047619048
2006-03-31,DLR,USD,1297996,2006-05-09,2006-05-09 16:09:03,2006,Q1,60983000.0,12196000.0,48787000.0,0.8000098388,0,4246000.0,0.0,4246000.0,26410000.0,42795000.0,42795000.0,0.0,0.0,9842000.0,33982000.0,0.5572372628,18131000.0,0.2973123657,-13044000.0,5087000.0,0.0834166899,21515000.0,5087000.0,0.0834166899,0.18,0.18,27503248,28354597,https://www.sec.gov/Archives/edgar/data/1297996/000119312506105408/0001193125-06-105408-index.htm,https://www.sec.gov/Archives/edgar/data/1297996/000119312506105408/d10q.htm,2.217301752869334,0.1849599727275847,0.5401907440168521,-0.6084008695991107,0.9154918720872532,23.233692253365856,23.233692253365856,15.07974621761037,29.583960410784936,774766496.1600001,1563242496.16,38.07580578730097,12.704630735778824,52.148246359291925,-46.301708967907736,1.8680685731370348,1.8680685731370348,25.63407008772937,46.0020745147431,105.21925665746788,-93.42272731488676,0.0065658492271063,-0.0215974749591448,1.961834104093629,0.5169210967185734,23.20275439938791,0.1537710144927536,0.0,2.9205818753685864,0.0448212463653417,6.826420287006094,0.0696259613334863,0.0,0.0,2.126270444908124,0.5180132167981241,3.209713472871368,0.0070675434137382,7.921859794633616,-0.0519318676599081,0.0032318090824826,-32.32185522233592,-291949000.0,639002000.0,-881988000.0,923077000.0,17729500.0,0.0,0.0,41.1340865487103,0.0,0.0,2.187966417910448,0.0,0.0,0.0122654565971133,1.1485916136159628,2006-05-09,,amc,,2025-04-25,2006-03-31,,25.79016129032258,194222.5806451613
2005-12-31,DLR,USD,1297996,2006-03-16,2006-03-16 14:11:24,2005,Q4,62947000.0,-110973000.0,173920000.0,2.762959315,0,4425000.0,0.0,4425000.0,0.0,46145000.0,46145000.0,0.0,0.0,10250000.0,35606000.0,0.5656504679,16927000.0,0.2689087645,-826000.0,16101000.0,0.2557866141,11499000.0,4602000.0,0.0731091235,0.17,0.17,27350761,27503248,https://www.sec.gov/Archives/edgar/data/1297996/000119312506056430/0001193125-06-056430-index.htm,https://www.sec.gov/Archives/edgar/data/1297996/000119312506056430/d10k.htm,2.301471611703967,0.168258572403159,0.6780798530614925,-2.2083114981700143,0.3996232499709971,23.726652432084062,23.726652432084062,14.131124176032982,27.38742808655305,618947721.43,1357084721.4299998,33.623844058561495,9.832839077795605,33.37365045993745,-10.247648494677064,1.6014295620147114,1.6014295620147114,21.55916439909765,38.11393364685727,73.17398476383046,-22.468662087617343,0.0074351998410587,-0.0975833627118875,1.9380926630737108,0.4898520112217739,20.730691456496096,0.046997461928934,0.0,4.029986962190352,0.0055626668954292,0.7481529769665363,0.0702972341811365,0.0,0.0,4.256713037851828,1.254150316933293,7.701951219512195,0.0050518690326782,7.314223305108974,0.0036758837724975,0.0030094757286632,-31.57527317064413,-375483000.0,648942000.0,-861711000.0,818623000.0,6790500.0,0.0,0.0,10.847697269131174,0.0,0.0,8.296691709503097,0.0,0.0,0.0119069488249585,2.8863913512315067,2006-03-16,,amc,,2025-04-25,2005-12-31,,21.004285714285714,134077.77777777778
2005-09-30,DLR,USD,1297996,2005-11-10,2005-11-10 17:30:00,2005,Q3,56556000.0,10757000.0,45799000.0,0.8097991371,0,3324000.0,0.0,3324000.0,0.0,39783000.0,39783000.0,0.0,0.0,9169000.0,32735000.0,0.5788068463,16773000.0,0.2965733079,-16426000.0,4425000.0,0.0782410354,-17914000.0,4425000.0,0.0782410354,0.17,0.17,25704721,26004324,https://www.sec.gov/Archives/edgar/data/1297996/000119312505223320/0001193125-05-223320-index.htm,https://www.sec.gov/Archives/edgar/data/1297996/000119312505223320/d10q.htm,2.200218395679144,0.1721473654586642,1.1664783290197938,-1.8730411429091176,0.2750467511396058,25.74173047822616,25.74173047822616,15.277193633029512,26.72306771973911,462684978.0,1142523978.0,26.14039423728813,8.181006047103756,15.4310625,-9.610039837161963,1.17822686760242,1.17822686760242,20.20164046255039,34.90221408278601,38.1044549759872,-23.73040289951398,0.0095637425254813,-0.1040578412727287,1.74921313178642,0.4723549774381078,20.767954788452727,0.0329068010075566,0.0,6.776045197740113,0.0376908713902529,3.941016949152542,0.0587736049225546,0.0,0.0,2.605723052294557,1.381462621118891,8.521103719053333,0.0,7.692424474726934,0.1009377440723324,0.0030428641569168,-30.382453869077203,-383936000.0,661684000.0,-779474000.0,735140000.0,5507500.0,0.0,0.0,9.538510502864415,0.0,0.0,9.435435435435435,0.0,0.0,0.0112682583983539,3.039519471928912,2005-11-10,,amc,,2025-04-25,2005-09-30,,18.55453125,260956.25
2005-06-30,DLR,USD,1297996,2005-08-12,2005-08-12 17:24:43,2005,Q2,49663000.0,6575000.0,43088000.0,0.8676076757,0,2453000.0,0.0,2453000.0,0.0,32900000.0,32900000.0,0.0,0.0,7530000.0,30247000.0,0.6090449631,16763000.0,0.3375349858,-16519000.0,4335000.0,0.0872883233,-17074000.0,4335000.0,0.0872883233,0.2,0.2,21421300,21584913,https://www.sec.gov/Archives/edgar/data/1297996/000119312505167097/0001193125-05-167097-index.htm,https://www.sec.gov/Archives/edgar/data/1297996/000119312505167097/d10q.htm,2.318393374818522,0.2023686704355011,1.0554914967812412,-10.323136317590436,0.185889745253556,23.884591504717267,23.884591504717267,12.42114157404079,35.74418919486679,372302194.0,1134007194.0,21.47071476355248,7.496570766969373,16.466262450243253,-1.68359687068985,1.39922726879813,1.39922726879813,22.834045345629544,37.49155929513671,50.15511693940734,-5.128121708458634,0.0116437669985903,-0.5939664164321309,2.877689540997531,0.5596079973338323,25.18282804906272,0.0251480446927374,0.0,5.215686274509804,0.0405691941745581,3.4841983852364478,0.0493929082012766,0.0,0.0,10.780406899601946,4.907979783742424,32.36985391766268,0.0,7.520446986494197,0.0926432796917333,0.003168266757098,-39.62734521247543,-348997000.0,511639000.0,-847614000.0,705604000.0,4187000.0,0.0,0.0,9.099128123552743,0.0,0.0,9.891057558255328,0.0,0.0,0.0162922762959594,11.378627814371676,2005-08-12,,amc,,2025-04-25,2005-06-30,,15.02203125,91432.8125
2005-03-31,DLR,USD,1297996,2005-05-16,2005-05-16 15:17:14,2005,Q1,39643000.0,9304000.0,30339000.0,0.7653053503,0,2413000.0,0.0,2413000.0,0.0,26627000.0,26627000.0,0.0,0.0,6801000.0,25277000.0,0.6376157203,13016000.0,0.3283303484,-25187000.0,2739000.0,0.0690916429,-9568000.0,2739000.0,0.0690916429,0.13,0.13,21421300,21535485,https://www.sec.gov/Archives/edgar/data/1297996/000119312505108710/0001193125-05-108710-index.htm,https://www.sec.gov/Archives/edgar/data/1297996/000119312505108710/d10q.htm,1.850634648690789,0.1278633883097664,0.5465587989524445,-2.8182696661733884,0.134212209343037,12.592232964385914,12.592232964385914,12.585277270753876,24.07421585057863,307824081.0,820650081.0,28.09639293537787,7.764903791337689,26.291773231978137,-5.09887331665866,1.1418103622868545,1.1418103622868545,20.7010085260954,32.46627689203624,70.0931056542535,-13.59344852661046,0.0088979393395801,-0.1961217582584125,1.9128872040446152,0.4689354721671833,20.288246231752183,0.0185357142857142,0.0,4.274552756480468,0.072937763436383,8.197152245345016,0.0608682491234265,0.0,0.0,6.156388793987017,1.8182024569280832,10.598294368475225,0.0,6.017218159562674,0.1047463663051781,0.0024906181261349,-38.49417402305182,-329772000.0,269742000.0,-823757000.0,522340000.0,9320000.0,0.0,0.0,7.61218878490528,0.0,0.0,11.82314345362362,0.0,0.0,0.0101597593409324,3.3648284651258327,2005-05-16,,amc,,2025-04-25,2005-03-31,,13.98344262295082,94847.54098360657
2004-12-31,DLR,USD,1297996,2005-03-31,2005-03-31 16:57:46,2004,Q4,36205000.0,5336000.0,30869000.0,0.8526170418,0,20774000.0,0.0,20774000.0,8295000.0,54742000.0,43117000.0,0.0,0.0,5983000.0,30757000.0,0.8495235465,-6912000.0,-0.1909128573,6912000.0,16642000.0,0.4596602679,5028000.0,-5359000.0,-0.1480182295,-0.25,-0.25,21421300,21421300,https://www.sec.gov/Archives/edgar/data/1297996/000119312505067198/0001193125-05-067198-index.htm,https://www.sec.gov/Archives/edgar/data/1297996/000119312505067198/d10k.htm,1.6901401875703157,-0.2501715582154211,0.6109339769295048,-1.5152208316021902,0.2127321871221634,8.131906093467716,8.131906093467716,8.085363633392932,24.251469331926632,288544911.0,803485911.0,-13.460762782235491,7.969753100400498,22.048208986016657,-8.889793302113501,1.6659733081599777,1.6659733081599777,22.192678110758184,26.12367626881685,61.39572942614809,-24.75463401934808,-0.0185724987539288,-0.1124885546846466,2.9994284031663,0.5126859418901062,16.74223753942192,0.0578542274052478,0.0,-2.4420600858369097,0.0776274304141167,-4.179697704795671,0.5737881508078995,0.0,0.0,3.4801711622220526,1.257975417759978,7.612401805114491,0.4940477834553238,,-0.0094906841272599,-0.0052887286622644,-38.42291317520412,-323156000.0,174196000.0,-819247000.0,464256000.0,14553000.0,0.0,0.0,38.00110481977627,0.0,0.0,2.3683521946752144,0.0,0.0,-0.0309412871898798,2.126154808531695,2005-03-31,,amc,,2025-04-25,2004-12-31,,12.789545454545454,370329.5681818182
2004-09-30,DLR,USD,1297996,2004-12-13,2004-12-13 14:59:28,2004,Q3,29346000.0,5336000.0,24010000.0,0.8181694268,0,86000.0,0.0,86000.0,0.0,12697000.0,18033000.0,0.0,0.0,4930000.0,19917000.0,0.6786955633,11313000.0,0.3855039869,-7954000.0,3359000.0,0.1144619369,20387000.0,3359000.0,0.1144619369,0.16,0.16,20000000,20000000,https://www.sec.gov/Archives/edgar/data/1297996/000119312504211864/0001193125-04-211864-index.htm,https://www.sec.gov/Archives/edgar/data/1297996/000119312504211864/d10q.htm,1.4673,0.16795,0.82715,-3.3943,0.13145,11.4245,11.4245,11.26815,27.56755,240000000.0,788722000.0,17.862459065197978,8.178286648947045,14.50764673880191,-3.535338655982088,1.064948549673194,1.064948549673194,26.87664417637838,39.60044183360948,47.6770839630055,-11.618330730931268,0.0139958333333333,-0.2828583333333333,2.446501865878605,0.6705891224523801,27.550434302354773,2.6888997874775216,0.0,4.924977671926168,0.1924791666666666,13.752604941947007,0.0029305527158726,0.0,0.0,5.103608777126277,2.877019014516459,17.12555780933063,0.0,6.525406526129235,-0.0860261098034532,0.0040854353439416,-29.0352875,10331000.0,228490000.0,-577251000.0,660538000.0,6909500.0,0.0,0.0,42.38090370067471,0.0,0.0,2.123597944858528,0.0,0.0,0.014904842409801,4.22145,2004-12-13,,amc,,2025-04-25,2004-09-30,,,
2004-06-30,DLR,USD,1297996,2004-06-30,2004-06-29 20:00:00,2004,Q2,37024000.0,0.0,37024000.0,1.0,0,12365000.0,0.0,12365000.0,0.0,-22228000.0,-22228000.0,0.0,0.0,4101000.0,13770000.0,0.3719209162,59252000.0,1.6003673293,-7059000.0,0.0,0.0,61044000.0,-1792000.0,-0.0484010372,-0.0837,-0.0837,21421300,21421300,,,1.728373161292732,-0.0836550536148599,0.3912460961753021,-8.346598945908978,0.0,23.07959834370463,23.07959834370463,8.716511136112187,22.341221121033737,257055600.0,735633600.0,-35.86155133928571,6.942945116681072,30.67123254981506,-1.4377113453955648,1.3766976044216177,1.3766976044216177,19.869101123595502,53.42291938997821,87.77396492065385,-4.114396935037333,-0.0069712544679049,-0.6955499121590816,2.563092133098399,0.4678977656023605,34.755119825708064,0.0,0.0,2.70704134366925,0.0,0.0,0.3339725583405358,0.0,0.0,22.333373105834625,5.0555315471045805,45.64155084125823,0.0,,0.0,-0.0017520086505427,-24.6684841722958,-7950000.0,494395000.0,-528431000.0,789674000.0,,,,0.0,0.0,0.0,0.0,0.0,0.0,-0.0095973093257783,8.737845042084281,2004-06-29,,amc,,2025-04-25,2004-06-30,,,
2004-03-31,DLR,USD,1297996,2004-03-31,2004-03-30 19:00:00,2004,Q1,18770000.0,0.0,18770000.0,1.0,0,0.0,0.0,92000.0,0.0,11450000.0,11450000.0,0.0,0.0,3240000.0,12827000.0,0.6833777304,7320000.0,0.389984017,0.0,0.0,0.0,6126000.0,3461000.0,0.184389984,0.17,0.17,20000000,20000000,,,0.9385,0.17305,0.33135,-1.6972,,,,,,240000000.0,,17.33603004911875,12.786361214704316,36.215482118605706,-7.070469007777516,0.0,0.0,,,,,0.0144208333333333,-0.1414333333333333,0.0,0.0,,0.0,0.0,1.914764518925166,0.0,0.0,0.0,0.0,0.0,6.122076354308134,2.1614810868407037,12.521913580246911,0.0,,0.0,0.0,,,,,,,,,,0.0,0.0,0.0,0.0,0.0,0.0,2.02855,2004-03-30,,amc,,2025-04-25,2004-03-31,,,
2003-12-31,DLR,USD,1297996,2003-12-31,2003-12-30 19:00:00,2003,Q4,18281000.0,3020000.0,15261000.0,0.8348011597,0,0.0,0.0,255000.0,0.0,8047000.0,11067000.0,0.0,0.0,3149000.0,12478000.0,0.6825665992,7214000.0,0.3946173623,0.0,0.0,0.0,5443000.0,3886000.0,0.2125704283,0.19,0.19,20000000,20000000,,,0.91405,0.1943,0.40425,-1.4104,0.2587,7.56975,7.56975,7.39755,14.89325,240000000.0,532691000.0,15.440041173443127,13.128384661670587,29.68460111317254,-8.508224617129892,1.6221586876736218,1.6221586876736218,29.139051474208195,42.69041513062991,65.88633271490414,-18.884394498014743,0.0161916666666666,-0.1175333333333333,2.013267906266264,0.6209427598197199,23.456563551851257,0.2585966333603384,0.0,2.080545548121462,0.0,0.0,0.0,0.0,0.0,4.488930117501546,1.9852852688583773,11.525246109876152,0.0,5.686847915365769,,0.0081009301685643,-15.9195625,-32945000.0,151395000.0,-316812000.0,361286000.0,,,,31.099502215414912,0.0,0.0,2.8939369954092133,0.0,0.0,0.0262654527512487,1.81465,2003-12-30,,amc,,2025-04-25,2003-12-31,,,
2003-09-30,DLR,USD,1297996,2003-09-30,2003-09-29 20:00:00,2003,Q3,13970000.0,1966000.0,12004000.0,0.859269864,0,0.0,0.0,31000.0,0.0,5609000.0,7575000.0,0.0,0.0,3844000.0,10239000.0,0.7329277022,6395000.0,0.4577666428,0.0,0.0,0.0,2740000.0,3655000.0,0.2616320687,0.18,0.18,20000000,20000000,,,0.6985,0.18275,,,,,,,,240000000.0,,16.415868673050618,17.17967072297781,0.0,0.0,0.0,0.0,,,0.0,0.0,0.0152291666666666,,0.0,0.0,,0.0,0.0,0.0,,,0.0,0.0,0.0,0.0,,0.0,,,0.0,0.0,,,,,,,,,,,,0.0,0.0,0.0,0.0,,2003-09-29,,amc,,2025-04-25,2003-09-30,,,
