date,symbol,reportedCurrency,cik,fillingDate,acceptedDate,calendarYear,period,revenue,costOfRevenue,grossProfit,grossProfitRatio,researchAndDevelopmentExpenses,generalAndAdministrativeExpenses,sellingAndMarketingExpenses,sellingGeneralAndAdministrativeExpenses,otherExpenses,operatingExpenses,costAndExpenses,interestIncome,interestExpense,depreciationAndAmortization,ebitda,ebitdaratio,operatingIncome,operatingIncomeRatio,totalOtherIncomeExpensesNet,incomeBeforeTax,incomeBeforeTaxRatio,incomeTaxExpense,netIncome,netIncomeRatio,eps,epsdiluted,weightedAverageShsOut,weightedAverageShsOutDil,link,finalLink,revenuePerShare,netIncomePerShare,operatingCashFlowPerShare,freeCashFlowPerShare,cashPerShare,bookValuePerShare,tangibleBookValuePerShare,shareholdersEquityPerShare,interestDebtPerShare,marketCap,enterpriseValue,peRatio,priceToSalesRatio,pocfratio,pfcfRatio,pbRatio,ptbRatio,evToSales,enterpriseValueOverEBITDA,evToOperatingCashFlow,evToFreeCashFlow,earningsYield,freeCashFlowYield,debtToEquity,debtToAssets,netDebtToEBITDA,currentRatio,interestCoverage,incomeQuality,dividendYield,payoutRatio,salesGeneralAndAdministrativeToRevenue,researchAndDdevelopementToRevenue,intangiblesToTotalAssets,capexToOperatingCashFlow,capexToRevenue,capexToDepreciation,stockBasedCompensationToRevenue,grahamNumber,roic,returnOnTangibleAssets,grahamNetNet,workingCapital,tangibleAssetValue,netCurrentAssetValue,investedCapital,averageReceivables,averagePayables,averageInventory,daysSalesOutstanding,daysPayablesOutstanding,daysOfInventoryOnHand,receivablesTurnover,payablesTurnover,inventoryTurnover,roe,capexPerShare,report_date,epsEstimated,time,revenueEstimated,updatedFromDate,fiscalDateEnding,surprise(%),QuarterAvgPrice,QuarterAvgVolume
2025-03-31,DOC,USD,1574540,2025-04-25,2025-04-25 16:15:59,2025,Q1,702889000.0,541689000.0,161200000.0,0.2293391987,0,26118000.0,0.0,26118000.0,74665000.0,100783000.0,642472000.0,0.0,72693000.0,268546000.0,395530000.0,0.5627204295,60417000.0,0.0859552504,-6126000.0,54291000.0,0.0772397918,2080000.0,42828000.0,0.0609313846,0.06,0.06,699067000,699118000,https://www.sec.gov/Archives/edgar/data/765880/000162828025019948/0001628280-25-019948-index.html,https://www.sec.gov/ix?doc=/Archives/edgar/data/765880/000162828025019948/peak-20250331.htm#i6bc2dd9eb5624f94b5447ef9de12de60_19,1.0054672871126802,0.0612645139879296,0.3997170514414212,0.3997170514414212,0.1203589927717944,12.65030247458398,11.580606722960749,11.71282151782304,13.240411863240576,14135134740.0,23247751740.0,82.51106017091622,20.11005256875552,50.58578293591574,50.58578293591575,1.7263133369898829,1.7263133369898829,33.07457043715295,58.77620342325487,83.19734794885284,83.19734794885284,0.00302989683422,0.0197684001701988,1.1215424142045105,0.463431953474939,23.0390033625768,1.0954878863035096,0.8311254178531633,5.581435762224353,0.0151027212634833,4.984566171663398,0.0371580719003996,0.0,0.0377371430543887,0.0,0.0,0.0,0.0065828317131154,4.01815345010962,0.0030347745448186,0.0022460737761918,-14.751956893974397,79658000.0,8095620000.0,-10058441000.0,1249464000.0,780716500.0,262160000.0,0.0,98.26440590192762,41.26227410931365,0.0,0.9158962411050868,2.181169165847923,0.0,0.0052305513146175,0.0,2025-04-24,0.46,amc,689237170.0,2025-05-11,2025-03-31,0.0,20.225250000000003,4721668.583333333
2024-12-31,DOC,USD,1574540,2024-12-31,2024-12-31 00:00:00,2024,Q4,697988000.0,277026000.0,420962000.0,0.6031077898,0,23929000.0,0.0,23929000.0,274469000.0,298398000.0,575424000.0,0.0,70508000.0,274469000.0,341743000.0,0.4896115693,122564000.0,0.1755961421,-125798000.0,-3234000.0,-0.0046333175,-14014000.0,4547000.0,0.0065144386,0.0064,0.0064,675680000,676233000,,,1.0330156286999763,0.0067295169310916,0.4196231944115557,0.4196231944115557,0.1773295050911674,13.40519772673455,12.195669547714894,12.433808903623015,13.458703824295524,13696033600.0,22599484600.0,753.0258192214646,19.622161985592875,48.30524210756496,48.30524210756496,1.6302325503887742,1.6302325503887742,32.378041742837986,66.13005855277211,79.70727927457668,79.70727927457668,0.0003319939285195,0.020701686946796,1.0740355393633063,0.4525606177672018,26.05306034066535,1.1265825243162102,1.7382992000907698,26.567747376311843,0.0153196908044968,46.144490873103145,0.0342828243465503,0.0,0.0409892440436738,0.0,0.0,0.0,0.005169143309054,1.3720985276338593,-0.0212641709597428,0.0002378013577845,-15.04456695477149,110803000.0,8240370000.0,-9894486000.0,1352230000.0,768284500.0,302857500.0,0.0,102.3799836100334,89.65757726711573,0.0,0.8790780856423174,1.003819228037627,0.0,0.000541227308804,0.0,2025-02-03,0.05,amc,698329700.0,2025-05-03,2024-12-31,8.2,21.67015625,4925459.140625
2024-09-30,DOC,USD,1574540,2024-09-30,2024-09-28 20:00:00,2024,Q3,700397000.0,280279000.0,420118000.0,0.599828383,0,23216000.0,0.0,23216000.0,0.0,420118000.0,583514000.0,14301000.0,74105000.0,280019000.0,452634000.0,0.646253482,116883000.0,0.1668810689,-18373000.0,98510000.0,0.1406488035,1938000.0,85675000.0,0.1223234823,0.12,0.12,699349000,700146000,,,1.0014985364960842,0.1225067884561213,0.4549974333272801,0.4549974333272801,0.3461004448422747,13.186553494750118,11.901960251605422,12.244014075947774,12.820149882247634,15994111630.0,24705335630.0,46.67088307557631,22.835779750627143,50.26401980502951,50.26401980502951,1.867851495280946,1.867851495280946,35.27333159622329,54.58126351533468,77.64041593076097,77.64041593076097,0.0053566588743384,0.0198949468004932,1.038400231512002,0.4452557931825541,19.245624500148026,0.6328309295860522,1.5772619931178733,3.43119325411374,0.0131186404630589,2.449034140647797,0.0331469152494942,0.0,0.0449869567825682,0.0,0.0,0.0,0.0053612451224091,5.8094263013449,0.0062347775221993,0.0044923318896522,-14.22578891225983,-607023000.0,8323624000.0,-9701534000.0,719067000.0,698352500.0,298866000.0,-25152000.0,95.41904091536657,105.88331626700538,0.0,0.9432079712457696,0.8499922667046761,0.0,0.0100054432881431,0.0,2024-10-24,0.44,amc,686110000.0,2025-04-25,2024-09-30,0.0227272727272727,21.55390625,4801052.78125
2024-06-30,DOC,USD,1574540,2024-06-30,2024-06-28 20:00:00,2024,Q2,695504000.0,557325000.0,138179000.0,0.1986746302,0,26718000.0,0.0,26718000.0,4004000.0,310216000.0,583490000.0,7832000.0,74910000.0,283498000.0,395512000.0,0.5686696266,112014000.0,0.1610544296,-238756000.0,155393000.0,0.223425027,2728000.0,146047000.0,0.2099872898,0.21,0.21,702928204,703268000,,,0.9894381759648386,0.2077694409883146,0.4618764735181973,0.4110633182105181,0.2981798124008693,13.399335730737018,11.868472416565604,12.458595273550868,13.114818764620232,13686012131.88,22670583131.88,23.427410579950287,19.677833818180773,42.15412803274749,47.36496577889447,1.5627765067008863,1.5627765067008863,32.595906180093856,57.31958355721192,69.82740148916116,78.45904152954856,0.0106712604513772,0.0211126511664364,1.0441185370524777,0.453121819205709,22.71630443576933,0.3011020838928402,1.495314377252703,2.125946200791011,0.0154130361691432,1.444350106472574,0.038415307460489,0.0,0.0533252017323541,0.110014599619301,0.0513555637350755,0.1259903068099246,0.006921599300651,7.63161817365228,0.0063658567454787,0.0076449904444817,-14.348389981517942,-1147640000.0,8342684000.0,-10266506000.0,369005000.0,495250500.0,285907000.0,-48871999.5,84.64687478432907,43.27638272103351,-8.123375050464272,1.063240671664608,2.079656254547761,-11.079138835877863,0.0166767951302986,0.0508131553076791,2024-07-25,0.44,amc,681580000.0,2025-04-25,2024-06-30,0.0227272727272727,19.09793650793651,4958149.349206349
2024-03-31,DOC,USD,1574540,2024-03-31,2024-03-29 20:00:00,2024,Q1,606560000.0,462948000.0,143612000.0,0.2367647059,0,23299000.0,0.0,23299000.0,-34757000.0,34757000.0,497705000.0,5751000.0,60907000.0,219219000.0,328074000.0,0.5408764178,108855000.0,0.1794628726,-219639000.0,22499000.0,0.0370927855,13698000.0,6676000.0,0.0110063308,0.0108,0.0108,647700000,601188000,,,0.936482939632546,0.0103072410066388,0.2468040759610931,0.2197591477535896,0.3158838968658329,14.82090319592404,13.029262004014203,13.712541299984562,14.455119654160876,12008358000.0,21152874000.0,449.6838675853805,19.797477578475338,75.12031528572768,84.36508873245374,1.3520469761517415,1.3520469761517415,34.873506330783435,64.475923114907,132.32538237777987,148.61016734814316,0.0005559461168629,0.0118532442154039,1.0472955757022964,0.4528116000163567,27.873333455257047,0.2705915508093517,1.787232994565485,24.68040759610931,0.0136738095249991,24.59556620730977,0.0384116987602215,0.0,0.0564912735054551,0.1095805573801257,0.02887925349512,0.0799063949748881,0.032295238723292,1.7832878426742205,0.002132149420684,0.0003444505132034,-16.225705186814885,-1330344000.0,8439053000.0,-10449018000.0,264112000.0,305317500.0,272041500.0,282613500.5,49.90907742020575,59.065488996604365,-9.222633881127038,1.803279175895233,1.5237324117501851,-9.758600542972188,0.0007516652662078,0.0270449282075034,2024-04-25,0.44,amc,589281861.0,2025-04-25,2024-03-31,0.0227272727272727,18.170163934426228,7768915.557377049
2023-12-31,DOC,USD,1574540,2024-02-22,2024-02-22 16:11:13,2023,Q4,135472000.0,6971000.0,128501000.0,0.9485428723,0,7623000.0,8000000.0,7623000.0,29973000.0,37596000.0,44567000.0,0.0,52784000.0,188544000.0,307695000.0,2.2712811503,90905000.0,0.6710242707,-241176000.0,6795000.0,0.0501579662,-11842000.0,6795000.0,0.0501579662,0.0124,0.0124,547095148,547361000,https://www.sec.gov/Archives/edgar/data/1574540/000157454024000041/0001574540-24-000041-index.htm,https://www.sec.gov/Archives/edgar/data/1574540/000157454024000041/doc-20231231.htm,0.2476205473494712,0.0124201430497789,0.4226833318580262,0.4797008362428394,0.2540581844092684,12.657524061975414,12.083298534389488,11.60757141278833,13.043116953396924,10832483930.4,17797890930.4,398.54613430463576,79.9610541691272,46.84357888673632,41.27572541894971,1.705783173402309,1.705783173402309,131.37689655722218,57.84263940070525,76.96451831107728,67.81647346994765,0.000627279952009,0.0242273149617595,1.115361346273947,0.4511822203537202,22.63737467297161,0.4073363934902117,1.7222074871173083,3.0671529942303866,0.0151474030383298,24.14775570272259,0.056269930317704,0.0,0.0200114021090716,0.1348941396249913,0.2302616038738632,0.1654467922606924,0.0259389394118341,1.8010478038257376,0.0165767645740215,0.0004416727430522,-14.847417363679488,-816646000.0,6610714000.0,-8212701000.0,-262335000.0,166677500.0,250367500.0,298968000.5,182.2096078894532,3101.882082914933,7909.916798163821,0.493936631786196,0.0290146425925463,0.0113781222099443,0.0010700035871496,0.0570175043848131,2024-02-08,0.45,bmo,139390000.0,2025-04-25,2023-12-31,0.0222222222222222,17.59174603174603,5618686.984126984
2023-09-30,DOC,USD,1574540,2023-10-30,2023-10-30 16:26:04,2023,Q3,138547000.0,47625000.0,90922000.0,0.6562538344,0,9771000.0,0.0,9771000.0,25241000.0,57703000.0,105328000.0,5360000.0,50510000.0,184559000.0,300380000.0,2.1680729283,90922000.0,0.6562538344,-230937000.0,12891000.0,0.0930442377,20328000.0,12335000.0,0.0890311591,0.0225,0.0225,547063445,547331000,https://www.sec.gov/Archives/edgar/data/1574540/000157454023000182/0001574540-23-000182-index.htm,https://www.sec.gov/Archives/edgar/data/1574540/000157454023000182/doc-20230930.htm,0.2532558175222254,0.0225476589831367,0.1099086414008159,0.0884559194043754,0.3847871794833595,5.393782068549654,4.462504344445826,5.158957385646559,3.931423347067176,10044084850.2,11948540850.2,203.56880523307663,72.49586674702446,167.04782959735226,207.56101031596785,3.5588586273423903,3.5588586273423903,86.24178690408309,39.77808392769159,198.72171986295672,246.9165929656341,0.0012280860012601,0.0048178605340073,0.7441608318389725,0.4029239897346112,6.340155802649977,0.5171154081949123,1.8000791922391606,4.664261888139012,0.0163287151040678,13.296068098905554,0.0705248038571748,0.0,0.0977402830559886,0.1951868544913267,0.0847077165149732,0.2382363688035402,0.0247858127566818,1.61779302335067,-0.0143883389903023,0.0026227945189867,-3.681976501829692,-267802000.0,2441273000.0,-1974940000.0,469633000.0,56276000.0,236075000.0,-10739999.5,38.38156004821469,492.24,-27.838108346456696,2.344876026064145,0.1828376401755241,-3.23297829291822,0.0043705844607031,0.0214527219964404,2023-10-30,0.44,bmo,137140000.0,2025-04-25,2023-09-30,0.0227272727272727,20.53190476190476,3727097.936507937
2023-06-30,DOC,USD,1574540,2023-08-04,2023-08-04 08:57:36,2023,Q2,135100000.0,45075000.0,90025000.0,0.6663582531,0,10162000.0,0.0,10162000.0,24171000.0,58108000.0,103183000.0,5279000.0,49074000.0,197573000.0,297020000.0,2.1985196151,33719000.0,0.2495854922,-42871000.0,13085000.0,0.0968541821,22977000.0,12544000.0,0.0928497409,0.0218,0.0229,575000000,547294000,https://www.sec.gov/Archives/edgar/data/1574540/000157454023000157/0001574540-23-000157-index.htm,https://www.sec.gov/Archives/edgar/data/1574540/000157454023000157/doc-20230630.htm,0.2349565217391304,0.021815652173913,0.1427234782608695,0.1234921739130434,0.4389721739130435,5.192998260869565,4.481779130434783,4.966587826086957,3.758925217391304,11557500000.0,13424148000.0,230.33920599489795,85.5477424130274,140.83176955133675,162.76335060838215,4.047044108316164,4.047044108316164,99.36452997779422,45.19610800619487,163.57746204274608,189.0512054979721,0.0010853558295479,0.0061438892494051,0.7396585460825523,0.4000933415007146,6.284586896505286,0.6228519949361478,0.6871051880833028,6.271761559037065,0.0141859398658879,13.0703125,0.0752183567727609,0.0,0.0774596186257206,0.1347452050788389,0.0818504811250925,0.2242683594621453,0.031421169504071,1.5613649257508122,-0.0050288123681096,0.0025754595903943,-3.485963913043478,-207646000.0,2577023000.0,-1950641000.0,430415000.0,177160500.0,217881500.0,-4196999.5,35.61828275351591,422.6415973377704,-13.475540765391017,2.5267922269811285,0.2129463842814152,-6.678767224774041,0.0043924829153984,0.019231304347826,2023-07-27,0.44,bmo,135130000.0,2025-04-25,2023-06-30,0.0227272727272727,20.760806451612904,4652478.177419355
2023-03-31,DOC,USD,1574540,2023-05-04,2023-05-04 16:16:04,2023,Q1,134344000.0,45394000.0,88950000.0,0.6621062347,0,11200000.0,0.0,11200000.0,47677000.0,58877000.0,104271000.0,6163000.0,47963000.0,179225000.0,275618000.0,2.0515839933,29809000.0,0.2218856071,-140809000.0,10669000.0,0.0794155303,59595000.0,-48926000.0,-0.3641844816,-0.0895,-0.0894,546842476,547110000,https://www.sec.gov/Archives/edgar/data/1574540/000157454023000133/0001574540-23-000133-index.htm,https://www.sec.gov/Archives/edgar/data/1574540/000157454023000133/doc-20230331.htm,0.2456722107300238,-0.0894700067154256,0.1165216726873279,0.1011607591360551,0.0091598590450387,5.525633308704425,4.602014493109713,5.285361190559748,3.5028533518672758,12014129197.72,13878311197.72,-61.38928789253158,89.42810395492168,188.5486149770084,217.17907405629168,4.156764165756713,4.156764165756713,103.304287483773,50.353428287412285,217.8049121568135,250.87783939912143,-0.0040723717212301,0.0046044951814317,0.6461515572993433,0.3689951349165123,6.763643883926304,0.4391422469723183,0.6214999061776786,5.972349798481583,0.0137318316862539,-3.3719494747169194,0.0833680700291788,0.0,0.0997939803211393,0.1318288108727381,0.0625260525218841,0.1712852511164128,0.0244670398380277,,-0.0252677434584905,-0.0107385867672148,-3.3093424138105907,-165978000.0,2516577000.0,-1909558000.0,569350000.0,364561000.0,244843000.0,-7109499.5,201.54871077234563,444.2899942723709,-3.2614422610917746,0.4465421766039341,0.2025703958231068,-27.595153553284835,-0.0169278888404503,0.0153609135512728,2023-04-27,0.42,bmo,519950427.0,2025-04-25,2023-03-31,0.0,24.796612903225807,4529406.274193549
2022-12-31,DOC,USD,1574540,2023-02-24,2023-02-24 08:37:11,2022,Q4,132565000.0,43020000.0,89545000.0,0.6754799532,0,9809000.0,7900000.0,9809000.0,47639000.0,57448000.0,100468000.0,0.0,49413000.0,179157000.0,242778000.0,1.8313883755,31759000.0,0.2395730396,-57512000.0,11881000.0,0.0896239581,19878000.0,-7997000.0,-0.0603251235,-0.0009,-0.0149,537992000,538396000,https://www.sec.gov/Archives/edgar/data/1574540/000157454023000026/0001574540-23-000026-index.htm,https://www.sec.gov/Archives/edgar/data/1574540/000157454023000026/doc-20221231.htm,0.246407009769662,-0.0148645333016104,0.104178129042811,0.0855365879046528,0.0181694151585897,5.5709174114113225,4.631619057532454,5.334131362548142,3.6664876057636544,13487459440.0,15402857440.0,-421.6412229586095,101.74223543167504,240.64551965314823,293.09095223608153,4.6999217484632645,4.6999217484632645,116.19098132991364,63.44420598242015,274.8203729013149,334.713752010083,-0.0005929211528364,0.0034119101677165,0.6701448224913928,0.3773149715011761,7.889503991300694,0.3646821516969232,0.6427255985267035,4.7173638582610895,0.0120411112798868,-20.30811554332875,0.0739938897899143,0.0,0.0991460064663126,0.1789391046800007,0.0756534530230453,0.2322549269354577,0.0891713499038207,,-0.0044108627596913,-0.0017416806815662,-3.2994524082142487,-216381000.0,2491774000.0,-1975562000.0,520179000.0,433111500.0,265023500.0,-13937000.0,290.7563836608456,555.6401673640167,-26.305439330543933,0.3095374858733316,0.1619753309537794,-3.421345633847622,-0.00278668302134,0.0186415411381581,2023-02-07,0.43,bmo,519752310.0,2025-04-25,2022-12-31,0.0232558139534883,24.30650793650793,4239978.412698412
2022-09-30,DOC,USD,1574540,2022-11-04,2022-11-04 09:00:51,2022,Q3,131513000.0,43647000.0,87866000.0,0.66811646,0,10079000.0,0.0,10079000.0,47040000.0,57119000.0,100766000.0,0.0,44078000.0,173190000.0,274921000.0,2.0904473322,30685000.0,0.2333229415,80854000.0,66280000.0,0.5039805951,18299000.0,47981000.0,0.364838457,0.0881,0.0879,544393194,546015000,https://www.sec.gov/Archives/edgar/data/1574540/000157454022000133/0001574540-22-000133-index.htm,https://www.sec.gov/Archives/edgar/data/1574540/000157454022000133/doc-20220930.htm,0.2415772302987314,0.0881366639568973,0.1154588277236985,0.1001665718840709,0.0084185475691307,5.45317250972098,4.524918803448523,5.176120919689529,3.739043805900336,12477492006.48,14466412006.48,65.01267171630437,94.87649134671098,198.51232211407208,228.81885212690264,4.428026384162365,4.428026384162365,109.99986318067415,52.6202509320132,230.15530994320264,265.2927197227215,0.0038454041866011,0.0043702692794097,0.7067216259233563,0.387251739143455,7.234514642388177,0.3203804052667785,0.6961522755115931,0.9483252866626434,0.0129580527814429,3.369750526249974,0.0766388113722597,0.0,0.0982669042176975,0.1324476970805823,0.0633017268254849,0.1720112401338898,0.0330689741698539,3.2038470121443376,0.0046967844729752,0.0103471127348134,-3.39534874861055,-281563000.0,2463335000.0,-2041072000.0,456092000.0,449628500.0,236817500.0,32645000.0,299.7114353714082,545.297271290123,-31.548560038490617,0.3002888424609834,0.1650475891564032,-2.8527450980392155,0.0170275511960381,0.0152922558396275,2022-11-01,0.43,bmo,515901297.0,2025-04-25,2022-09-30,0.0,26.41234375,3831001.5625
2022-06-30,DOC,USD,1574540,2022-08-05,2022-08-05 08:21:47,2022,Q2,132167000.0,42681000.0,89486000.0,0.6770676493,0,10028000.0,0.0,10028000.0,47702000.0,57730000.0,100411000.0,0.0,41867000.0,180489000.0,277495000.0,2.0995785635,31532000.0,0.2385769519,-29417000.0,17932000.0,0.1356768331,17234000.0,698000.0,0.0052811973,0.0013,0.0013,542208333,539815000,https://www.sec.gov/Archives/edgar/data/1574540/000157454022000116/0001574540-22-000116-index.htm,https://www.sec.gov/Archives/edgar/data/1574540/000157454022000116/doc-20220630.htm,0.2437568586759436,0.0012873280573502,0.1566980712559428,0.1271448552230199,0.1493724737719956,5.435093525204084,4.525574120971689,5.151508802060406,3.7793517275213104,14048617908.03,16055545908.03,5031.739938406161,106.2944449675789,165.34983355142828,203.7833143508029,5.029594434476554,5.029594434476554,121.4792339088426,57.85886559408278,188.97103336781893,232.8949637800084,4.968460275377214e-05,0.0049071731077969,0.7186508190811155,0.391571493195634,7.232303284743869,0.7737103242030857,0.7531468698497623,4.738066027213919,0.003692818776881,74.32521489971347,0.0758737052365567,0.0,0.0961990238261559,0.188599743417723,0.1212405517262251,0.3255124220448128,0.0287363714088993,0.3862807798972516,0.0002577952015478,0.0001506520774446,-3.157689389476793,-83235000.0,2453804000.0,-1894798000.0,643195000.0,462580500.0,212142500.0,39099500.5,314.12667307270345,441.09931819779297,169.93744289027904,0.2865086212502872,0.2040356815052776,0.5296066509492493,0.0002498934014895,0.0295532160329229,2022-08-02,0.43,bmo,484906193.0,2025-04-25,2022-06-30,0.0232558139534883,30.29919354838709,4185780.258064517
2022-03-31,DOC,USD,1574540,2022-05-05,2022-05-05 08:54:22,2022,Q1,130390000.0,41752000.0,88638000.0,0.679791395,0,10293000.0,0.0,10293000.0,47260000.0,57553000.0,99305000.0,0.0,37586000.0,177733000.0,266998000.0,2.0476877061,30919000.0,0.2371270803,-15842000.0,13943000.0,0.106933047,16823000.0,-2880000.0,-0.0220875834,-0.0053,-0.0053,539354517,539586000,https://www.sec.gov/Archives/edgar/data/1574540/000157454022000106/0001574540-22-000106-index.htm,https://www.sec.gov/Archives/edgar/data/1574540/000157454022000106/doc-20220331.htm,0.2417519384564642,-0.0053397161036476,0.1011116033723696,0.0909309154816997,0.0094928286287069,5.487620677514415,4.563885018877111,5.199051665678365,3.7742225861436514,18516040568.61,20511369568.61,-1607.2951882473956,142.0050660987039,339.5258195399285,377.5393640121116,6.603127302355952,6.603127302355952,157.30784238522892,76.82218431827205,376.1138639151004,418.2238310213278,-0.0001555408128065,0.0026487304247509,0.7125406364607657,0.3905475384002831,7.47319830111087,0.6151721268369924,0.8226201245144469,3.91128164670444,0.0028547139872662,-18.353472222222223,0.0789401027686172,0.0,0.0973840524796214,0.1006876317960942,0.0421121251629726,0.1124398484693355,0.0326175320193266,,-0.0013378364643974,-0.0006236706395352,-3.345575484445233,-133182000.0,2461552000.0,-1943370000.0,599384000.0,464180500.0,221369500.0,-6540499.5,320.17263593833883,463.6685667752443,-5.154002442996743,0.281098351007526,0.1941041650201533,-17.462157031433303,-0.0010270557876733,0.0101806878906698,2022-05-03,0.42,bmo,488222549.0,2025-04-25,2022-03-31,0.0238095238095238,33.68048387096774,4245667.483870967
2021-12-31,DOC,USD,1574540,2022-02-24,2022-02-24 08:48:21,2021,Q4,116124000.0,34339000.0,81785000.0,0.7042902415,0,9641000.0,8000000.0,9641000.0,43207000.0,52848000.0,87187000.0,0.0,36551000.0,178114000.0,239213000.0,2.059978988,46676000.0,0.40194964,-51549000.0,28252000.0,0.2432916537,19382000.0,27294000.0,0.2350418518,0.12,0.12,220692094,228043277,https://www.sec.gov/Archives/edgar/data/1574540/000157454022000042/0001574540-22-000042-index.htm,https://www.sec.gov/Archives/edgar/data/1574540/000157454022000042/doc-20211231.htm,0.52618106020599,0.1236745707800479,0.3253764042856922,0.278220206655885,0.0465490168397242,13.56692913521406,11.309390176885993,12.851878599692837,9.304483739231728,7964777672.460001,9971776672.46,72.95355822213673,68.58855768368296,110.91769263118316,129.71739340499343,2.808149775151359,2.808149775151359,85.87179801298613,41.68576403648632,138.86721079071972,162.404141177831,0.0034268376497658,0.0077090664077551,0.7110916726956311,0.3891545907748245,8.390008068123388,0.3222464767156863,1.277010204919154,2.541696163103497,0.006285548958021,1.834212647468308,0.0830233198994178,0.0,0.0961313861148677,0.1449281417112299,0.089619716854397,0.2408637489295716,0.0360993420826013,5.980187105310472,0.0030722238834943,0.0058264638526131,-8.316068177775321,-283160000.0,2495893000.0,-2053963000.0,450544000.0,460131500.0,239891000.0,-5443000.0,360.0046502015087,596.6224991991613,-28.017705815545007,0.2499967707351098,0.1508491552377019,-3.2122544434050515,0.00962307337567,0.0471561976298072,2022-02-08,0.41,bmo,117500691.0,2025-04-25,2021-12-31,0.0,34.48828125,2752352.828125
2021-09-30,DOC,USD,1574540,2021-11-05,2021-11-05 16:08:17,2021,Q3,115311000.0,35679000.0,79632000.0,0.690584593,0,9534000.0,0.0,9534000.0,38582000.0,48116000.0,83795000.0,0.0,35905000.0,177175000.0,255771000.0,2.218097146,31516000.0,0.2733130404,-20552000.0,22045000.0,0.1911786386,13789000.0,21364000.0,0.1852728708,0.1,0.1,217406657,223992049,https://www.sec.gov/Archives/edgar/data/1574540/000157454021000146/0001574540-21-000146-index.htm,https://www.sec.gov/Archives/edgar/data/1574540/000157454021000146/doc-20210930.htm,0.5303931424694139,0.0982674601357768,0.2456318529381554,0.205844662797055,0.0255833932444856,12.71787183591163,11.834559417377914,12.376428749373575,7.062755212688819,7278774876.36,8772993876.36,85.17570300926792,63.12298806150323,136.30154069810118,162.646918045227,2.705142224625546,2.705142224625546,76.08115337097068,34.300189921296784,164.28212194973972,196.03579452002143,0.0029351093230518,0.0061482874192668,0.5573177865536262,0.3400824361176784,5.8420188371629305,0.6848184752400708,0.8777607575546581,2.422408709457927,0.0068776684057901,2.3432409661112152,0.0826807503187033,0.0,0.0435512164146525,0.1619789520991723,0.0750145259342126,0.2241978124514022,0.0317836112773282,5.231109339511828,0.0030119024257946,0.005065635835224,-5.96688375554204,-157413000.0,2572912000.0,-1302502000.0,176592000.0,463325500.0,470301000.0,-4282500.0,355.7205296979473,636.0312789035568,-0.494408475573867,0.2530076070572076,0.1415024747763183,-182.03571428571428,0.0079398881636797,0.0397871901411004,2021-11-02,0.39,bmo,116610000.0,2025-04-25,2021-09-30,0.0256410256410256,35.39703125,3053690.53125
2021-06-30,DOC,USD,1574540,2021-08-05,2021-08-05 08:29:00,2021,Q2,112925000.0,33456000.0,79469000.0,0.7037325659,0,9117000.0,0.0,9117000.0,38105000.0,47222000.0,80678000.0,0.0,38681000.0,171459000.0,261399000.0,2.3148018596,32247000.0,0.2855612132,-94964000.0,18681000.0,0.1654283817,13706000.0,18113000.0,0.1603984946,0.08,0.08,215837520,222660502,https://www.sec.gov/Archives/edgar/data/1574540/000157454021000114/0001574540-21-000114-index.htm,https://www.sec.gov/Archives/edgar/data/1574540/000157454021000114/doc-20210630.htm,0.5231944844436686,0.0839196076752549,0.3754861527319253,0.3413400969395868,0.0081635482097829,12.927566995766076,11.03190029240514,12.580676427342198,6.746797313089957,7185231040.8,8601244040.8,99.17229394357643,63.62834660881116,88.65839594294458,97.52736434563076,2.646121628853693,2.646121628853693,76.1677577223821,32.90465549141351,106.1305468733034,116.74734697179466,0.0025208653552194,0.0102535325004381,0.5220374149935442,0.3252958521153635,5.417055918347048,0.3954625527836066,0.8336651069000285,4.338311653551737,0.0068210750248252,2.7058466294926298,0.0807350011069293,0.0,0.0938933608281679,0.0909382557623019,0.0652645561213194,0.1934129379346542,0.0307106486606154,4.873881633422936,0.0018569781456872,0.0045872988577213,-5.636962470658484,-280029000.0,2381098000.0,-1384230000.0,269987000.0,624955500.0,465138500.0,-8813000.0,375.2942218286473,1852.021162123386,-22.51345050215208,0.2398118456539744,0.0485955570274439,-3.9976102282232047,0.006670516339874,0.0341460557923386,2021-08-03,0.39,bmo,112925000.0,2025-04-25,2021-06-30,0.0256410256410256,33.563650793650794,3129879.761904762
2021-03-31,DOC,USD,1574540,2021-05-06,2021-05-06 09:03:28,2021,Q1,113339000.0,33934000.0,79405000.0,0.7005973231,0,9465000.0,0.0,9465000.0,37976000.0,47441000.0,81375000.0,0.0,46843000.0,37991000.0,247815000.0,2.1864936165,31964000.0,0.2820211931,-212975000.0,17805000.0,0.1570950864,13906000.0,17194000.0,0.1517041795,0.08,0.08,210529698,217322425,https://www.sec.gov/Archives/edgar/data/1574540/000157454021000089/0001574540-21-000089-index.htm,https://www.sec.gov/Archives/edgar/data/1574540/000157454021000089/doc-20210331.htm,0.5383516011123524,0.0816701879275958,0.1961765983248596,0.1670168167913298,0.0187574486522086,13.02411976100398,11.097545962375342,12.6524287324062,7.33119372070728,6682212614.52,8174854614.52,97.1590760515296,58.95775165229973,161.79299809980387,190.04074326033785,2.508609269515623,2.508609269515623,72.12746375492989,32.98773122902165,197.93357580978667,232.49117270121155,0.0025730998086829,0.0052620295145346,0.5618441483163344,0.3423992111455434,6.023210862942114,0.4095373339787614,0.6823644941613475,2.3196293176074136,0.0074390030469826,2.8910666511573804,0.0835105303558351,0.0,0.0927958690382633,0.1486404687537832,0.0541649388118829,0.1616547293027175,0.0327071881700032,4.821808812791407,0.0014308906263382,0.004336122365706,-4.965307792347662,-312265000.0,2336363000.0,-1412348000.0,229925000.0,508332500.0,255482000.0,-10082500.0,618.6033933597438,641.3540991336123,-24.55148228914953,0.145489017625969,0.1403280966342595,-3.665766447013071,0.0064549020314508,0.0291597815335297,2021-05-04,0.39,bmo,111890000.0,2025-04-25,2021-03-31,0.0256410256410256,30.37163934426229,3613913.147540984
2020-12-31,DOC,USD,1574540,2021-02-26,2021-02-26 08:59:56,2020,Q4,111445000.0,33703000.0,77742000.0,0.6975817668,0,8198000.0,6000000.0,8198000.0,37846000.0,46044000.0,79747000.0,0.0,46175000.0,37846000.0,109270000.0,0.9804836466,31698000.0,0.284427296,-151743000.0,18609000.0,0.1669792274,13882000.0,17984000.0,0.1613710799,0.08,0.08,208823502,215918488,https://www.sec.gov/Archives/edgar/data/1574540/000157454021000038/0001574540-21-000038-index.htm,https://www.sec.gov/Archives/edgar/data/1574540/000157454021000038/doc-20201231.htm,0.5336803517450828,0.0861205746851233,0.3205434223586577,0.2572651041931094,0.0120436635527738,13.1368882033211,11.188185130618104,12.648466167376125,7.466309994169143,6312734465.46,7823185465.46,87.75487190641681,56.644393785813634,94.308595626634,117.50524850548184,2.3900131130501414,2.3900131130501414,70.19772502543856,71.59499831115585,116.87385848574031,145.6207856124937,0.0028488446802885,0.0085102581605395,0.5728117663405516,0.3427691750019823,13.823107897867668,0.3657818784679449,0.6864753654574987,3.597022945886399,0.007644864561317,2.683496441281138,0.0735609493472116,0.0,0.0921929337668075,0.197409504459417,0.1185696980573377,0.3491518258204301,0.0298353447889093,4.950666262478703,0.0020229876989984,0.0044881289438646,-7.160903756896099,-357302000.0,2336356000.0,-1464587000.0,186813000.0,266011000.0,551831500.0,-5453999.5,191.9149356184665,718.7208853811234,-29.128564222769487,0.4689577687633603,0.1252224637277304,-3.08975064173084,0.0068087761429328,0.0632783181655482,2021-02-09,0.4,bmo,111683555.0,2025-04-25,2020-12-31,0.0249999999999998,29.09625,3777798.984375
2020-09-30,DOC,USD,1574540,2020-11-06,2020-11-06 16:05:06,2020,Q3,109566000.0,32503000.0,77063000.0,0.7033477539,0,8346000.0,0.0,8346000.0,37952000.0,46298000.0,78801000.0,0.0,53734000.0,37952000.0,115015000.0,1.0497325813,30765000.0,0.280789661,-92719000.0,16475000.0,0.1503659894,13682000.0,15899000.0,0.1451088841,0.07,0.07,208187129,215129968,https://www.sec.gov/Archives/edgar/data/1574540/000157454020000134/0001574540-20-000134-index.htm,https://www.sec.gov/Archives/edgar/data/1574540/000157454020000134/doc-20200930.htm,0.5262861375066082,0.076368794153456,0.2816216366574708,0.2390157366548822,0.0176235678815667,13.178807033743183,12.151510096476713,12.695674380523304,7.182850386490512,5652280552.349999,7090254552.349999,88.87792553541104,51.58790639751382,96.40594494883165,113.59084711314308,2.1385236566598915,2.1385236566598915,64.71217852572877,61.64634658392383,120.93219430922734,142.48903843147104,0.0028128469301457,0.0088035262119661,0.5454413720982674,0.3327920084285096,12.502490979437464,0.6665909794612447,0.5725425242862991,3.5587253414264035,0.0085347851284457,3.0342159884269453,0.0761732654290564,0.0,0.0493702163729892,0.1512877366535903,0.0809557709508424,0.2337162731871838,0.0284212255626745,4.670647730949479,0.0013387147670753,0.0038607666556421,-6.551094229749429,-145368000.0,2529788000.0,-1297669000.0,206193000.0,310792000.0,840799000.0,-4318999.5,241.80877279448003,2310.759622188721,2.768975171522629e-06,0.3721949330452683,0.0389482311945338,32503000.0,0.0060153397026797,0.0426059000025885,2020-11-02,0.39,bmo,123261750.0,2025-04-25,2020-09-30,0.0256410256410256,27.4009375,3496021.078125
2020-06-30,DOC,USD,1574540,2020-08-07,2020-08-07 08:38:06,2020,Q2,109066000.0,31029000.0,78037000.0,0.7155025397,0,8242000.0,0.0,8242000.0,37045000.0,45287000.0,76316000.0,0.0,54823000.0,37045000.0,240455000.0,2.204674234,32750000.0,0.3002768966,27697000.0,18444000.0,0.1691086131,14712000.0,17820000.0,0.1633873068,0.09,0.09,203692604,210405776,https://www.sec.gov/Archives/edgar/data/1574540/000157454020000120/0001574540-20-000120-index.htm,https://www.sec.gov/Archives/edgar/data/1574540/000157454020000120/doc-20200630.htm,0.5354440851470483,0.0874847669972347,0.3577547665893652,0.3204681894095674,0.0191023136019214,13.611210940187108,11.66214164555528,13.112753961356397,7.222623556817998,5613768166.24,7026249166.24,78.75656798877665,51.47129413602772,77.03601062465692,85.99917530278658,2.1017705419639525,2.1017705419639525,64.421993712431,29.220640727953253,96.41905212207706,107.6374399289183,0.0031743384251536,0.0116280184836562,0.5302835560550826,0.3268328522891213,5.874200993948972,0.3771622258537681,0.5973770132973387,3.9509867707655606,0.0083639007899124,2.6348484848484848,0.0755689215704252,0.0,0.0916116934817663,0.1042238445493468,0.0696367337208662,0.205020920502092,0.0279738873709497,5.080476361772579,0.0017080984169116,0.0045267294227505,-6.461444716961839,-282797000.0,2375492000.0,-1389876000.0,252495000.0,316447500.0,851555500.0,-9453500.0,270.00660150734416,2456.966064004641,-25.054626317316057,0.3333251835235295,0.036630542569769,-3.592150960870572,0.0066717309922121,0.0372865771797978,2020-08-04,0.4,bmo,84829111.0,2025-04-25,2020-06-30,0.0,25.52714285714286,4930095.793650794
2020-03-31,DOC,USD,1574540,2020-05-08,2020-05-08 08:24:06,2020,Q1,107428000.0,30963000.0,76465000.0,0.711779052,0,8977000.0,0.0,8977000.0,36747000.0,45724000.0,76687000.0,0.0,55691000.0,36747000.0,162929000.0,1.516634397,30741000.0,0.2861544476,29645000.0,14960000.0,0.1392560599,16017000.0,14414000.0,0.134173586,0.07,0.07,196211728,202842340,https://www.sec.gov/Archives/edgar/data/1574540/000157454020000101/0001574540-20-000101-index.htm,https://www.sec.gov/Archives/edgar/data/1574540/000157454020000101/a10q2020q1.htm,0.5475105952891868,0.073461459959213,0.1776550278380913,0.1562088072533564,0.0133121502298782,13.777463903686735,11.753451353325833,13.262657775482207,7.960813636991159,4679649712.8,6183351712.8,81.16500820036077,43.56080084149384,134.2489446554593,152.6802516411093,1.7982820942639348,1.7982820942639348,57.558101359049786,37.95120397719252,177.38687568994206,201.7406757846656,0.0030801450716651,0.0065496355242497,0.578841934927289,0.3470123534604617,9.229185718932786,0.2787625323338935,0.5519922429117811,2.3300802139037438,0.0095167379468992,3.0897044540030527,0.0835629444837472,0.0,0.0914887274442914,0.1207183429915657,0.0391704211192612,0.1145127493400821,0.0278884462151394,4.682052922633667,-0.0005699045861556,0.0036549683505706,-7.190007266028461,-381989000.0,2306165000.0,-1489867000.0,154010000.0,270555000.0,563277500.0,-10077500.0,256.0971999851063,2488.221102606337,-29.848851855440365,0.3514290667966462,0.0361704190619264,-3.0151913526146656,0.0055389697301106,0.0214462205847348,2020-05-05,0.44,bmo,107428000.0,2025-04-25,2020-03-31,0.0227272727272727,32.586451612903225,4496787.661290322
2019-12-31,DOC,USD,1574540,2020-02-27,2020-02-27 17:06:57,2019,Q4,107417000.0,30471000.0,76946000.0,0.7163298174,0,8341000.0,0.0,8341000.0,37088000.0,45429000.0,75900000.0,2976000.0,58120000.0,37088000.0,151505000.0,1.4104378264,31517000.0,0.2934079336,-30698000.0,42751000.0,0.397991007,-1349000.0,41397000.0,0.3853859259,0.22,0.22,188799999,195036318,https://www.sec.gov/Archives/edgar/data/1574540/000157454020000015/0001574540-20-000015-index.htm,https://www.sec.gov/Archives/edgar/data/1574540/000157454020000015/fy201910-k12312019.htm,0.5689459775897563,0.2192637723477954,0.3233792390009493,0.267711865824745,0.0124735170152199,13.288580578859008,11.220519127227323,12.75925854215709,9.30012187129302,6507935965.53,8203323965.53,39.30197819606493,60.58571702365547,106.5931137276837,128.7578340758547,2.7015676409494933,2.7015676409494933,76.36895431384231,54.145565925415,134.36177753349494,162.30064825755775,0.0063610029691846,0.0077665177204741,0.704765316644444,0.3905927440441119,11.190310550806904,0.2629280474524562,0.5422746042670338,1.4281303361324882,0.006712266413095,1.0552213928545546,0.0776506512004617,0.0,0.08982922439499,0.1721426933534248,0.097842985747135,0.2833800690250215,0.0209836431849707,7.933912723686177,0.0087340192297921,0.0104640114293485,-8.812072345402926,-528614000.0,2118434000.0,-1649130000.0,-10231000.0,215015500.0,138607500.0,-4942999.5,197.2489456976084,799.0272718322339,-29.199566801220836,0.4562762030575012,0.1126369564253079,-3.082237507586486,0.0171846797855329,0.0556673731762043,2020-02-11,0.44,bmo,43943318.0,2025-04-25,2019-12-31,0.0,34.98578125,3596840.0
2019-09-30,DOC,USD,1574540,2019-11-06,2019-11-06 16:38:24,2019,Q3,107593000.0,31504000.0,76089000.0,0.7071928471,0,8110000.0,0.0,8110000.0,36614000.0,44724000.0,76228000.0,2741000.0,61230000.0,36614000.0,265613000.0,2.4686829069,31365000.0,0.2915152473,-135914000.0,15619000.0,0.1451674365,16785000.0,15049000.0,0.1398696941,0.08,0.08,186328500,491203000,https://www.sec.gov/Archives/edgar/data/1574540/000157454019000117/0001574540-19-000117-index.htm,https://www.sec.gov/Archives/edgar/data/1574540/000157454019000117/a10q2019q3.htm,0.5774371607134711,0.0807659590454493,0.2356536976361641,0.1984881539861052,0.0468205347008106,13.370938959955131,11.23375651067872,12.78539783232302,9.06350880300115,6638884455.0,8257720455.0,110.28780076749288,61.703683836309054,151.19643934045413,179.5069342147956,2.786772884761011,2.786772884761011,76.74960689821829,31.089293276308013,188.06441629278737,223.27818664828035,0.002266796492996,0.00557081543604,0.6831931037609286,0.3831629233441085,6.094716749556686,0.3602362566111295,0.5122488975992161,2.8112555221204945,0.0064720210588451,2.855139876403748,0.0753766508973632,0.0,0.0937491539533069,0.1577125418479127,0.0643629232385006,0.1891353034358442,0.0234494809141858,4.820172263349774,-0.0005335246933287,0.0039093602017311,-8.595724752252071,-383333000.0,2093169000.0,-1540464000.0,143375000.0,186504500.0,6090000.0,-3601999.5,162.78847136895524,19.1147155916709,2.8567800914169628e-06,0.5528647037665074,4.70841428784935,31504000.0,0.0063170470019527,0.0371655436500589,2019-10-30,0.43,bmo,94143875.0,2025-04-25,2019-09-30,0.0232558139534883,33.75890625,2716796.875
2019-06-30,DOC,USD,1574540,2019-08-08,2019-08-08 08:56:33,2019,Q2,94903000.0,30636000.0,64267000.0,0.6771861796,0,7676000.0,0.0,7676000.0,36285000.0,43961000.0,74597000.0,2414000.0,56942000.0,36285000.0,249117000.0,2.6249644374,20306000.0,0.2139658388,-95496000.0,7316000.0,0.0770892385,16419000.0,6980000.0,0.0735487814,0.04,0.04,466366666,478739000,https://www.sec.gov/Archives/edgar/data/1574540/000157454019000097/0001574540-19-000097-index.htm,https://www.sec.gov/Archives/edgar/data/1574540/000157454019000097/a10q2019q2.htm,0.2034943895411255,0.0149667643699046,0.1496397686364659,0.1287356159370103,0.0147587735183457,5.258463305351245,4.421017088729922,5.050339511186247,3.530687589923076,14723195645.62,16305965645.62,527.3350875938395,155.13941230119175,210.97332806425263,245.2312809490656,6.251064889810683,6.251064889810683,171.81717801987293,65.45504981843872,233.6533401008784,271.59408450681235,0.0004740818615744,0.0040777832099148,0.6749230462232148,0.3810301901707747,6.353520634882405,0.1659031592468093,0.3566084788029925,9.538955713504649,0.0029084039247103,6.134813753581662,0.0808825853766477,0.0,0.0936141459692947,0.1396965050797426,0.1027259412241973,0.2686785172936475,0.0282920455623109,1.3041138495809077,-0.0061376683211846,0.001845862544064,-3.393327322412018,-488327000.0,2061815000.0,-1622486000.0,28005000.0,156546500.0,4501000.0,-7969000.0,169.18232300348777,16.125146886016452,-21.16333725029377,0.5319704706864948,5.581344507196211,-4.252637423653526,0.0029635164797839,0.0209041526994555,2019-07-31,0.43,bmo,166080250.0,2025-04-25,2019-06-30,0.0232558139534883,31.08730158730159,3082665.0793650798
2019-03-31,DOC,USD,1574540,2019-05-02,2019-05-02 09:11:04,2019,Q1,105368000.0,32208000.0,73160000.0,0.6943284489,0,8972000.0,0.0,8972000.0,36449000.0,45421000.0,77629000.0,1713000.0,49327000.0,36449000.0,241354000.0,2.2905815807,27739000.0,0.2632582947,-10765000.0,11500000.0,0.1091412953,16742000.0,11057000.0,0.1049369828,0.06,0.06,477766991,479131000,https://www.sec.gov/Archives/edgar/data/1574540/000157454019000071/0001574540-19-000071-index.htm,https://www.sec.gov/Archives/edgar/data/1574540/000157454019000071/a10q2019q1.htm,0.2205426536049662,0.0231430806403282,0.055313574394678,0.0282020320654592,0.0105658199396198,5.164040309348203,4.354635291243886,4.970965020059328,3.4658149918105163,14896774779.38,16498251779.38,336.8177349050375,141.37854737092854,563.695265424755,1105.5940907956062,6.272423940659286,6.272423940659286,156.5774407731,68.35706795569992,624.2952956968252,1224.4509261822768,0.0007422412007802,0.0009044910861276,0.6764421172035101,0.3838764828237959,6.6353861962097165,0.1717933935912481,0.5623492205080382,2.298,0.0028586724731145,3.851406348919237,0.0851491914053602,0.0,0.0924029959342939,0.4901426571309645,0.122931060663579,0.3553732612691706,0.0251784222913977,1.6088746058000896,-0.0032599156429078,0.0029110406819054,-3.382601834039221,-482702000.0,2080501000.0,-1617671000.0,30255000.0,122931500.0,3699500.0,-15142500.0,115.04878141371196,9.81650521609538,-24.40573770491803,0.7822768645967898,9.168232280102476,-3.687657430730479,0.0046556514775177,0.0271115423292188,2019-05-01,0.43,bmo,87806666.0,2025-04-25,2019-03-31,0.0232558139534883,30.461967213114757,3265359.016393442
2018-12-31,DOC,USD,1574540,2019-02-28,2019-02-28 17:10:19,2018,Q4,105311000.0,31950000.0,73361000.0,0.6966128894,0,6660000.0,0.0,6660000.0,39365000.0,46025000.0,77975000.0,1358000.0,54717000.0,39365000.0,206916000.0,1.9648089943,27336000.0,0.2595740236,590288000.0,11156000.0,0.1059338531,16655000.0,10739000.0,0.1019741527,0.06,0.06,477063339,479906000,https://www.sec.gov/Archives/edgar/data/1574540/000157454019000013/0001574540-19-000013-index.htm,https://www.sec.gov/Archives/edgar/data/1574540/000157454019000013/fy201810-k12312018.htm,0.2207484654359491,0.0225106377331585,0.1325400525065289,0.1151838666018308,0.0401644780338067,5.182555014985128,4.234286801904097,4.987817770671328,3.327797108299701,13324379058.27,14838071058.27,310.1866807493715,126.52409585200029,210.72875309615685,242.48187549171976,5.599643227591453,5.599643227591453,140.89763707751328,71.71060265165575,234.6682122136644,270.02859068735216,0.0008059662632709,0.00412401957042,0.6441898630177285,0.3700010669025116,7.315490343907673,0.1439702637015224,0.4995887932452437,5.667802079598422,0.0130848123756873,16.234938076170966,0.0632412568487622,0.0,0.1091967479266608,0.130950498181243,0.0786242652714341,0.2103391337482535,0.0190483425283208,1.589426492662789,-0.0037796227370278,0.0029099432318551,-3.309130299781849,-497676000.0,2020023000.0,-1586726000.0,10164158000.0,100586000.0,3855000.0,-24081500.0,95.00631463000066,10.946478873239435,-60.70704225352112,0.9473054538585396,8.221821924858466,-1.4825298130017168,0.0045131235277925,0.017356185904698,2019-02-13,0.43,bmo,122862833.0,2025-04-25,2018-12-31,0.0,27.68047619047619,3910331.746031746
2018-09-30,DOC,USD,1574540,2018-11-05,2018-11-05 16:43:36,2018,Q3,105028000.0,29870000.0,75158000.0,0.7155996496,0,6593000.0,0.0,6593000.0,42723000.0,49316000.0,79186000.0,1236000.0,63486000.0,42723000.0,246823000.0,2.3500685531,25842000.0,0.2460486727,-20206000.0,23771000.0,0.2263301215,17129000.0,22996000.0,0.2189511368,0.12,0.12,471171428,470118000,https://www.sec.gov/Archives/edgar/data/1574540/000157454018000088/0001574540-18-000088-index.htm,https://www.sec.gov/Archives/edgar/data/1574540/000157454018000088/a10q2018q3.htm,0.2229082532568167,0.0488060154615317,0.091582378378003,0.0754035535448469,0.0094721363282664,5.321101516367839,4.366765210559414,5.119107094923422,3.365861989407388,12151511128.12,13669460128.12,132.10461741302834,115.69782465742468,281.6043922069013,342.0263208770547,5.037987977547049,5.037987977547049,130.15062771946526,55.38163026995053,316.78200106880485,384.7517487086242,0.0018924395293343,0.0029237515915024,0.631188440022438,0.3666200207534579,6.149949558995718,0.1764989078084615,0.4070503733106512,1.8152791216187791,0.0143296581111669,7.572056009740825,0.0627737365274022,0.0,0.1082840203912718,0.1766587101110055,0.0725806451612903,0.1784284811459869,0.0195757321857028,2.3709644557735494,0.001992595170212,0.0062102592424056,-3.367671840237308,-436183000.0,2057495000.0,-1551924000.0,10249173000.0,287553000.0,4418000.0,-23741000.0,77.12486194157749,11.521928356210244,-80.18346166722465,1.1669388798151172,7.811192468619247,-1.1224259732451525,0.009534087597021,0.016178824833156,2018-10-31,0.43,bmo,87523333.0,2025-04-25,2018-09-30,0.0232558139534883,26.28619047619048,2714515.873015873
2018-06-30,DOC,USD,1574540,2018-08-03,2018-08-03 16:34:35,2018,Q2,106989000.0,30341000.0,76648000.0,0.7164100982,0,7104000.0,0.0,7104000.0,37725000.0,44829000.0,75170000.0,1447000.0,73038000.0,37725000.0,270767000.0,2.5307928852,31819000.0,0.2974044061,-41504000.0,12062000.0,0.1127405621,17658000.0,11587000.0,0.1083008534,0.06,0.06,470952631,469941000,https://www.sec.gov/Archives/edgar/data/1574540/000157454018000077/0001574540-18-000077-index.htm,https://www.sec.gov/Archives/edgar/data/1574540/000157454018000077/a10q2018q2.htm,0.2271757135591838,0.024603323640844,0.1304228832304793,0.1025495916594635,0.0195900805998469,5.357872180567561,4.410585828110598,5.153571379028988,3.4794030060318315,12159996932.42,13716366932.42,262.3629268235954,113.65651545878548,197.97139397977955,251.78062225484516,5.010117858281199,5.010117858281199,128.2035249644356,50.65745431466907,223.3099479416505,284.00627241220803,0.0009528785298545,0.0039717115282518,0.6450511889144522,0.3711469051849516,5.748004742084523,0.3385243644400135,0.4356499356499356,5.092273254849942,0.0143330628263007,15.041857253818934,0.0663993494658329,0.0,0.1057607807949476,0.2137147322664148,0.1226948564805727,0.3479655400927767,0.018824365121648,1.6890491858586965,-0.0040485636122693,0.0030717327945053,-2.829037704218708,-379519000.0,2077177000.0,-1500734000.0,10028628000.0,291791500.0,3787000.0,-10435000.0,408.0725121274149,14.867011634422068,-61.90633136679739,0.2205490380393442,6.0536711891460495,-1.4538092956396742,0.0047740337391969,0.0278732915710157,2018-08-02,0.46,bmo,124833333.0,2025-04-25,2018-06-30,0.0217391304347825,23.57984375,3353089.0625
2018-03-31,DOC,USD,1574540,2018-05-04,2018-05-04 16:32:23,2018,Q1,105223000.0,30459000.0,74764000.0,0.7105290668,0,8459000.0,0.0,8459000.0,38576000.0,47035000.0,77494000.0,6365000.0,75102000.0,38576000.0,275275000.0,2.6161105462,27729000.0,0.2635260352,-237944000.0,11332000.0,0.1076950857,16946000.0,10908000.0,0.1036655484,0.06,0.06,498012500,469695000,https://www.sec.gov/Archives/edgar/data/1574540/000157454018000066/0001574540-18-000066-index.htm,https://www.sec.gov/Archives/edgar/data/1574540/000157454018000066/a10q2018q1.htm,0.2112858612986621,0.0219030646821113,0.0821063728320072,0.0708456113049371,0.0131522803142491,5.122353354584473,4.199011068999272,4.925808087146407,3.338651138274641,11568830375.0,13149868375.0,265.1455439814815,109.94583289775048,282.925663365126,327.8961049543677,4.715977478013659,4.715977478013659,124.97142616158064,47.769933248569615,321.59130288579115,372.7075668896321,0.0009428783763285,0.0030497465047325,0.6471725325443497,0.3729352570949495,5.743485605303787,0.5002550391090881,0.3692178637053607,3.608365690081186,0.0150532935789543,15.965254858819216,0.0803911692310616,0.0,0.1080186149564706,0.1371484470530692,0.0532963325508681,0.1453753629199502,0.0247569447744314,1.5580537846139302,-0.0036922921465248,0.0028726649392402,-3.2641771039883536,-269429000.0,2091160000.0,-1436307000.0,11049578000.0,226269500.0,6792500.0,-11439500.0,84.23253471199263,7.570176302570669,0.0,1.0684707554833468,11.888758782201403,0.0,0.0044465931872713,0.0112607615270701,2018-05-03,0.46,bmo,122733333.0,2025-04-25,2018-03-31,0.0434782608695651,23.229344262295083,4538549.180327869
2017-12-31,DOC,USD,1574540,2018-03-01,2018-03-01 16:25:49,2017,Q4,97320000.0,26956000.0,70364000.0,0.7230168516,0,6112000.0,0.0,6112000.0,36128000.0,42240000.0,69196000.0,5263000.0,71882000.0,36128000.0,138731000.0,1.425513769,28124000.0,0.2889847924,-137229000.0,10187000.0,0.104675298,14246000.0,9762000.0,0.1003082614,0.05,0.05,179865935,185482442,https://www.sec.gov/Archives/edgar/data/1574540/000157454018000016/0001574540-18-000016-index.htm,https://www.sec.gov/Archives/edgar/data/1574540/000157454018000016/fy201710-k12312017.htm,0.5410696583541514,0.0542737567288658,0.2903773858012636,0.2435425029203,0.0151612922146708,14.232717273562669,11.682412236647256,13.7500855845772,8.613915692262685,4690903584.799999,6165644584.799999,120.1317246670764,48.200817764077264,89.81415659499511,107.08603092797624,1.896715466938813,1.896715466938813,63.35434221948211,44.44316399939451,118.05021319190486,140.752073617167,0.0020810489543276,0.0093382861549194,0.5973979973895871,0.3547867715337422,10.630219633679568,0.2040465904238957,0.3912523302078406,5.127024639246098,0.0088134405776243,4.235095267363246,0.0628031237155774,0.0,0.1101514918296419,0.1612897049531869,0.0865598027127003,0.233170947741364,0.0176633785450061,4.097688128739746,-0.0030024576948094,0.0026343414281358,-7.492081532837221,-346738000.0,2101268000.0,-1515514000.0,10843853000.0,552204500.0,8806500.0,-11439499.5,327.42817509247845,36.803309096305085,-76.38781718355838,0.2748694426635109,2.4454322779642568,-1.1781983478298876,0.0039471577391301,0.0468348828809635,2018-02-13,0.47,bmo,155680000.0,2025-04-25,2017-12-31,0.0212765957446808,26.513492063492063,3694241.26984127
2017-09-30,DOC,USD,1574540,2017-11-03,2017-11-03 16:18:42,2017,Q3,92999000.0,27471000.0,65528000.0,0.704609727,0,5860000.0,0.0,5860000.0,32975000.0,38835000.0,66306000.0,11774000.0,71328000.0,32975000.0,274582000.0,2.9525263713,24509000.0,0.2635404682,-156837000.0,12539000.0,0.1348294068,12441000.0,12124000.0,0.1303669932,0.07,0.07,177847424,183298145,https://www.sec.gov/Archives/edgar/data/1574540/000157454017000108/0001574540-17-000108-index.htm,https://www.sec.gov/Archives/edgar/data/1574540/000157454017000108/a10q2017q3.htm,0.522914518008425,0.0681707934099737,0.2353984053207315,0.1989851705695776,0.0276866534766339,14.333297287454666,12.069514147137715,13.854043789804908,6.99220136019513,4949493809.92,6116786809.92,102.0598360673045,53.22093581565393,118.22509996225963,139.8596685388115,2.008799771549726,2.008799771549726,65.77260841428402,22.27672174403275,146.1074121562164,172.84429653056034,0.0024495434211273,0.0071500240952058,0.4757555685971786,0.3053841344275107,4.251163586833806,0.3964083941281813,0.3436098026020637,3.3387829970492064,0.0073375180159255,2.9954635433850214,0.0630114302304325,0.0,0.1048868047414354,0.1546876866117282,0.0696351573672835,0.1963912054586808,0.0448284390154732,4.609764205951231,5.671360256182726e-05,0.0035286324482841,-4.057823741658468,-278738000.0,2146532000.0,-1106299000.0,3341364000.0,750689500.0,5830500.0,-15414999.5,726.1529693867676,21.59004040624659,3.276182155727858e-06,0.1239408276137802,4.168588770864947,27471000.0,0.0049206422647617,0.0364132347511538,2017-11-02,0.46,bmo,93000000.0,2025-04-25,2017-09-30,0.0434782608695651,30.074126984126984,3469198.412698413
2017-06-30,DOC,USD,1574540,2017-08-04,2017-08-04 09:14:09,2017,Q2,76599000.0,20519000.0,56080000.0,0.7321244403,0,6249000.0,0.0,6249000.0,28123000.0,34372000.0,54891000.0,20869000.0,77788000.0,28123000.0,226930000.0,2.9625713129,21708000.0,0.2833979556,-37206000.0,10331000.0,0.1348712124,11974000.0,9858000.0,0.1286961971,0.06,0.06,155366080,161012360,https://www.sec.gov/Archives/edgar/data/1574540/000157454017000090/0001574540-17-000090-index.htm,https://www.sec.gov/Archives/edgar/data/1574540/000157454017000090/a10q2017q2.htm,0.4930226726451488,0.0634501430428057,0.3446505183113328,0.3130541750168376,0.0740766581740364,13.896186349040924,11.43828176652201,13.357484465077576,9.49374535291101,4965499916.8,6351208916.8,125.92564203692432,64.82460497917728,92.73161739780006,102.09095597680826,2.3926660804702937,2.3926660804702937,82.91503696915103,27.987524420746485,118.60998593385251,130.5812105103006,0.0019852985933293,0.0097951869529673,0.6732607333879439,0.3811400829975577,6.106327942537346,0.0937186192393697,0.2790661798735023,5.183138127964379,0.0069727118276366,3.512172854534388,0.0815806994869384,0.0,0.1041697639127841,0.0916764711375053,0.0640869985247849,0.1745546349962664,0.0228201412551077,4.366866353579833,-0.0011626048328239,0.003001812415043,-6.098688014784179,-632656000.0,1777121000.0,-1441472000.0,10400702000.0,943570000.0,4098500.0,-21983500.0,882.4215720831864,22.242312003508943,-135.2258882011794,0.1019920668842348,4.046341944389667,-0.6655530327602984,0.0047501566038645,0.0315963432944951,2017-08-01,0.47,bmo,51066666.0,2025-04-25,2017-06-30,0.0212765957446808,31.696984126984127,3519501.587301587
2017-03-31,DOC,USD,1574540,2017-05-05,2017-05-05 16:16:44,2017,Q1,76666000.0,22089000.0,54577000.0,0.7118801033,0,4736000.0,0.0,4736000.0,27933000.0,32669000.0,54758000.0,18331000.0,86718000.0,27933000.0,309552000.0,4.0376698928,21908000.0,0.2857590066,280691000.0,6716000.0,0.0876007617,10157000.0,6402000.0,0.083505074,0.04,0.04,138986629,142605930,https://www.sec.gov/Archives/edgar/data/1574540/000157454017000063/0001574540-17-000063-index.htm,https://www.sec.gov/Archives/edgar/data/1574540/000157454017000063/a10q2017q1.htm,0.5516070182549718,0.0460619848546726,0.2362097723803345,0.2115023596982124,0.8452899451212678,15.141492495655823,12.685018786951082,14.539837497605616,7.866915025329523,4347501755.12,5236695755.12,169.7712337988129,56.70703773667597,132.42466509655802,147.89433103551502,2.151330783796663,2.151330783796663,68.30532120001044,16.917014766888922,159.50946558391715,178.14314039733296,0.0014725698482951,0.006761584389329,0.4981475552529316,0.3149418735430843,2.872518995193053,0.5534829769891529,0.2526349777439516,4.888326384752829,0.0072282892037918,4.908622305529522,0.0617744502126105,0.0,0.1068132110162924,0.1045994517209869,0.044791693840816,0.1229370278881609,-0.0122740197740849,3.881882266194132,-0.0035861629640628,0.0022424006366428,-0.927637794567994,-142430000.0,1763048000.0,-915378000.0,10832691000.0,994590500.0,3774500.0,-13949500.0,1333.7071191923408,12.736656254244194,-53.52573679206845,0.0674810823942378,7.066218809980806,-1.6814341173783969,0.0031679848459281,0.0247074126821221,2017-05-02,0.48,bmo,172575000.0,2025-04-25,2017-03-31,0.0625,30.70758064516129,4180080.64516129
2016-12-31,DOC,USD,1574540,2017-02-24,2017-02-24 09:51:07,2016,Q4,73674000.0,22005000.0,51669000.0,0.7013193257,0,4433000.0,0.0,4433000.0,26811000.0,31244000.0,53249000.0,17510000.0,103148000.0,26811000.0,-40866000.0,-0.5546868638,20425000.0,0.2772348454,-80800000.0,8620000.0,0.1170019274,8477000.0,8261000.0,0.1121291093,0.06,0.06,135650870,139679605,https://www.sec.gov/Archives/edgar/data/1574540/000157454017000007/0001574540-17-000007-index.htm,https://www.sec.gov/Archives/edgar/data/1574540/000157454017000007/fy201610-k12312016.htm,0.5431148359019002,0.0608989828078507,0.2606396848026113,0.2411853311372054,0.1141975720465338,13.334193875793057,11.111856488646184,12.815627352777025,8.067054785568276,4031543856.4,5007207856.4,122.00532188597022,54.72139230121888,114.02714833125918,123.22474115597394,2.3190437098313383,2.3190437098313383,67.96438168689089,-122.52747654284734,141.6225776784704,153.04605729131643,0.0020490909423906,0.0081152534030015,0.5701368632190381,0.3431867821385191,-23.874712474918024,0.0891672236591012,0.198016442393454,4.101624129930395,0.0076362805656021,3.726667473671468,0.0601704807666205,0.0,0.1043810238732007,0.0746407964701889,0.0358199636235306,0.0984297489836261,0.0189619132936992,4.190503558182868,0.0001500709113732,0.003193730838968,-3.1801086126465683,-658196000.0,1507333000.0,-1014862000.0,10969096000.0,978806500.0,3322500.0,-14544000.0,1042.1084778890788,18.08997955010225,-60.376278118609406,0.0863633699461943,4.975130002260909,-1.4906516732150117,0.0047519314608234,0.0194543536654059,2017-02-13,0.57,bmo,122833333.0,2025-04-25,2016-12-31,0.0350877192982456,31.555238095238096,4178431.3333333335
2016-09-30,DOC,USD,1574540,2016-11-03,2016-11-03 16:04:27,2016,Q3,70010000.0,19159000.0,50851000.0,0.7263390944,0,4917000.0,0.0,4917000.0,23969000.0,28886000.0,48045000.0,20482000.0,117860000.0,23969000.0,74820000.0,1.0687044708,21965000.0,0.3137408942,-119200000.0,10294000.0,0.1470361377,7758000.0,9863000.0,0.1408798743,0.07,0.07,134608396,138880787,https://www.sec.gov/Archives/edgar/data/1574540/000157454016000126/0001574540-16-000126-index.htm,https://www.sec.gov/Archives/edgar/data/1574540/000157454016000126/a10q2016q3.htm,0.5201012869955006,0.0732718039371036,0.2219920962433873,0.2094743035196705,0.0623735238625085,13.329785164366715,11.228890952686193,12.789090808273208,6.717679036900492,5108388628.200001,5886388628.200001,129.48364159484944,72.96655660905586,170.95203226691655,181.16780608575385,2.9673727842678472,2.9673727842678472,84.07925479502929,78.67399930767175,196.9877728465297,208.7593938433167,0.0019307458217945,0.0055197444932719,0.4568035554646797,0.2944589831602604,10.398289227479284,0.1167844015187039,0.186365179025963,2.902856032640373,0.006024404609726,3.120247389232485,0.0702328238823025,0.0,0.1058911941563224,0.0563884612810387,0.0240679902871018,0.0702991363844966,0.0128267390372803,4.591763764649286,0.0024909000356681,0.0041304956887977,-0.346975013356522,-467108000.0,1511503000.0,-814582000.0,11917142000.0,1121720500.0,1972500.0,-14199000.0,1419.9238680188544,10.437914296153243,-67.29683177618874,0.0633836799472723,8.622412241224122,-1.3373586486109172,0.005729242604932,0.0125177927237168,2016-11-01,0.71,bmo,99999999.0,2025-04-25,2016-09-30,0.0140845070422535,38.41,3653776.875
2016-06-30,DOC,USD,1574540,2016-08-04,2016-08-04 16:15:11,2016,Q2,53216000.0,13798000.0,39418000.0,0.7407170776,0,4926000.0,0.0,4926000.0,19799000.0,24725000.0,38523000.0,32787000.0,121333000.0,19799000.0,335653000.0,6.3073699639,14693000.0,0.2761011726,-202000.0,7184000.0,0.1349969934,4566000.0,6923000.0,0.1300924534,0.05,0.05,131481329,135944722,https://www.sec.gov/Archives/edgar/data/1574540/000157454016000107/0001574540-16-000107-index.htm,https://www.sec.gov/Archives/edgar/data/1574540/000157454016000107/a10q2016q208042016.htm,0.4047418778372707,0.0526538638805514,0.2996090798565019,0.2603639639206871,0.2885961093380795,13.826563922243286,11.819290326765712,13.219527161913613,5.7413094752031295,4651809420.02,5247406420.02,167.98387332153692,87.41373684643717,118.08720889548904,135.8867005526831,2.6763438333809906,2.6763438333809906,98.60580314228804,15.633426246808462,133.20657020333562,153.2850296503374,0.0014882380972456,0.0073590719027893,0.3644982138757888,0.2501239679862546,1.77444265357378,0.1814193747000715,0.1210964865288091,5.483435412026726,0.0053710282911574,3.608984544272714,0.0925661455201443,0.0,0.1041958820519623,0.13098773893839,0.0969633193024654,0.2606192231930905,0.0265709561034275,3.9574400354704897,0.0018087981371672,0.0030511332560303,1.2937616412441344,-361626000.0,1554016000.0,-634831000.0,11828062000.0,1165241000.0,1691000.0,-13449500.0,1926.1278562838245,11.238585302217713,-91.78721553848384,0.0467258700954782,8.008125362739408,-0.9805287094940308,0.003983036854166,0.0392451159358147,2016-08-09,0.7,bmo,42692098.0,2025-04-25,2016-06-30,0.0571428571428572,34.100625,4274186.125
2016-03-31,DOC,USD,1574540,2016-05-06,2016-05-06 16:07:34,2016,Q1,44134000.0,11037000.0,33097000.0,0.7499206961,0,4121000.0,0.0,4121000.0,16010000.0,20131000.0,31168000.0,18029000.0,122062000.0,16010000.0,316574000.0,7.1730185345,12966000.0,0.2937871029,-173770000.0,5424000.0,0.1228984456,4719000.0,4934000.0,0.1117958943,0.04,0.04,112769000,117648921,https://www.sec.gov/Archives/edgar/data/1574540/000157454016000091/0001574540-16-000091-index.htm,https://www.sec.gov/Archives/edgar/data/1574540/000157454016000091/a10q2016q1.htm,0.3913664216229637,0.0437531591128767,0.1786661227819702,0.1625269355940019,0.2031231987514299,12.485887078895797,10.457067101774424,11.734173398717733,4.45351115998191,3674014020.0,4031264020.0,186.157986420754,83.24679430824308,182.351301369863,200.45908009602795,2.7765057574111034,2.7765057574111034,91.3414605519554,12.734033811999725,200.08258983521932,219.95111414229595,0.0013429453380256,0.0049885492815838,0.2872894107013711,0.2053906981066426,1.1284881259989763,0.3769211549300685,0.1062247054775442,3.714601769911504,0.0054082537224504,4.027158492095663,0.0933747224362169,0.0,0.1236095893223375,0.0903315465554893,0.0412380477636289,0.1136789506558401,0.0268500475823628,3.39877345595056,0.0006770671025897,0.0030417285204894,4.143953568799936,-107230000.0,1179233000.0,-378004000.0,12186693000.0,1188103500.0,1151500.0,-6413500.0,2429.9306656999142,13.52813264474042,-104.59635770589834,0.0370380938314042,6.652802893309223,-0.8604506119903329,0.0037286954629167,0.0161391871879683,2016-05-09,0.69,bmo,66150000.0,2025-04-25,2016-03-31,0.0,32.938360655737704,5179730.377049181
2015-12-31,DOC,USD,1574540,2016-02-29,2016-02-29 16:05:06,2015,Q4,40404000.0,10047000.0,30357000.0,0.7513365013,0,3549000.0,0.0,3549000.0,14404000.0,17953000.0,28000000.0,23135000.0,122027000.0,14404000.0,-338561000.0,-8.3793931294,12404000.0,0.306999307,-614148000.0,5909000.0,0.1462478962,3783000.0,5544000.0,0.1372141372,0.07,0.07,92103021,96674237,https://www.sec.gov/Archives/edgar/data/1574540/000157454016000065/0001574540-16-000065-index.htm,https://www.sec.gov/Archives/edgar/data/1574540/000157454016000065/fy1510-k12312015.htm,0.4386826790404627,0.0601934653153233,0.2139017785312384,0.2028923676672885,0.034124830715379,11.980291069931354,9.752698556977844,11.086845891841053,6.640683371287029,3522019523.04,4008476523.04,158.8212266883117,87.17007036531037,178.7736421014162,188.47431492695452,3.4491324559802257,3.4491324559802257,99.20989315513316,-11.839746819745924,203.4656374316025,214.50615524375235,0.0015740968963212,0.0053057627528056,0.4794678846613366,0.2976525210791606,-1.4368370840114484,0.2190251691168134,0.1016496349168626,3.334066677948892,0.0046161016126245,2.9325396825396823,0.0878378378378378,0.0,0.1247319698626822,0.0514694685548956,0.025096525096525,0.0703971119133574,0.0215077715077715,3.8749842137813375,0.0027566635359481,0.0038507942263091,3.801832406778492,-330646000.0,898253000.0,-448720000.0,11728764000.0,1189252500.0,322000.0,-5950500.0,2638.7503712503712,5.768886234696924,0.0,0.0341070534676432,15.600931677018634,0.0,0.0054292686939592,0.0110094108639498,2016-02-09,0.78,bmo,60600000.0,2025-04-25,2015-12-31,0.0256410256410256,36.73328125,3720111.515625
2015-09-30,DOC,USD,1574540,2015-11-09,2015-11-09 07:12:39,2015,Q3,34870000.0,7966000.0,26904000.0,0.7715514769,0,4018000.0,0.0,4018000.0,12476000.0,16494000.0,24460000.0,19842000.0,122157000.0,12476000.0,391755000.0,11.2347289934,10410000.0,0.2985374247,-212772000.0,3983000.0,0.1142242615,3646000.0,3704000.0,0.1062231144,0.05,0.05,77996152,82465093,https://www.sec.gov/Archives/edgar/data/1574540/000157454015000032/0001574540-15-000032-index.htm,https://www.sec.gov/Archives/edgar/data/1574540/000157454015000032/a10q2015q3.htm,0.4470733376692737,0.0474895223036131,0.2460506000347299,0.2183697472665061,0.0604901636685871,11.129869586386777,8.87223256860159,10.401564425896291,8.851103321097174,2905356662.0,3468833662.0,196.09588701403888,83.31966337826212,151.39162430305873,170.5822370831376,3.581192066383822,3.581192066383822,99.47902672784627,8.854599589028858,180.75314793392732,203.66566827148893,0.0012748865047949,0.0058622750944028,0.7003668268247046,0.3842205805284601,1.4383402892113692,0.0719779035828321,0.0852182028045875,4.818227466733618,0.0055669585120286,4.366630669546436,0.1152279896759392,0.0,0.1190722364039017,0.1125006513469855,0.0619156868368224,0.1730522603398525,0.0282477774591339,3.3337996086165105,0.000611090301574,0.0028432424631813,3.634038253579485,-473746000.0,692000000.0,-573994000.0,11951690000.0,1235381000.0,548500.0,-11591000.0,3081.427588184686,0.0,-134.45769520461965,0.0292072415866894,0.0,-0.6693555163431645,0.0045656134365115,0.0276808527682237,2015-11-03,0.78,bmo,34900000.0,2025-04-25,2015-09-30,0.0128205128205128,37.96609375,3856898.328125
2015-06-30,DOC,USD,1574540,2015-08-10,2015-08-10 16:46:34,2015,Q2,29683000.0,7304000.0,22379000.0,0.7539332278,0,3989000.0,0.0,3989000.0,10351000.0,14340000.0,21644000.0,35945000.0,118632000.0,10351000.0,390219000.0,13.1462116363,8039000.0,0.2708284203,-158757000.0,3297000.0,0.1110736785,2520000.0,2996000.0,0.1009331941,0.04,0.04,77273900,81545476,https://www.sec.gov/Archives/edgar/data/1574540/000110465915058285/0001104659-15-058285-index.htm,https://www.sec.gov/Archives/edgar/data/1574540/000110465915058285/a15-11938_110q.htm,0.384127111482661,0.0387711762962656,0.1648033812192732,0.1546188299024638,0.2918061596476947,11.3942094290569,9.6827001096101,10.650840710770389,5.246350967144146,2818179133.0,3082404133.0,235.1618101635514,94.94253050567664,221.29400337652137,235.87036600267828,3.4241428437776418,3.4241428437776418,103.8440903210592,7.899164656257128,242.0419421279937,257.9849458486776,0.0010630977871199,0.0042396169427601,0.3484360267887518,0.2382920522229313,0.6771197712054,0.2240800585620168,0.0677641782992784,3.862602365787079,0.0056983602681441,5.360146862483311,0.1343866859818751,0.0,0.1098959995213784,0.0617981939536709,0.0265134925715055,0.0760313013235436,0.0362833945355927,3.0481595291694035,0.0016186850884929,0.0027968607198835,8.432180852784704,-173834000.0,748220000.0,-272779000.0,12185705000.0,1350811000.0,772500.0,-10969000.0,3871.549371694235,13.517250821467687,-139.00465498357065,0.0232465071110832,6.658158614402917,-0.6474603315308927,0.0036401986800027,0.0101845513168094,2015-08-04,0.76,bmo,66825000.0,2025-04-25,2015-06-30,0.0394736842105263,39.96984126984127,3546965.222222222
2015-03-31,DOC,USD,1574540,2015-05-08,2015-05-08 17:10:01,2015,Q1,24484000.0,5709000.0,18775000.0,0.7668273158,0,3352000.0,0.0,3352000.0,8240000.0,11592000.0,17301000.0,33262000.0,116780000.0,8240000.0,27015000.0,1.1033736318,7183000.0,0.2933752655,-258364000.0,-448000.0,-0.0182976638,1744000.0,-456000.0,-0.0186244078,-0.01,-0.01,72083126,72083126,https://www.sec.gov/Archives/edgar/data/1574540/000110465915036318/0001104659-15-036318-index.htm,https://www.sec.gov/Archives/edgar/data/1574540/000110465915036318/a15-7154_110q.htm,0.339663404719712,-0.0063260297562566,0.1349136828499918,0.1206523701538693,0.496288132676155,12.152636110703634,10.638093026098783,11.356804919919815,3.797449072893981,3114711874.46,3235889874.46,-1707.6271241557015,127.21417556199968,320.2788559856041,358.1363544279637,3.804767300722912,3.804767300722912,132.1634485566084,119.78122800148066,332.73931871053986,372.06966476486144,-0.0001464019846391,0.0027922325886107,0.1917242626130847,0.1472059365582856,4.485582084027392,0.5232124342290139,0.0615088200034252,-21.707589285714285,0.0050701318890813,-34.63157894736842,0.1369057343571312,0.0,0.102393812833718,0.105706940874036,0.0419866034961607,0.124757281553398,0.0354108805750694,,0.0265938081325996,-0.0004764721002597,12.607596956880034,-49204000.0,766827000.0,-136212000.0,10896994000.0,1361953000.0,574000.0,-8593500.0,5237.166312694005,7.062532842879663,-168.0031529164477,0.0171848657511324,12.743303571428571,-0.535704231960214,-0.0005570254839158,0.0142613126961225,2015-05-05,0.06,bmo,146999999.0,2025-04-25,2015-03-31,12.166666666666666,44.079180327868855,4232376.032786885
2014-12-31,DOC,USD,1574540,2015-03-12,2015-03-12 17:08:49,2014,Q4,19694000.0,3787000.0,15907000.0,0.8077079313,0,2573000.0,0.0,2573000.0,6166000.0,8739000.0,12526000.0,23341000.0,114987000.0,6166000.0,454257000.0,23.0657560678,7168000.0,0.3639687214,-127063000.0,1991000.0,0.1010967807,2364000.0,1711000.0,0.0868792526,0.04,0.04,53045640,53045640,https://www.sec.gov/Archives/edgar/data/1574540/000110465915019223/0001104659-15-019223-index.htm,https://www.sec.gov/Archives/edgar/data/1574540/000110465915019223/a15-1782_110k.htm,0.3712651972904842,0.0322552428437096,0.1102823907865,0.1037031507207755,0.3001754715373403,10.730552030289388,9.35466138216072,10.080564585515416,6.241643988082715,2335599529.2000003,2535781529.2000003,341.26235084745764,118.59447187976036,399.2477827692307,424.5772639883658,4.367810912423092,4.367810912423092,128.75909054534378,5.5822618676211935,433.4669280683761,460.9673748772951,0.0007325742185716,0.0023552839137128,0.4041385372056926,0.2662791886866615,0.4406800555632604,0.2052383076808684,0.0623374816283579,2.93822199899548,0.0045645667704221,6.230859146697838,0.1306489286076977,0.0,0.0899302958575507,0.0596581196581196,0.0177211333401035,0.0566007135906584,0.0376256727937442,2.7047918258007835,-0.0009020447606453,0.0023165824519217,14.038231982873617,-128265000.0,496224000.0,-209241000.0,10831607000.0,1049880500.0,666500.0,-247389500.0,5937.075251345587,16.635859519408502,-155.18880380248217,0.0151589791589052,5.41,-0.5799387442572741,0.003199745666037,0.0065792400657245,2015-02-10,0.77,bmo,39400000.0,2025-04-25,2014-12-31,0.0259740259740259,43.5696875,2835231.5625
2014-09-30,DOC,USD,1574540,2014-11-13,2014-11-13 16:20:14,2014,Q3,14161000.0,2531000.0,11630000.0,0.8212696843,0,4445000.0,0.0,4445000.0,4413000.0,8858000.0,11389000.0,17517000.0,111275000.0,4413000.0,475196000.0,33.5566697267,2772000.0,0.1957488878,-103471000.0,-2251000.0,-0.1589577007,1780000.0,-2094000.0,-0.1478709131,-0.06,-0.06,39872381,39872381,https://www.sec.gov/Archives/edgar/data/1574540/000110465914080410/0001104659-14-080410-index.htm,https://www.sec.gov/Archives/edgar/data/1574540/000110465914080410/a14-19887_110q.htm,0.3551581231128384,-0.0525175559493173,0.088632780670911,0.0769956527050641,0.4269872922813413,13.434462316158143,11.908819791825325,11.894925462314378,6.638555144223767,1583332249.51,1719727249.51,-189.0320259682426,111.80935311842384,448.0283671505376,515.7434037491856,3.3383983889440603,3.3383983889440603,121.4410881653838,3.618985112479903,486.6234435512167,560.1717425114007,-0.0013225272210858,0.0019389486956702,0.3234804830068377,0.2164924886617315,0.2870289312199597,0.2825604590178631,0.0249112558975511,-1.5699689027099066,0.0048802138669197,-3.690066857688634,0.3138902619871478,0.0,0.085839229421078,0.1312959818902093,0.0327660475955087,0.1051438930432812,0.0579761316291222,,0.0072001511167169,-0.0032323244796868,5.024787709567683,-64020000.0,474833000.0,-147784000.0,10836835000.0,800899500.0,665000.0,-455147500.0,5088.180919426594,22.50888976689056,-17361.67917819044,0.0176880502924692,3.998420221169036,-0.005183830381629,-0.0044151227442075,0.0116371279658468,2014-11-04,0.76,bmo,9466666.67,2025-04-25,2014-09-30,-0.0131578947368421,41.636875,2290251.28125
2014-06-30,DOC,USD,1574540,2014-08-13,2014-08-13 17:05:24,2014,Q2,11447000.0,2227000.0,9220000.0,0.8054512099,0,2408000.0,0.0,2408000.0,3736000.0,6144000.0,8371000.0,16937000.0,106842000.0,3736000.0,428901000.0,37.4684196733,3076000.0,0.2687166943,-98847000.0,-600000.0,-0.05241548,1644000.0,-561000.0,-0.0490084738,-0.02,-0.02,28728052,28728052,https://www.sec.gov/Archives/edgar/data/1574540/000110465914060432/0001104659-14-060432-index.htm,https://www.sec.gov/Archives/edgar/data/1574540/000110465914060432/a14-14184_110q.htm,0.3984607101101042,-0.0195279512860809,0.1493662013700058,0.1493662013700058,0.2331170940514866,13.090515152228212,11.44616418822968,11.707441910784622,6.467720122478196,1188766791.76,1261032791.76,-529.7534722638147,103.84963673975714,277.03723881612683,277.0372388161268,3.5345039774984244,3.5345039774984244,110.16273187385342,2.9401488729566965,293.8785345513866,293.8785345513866,-0.0004719176241198,0.0036096230393911,0.2347769465884899,0.1683100572948639,0.1684910970130636,1.0547343772866968,0.0287901761479567,-7.151666666666666,0.0040949999896891,-8.677361853832442,0.2103607932209312,0.0,0.1006901814337357,0.0,0.0,0.0,0.0440290032322879,,0.0150286745936568,-0.0013296580100636,10.564186530990684,748000.0,328826000.0,-78673000.0,10862868000.0,790866500.0,709500.0,-211022999.5,6299.308115663493,28.16793893129771,-17056.192186798384,0.0142872833567564,3.1951219512195124,-0.0052766760021419,-0.0016679947195033,0.0,2014-08-05,0.75,bmo,57000000.0,2025-04-25,2014-06-30,0.0,41.33365079365079,2884219.4285714286
2014-03-31,DOC,USD,1574540,2014-05-07,2014-05-07 07:22:01,2014,Q1,7991000.0,1609000.0,6382000.0,0.7986484795,0,2014000.0,0.0,2014000.0,2416000.0,4430000.0,6039000.0,16696000.0,106638000.0,2416000.0,434821000.0,54.4138405706,1952000.0,0.2442748092,-90675000.0,-3558000.0,-0.4452509073,833000.0,-3093000.0,-0.387060443,-0.15,-0.15,23386188,23386188,https://www.sec.gov/Archives/edgar/data/1574540/000110465914035426/0001104659-14-035426-index.htm,https://www.sec.gov/Archives/edgar/data/1574540/000110465914035426/a14-9811_110q.htm,0.341697415585644,-0.1322575530479785,-0.0162489072609866,-0.0162489072609866,0.4315367686259941,9.911961710048685,8.213865380711042,8.441692164622982,11.375090288336004,907150232.52,1056440232.52,-73.32284452958294,113.52149074208484,-2387.237454,-2387.237454,4.595050286547901,4.595050286547901,132.20375829307972,2.429598001292486,-2780.105875052632,-2780.105875052632,-0.0034095785781897,-0.0004188942320439,0.8073285752637791,0.3966196426038507,0.3433366833708584,1.7798254122211443,0.0183049194471014,0.1068015739179314,0.0053442085182876,-1.5674102812803103,0.2520335377299462,0.0,0.0988226979651662,0.0,0.0,0.0,0.0445501188837442,,0.0061526195483173,-0.0085409193707388,18.19203071915782,8040000.0,192091000.0,-151698000.0,10641107000.0,390684000.0,361000.0,0.0,8790.863471405331,40.38533250466128,5.593536357986327e-05,0.0102379021461031,2.2285318559556786,1609000.0,-0.0156671850227181,0.0,2014-05-06,0.74,bmo,4266666.67,2025-04-25,2014-03-31,0.0135135135135135,37.91475409836066,3538429.147540984
2013-12-31,DOC,USD,1574540,2014-03-21,2014-03-21 16:07:09,2013,Q4,6448000.0,1072000.0,5376000.0,0.8337468983,0,1707000.0,0.0,1707000.0,1984000.0,3691000.0,4763000.0,17548000.0,109158000.0,1984000.0,445462000.0,69.0852977667,503000.0,0.0780086849,-107829000.0,-638000.0,-0.0989454094,2186000.0,-501000.0,-0.0776985112,-0.04,-0.04,18751243,18751243,https://www.sec.gov/Archives/edgar/data/1574540/000110465914021828/0001104659-14-021828-index.htm,https://www.sec.gov/Archives/edgar/data/1574540/000110465914021828/a14-7067_110k.htm,0.3438705370091999,-0.0267182287595547,0.0641024171037621,-1.3034869208403943,3.011960327110048,12.843788542444893,11.599444367501397,11.32164945011912,8.105009358579588,681045145.76,667388145.76,-339.8428871057884,105.62114543424318,566.5932993011647,-27.86372415350625,3.208013122117808,3.208013122117808,103.50312434243176,1.4981932145951844,555.2314024625624,-27.30497282382784,-0.0007356340517498,-0.0358889570715967,0.2017051744035422,0.1462166222768558,-0.0306580583753496,6.509369676320272,0.0046079994136939,-1.884012539184953,0.0038969516434014,-5.297405189620759,0.2647332506203474,0.0,0.079672881240183,21.33444259567388,3.977047146401985,13.899186991869918,0.037531017369727,,0.0078380776295641,-0.0018588119186575,0.271062003729566,48510000.0,217504000.0,5292000.0,10699092000.0,773500.0,242500.0,-289896000.5,11.682692307692308,0.0,-8.395522388059701e-05,7.703703703703703,0.0,-1072000.0,-0.0023599236910902,1.3675893379441566,2014-02-11,0.74,bmo,3250000.0,2025-04-25,2013-12-31,0.027027027027027,39.1540625,3134127.71875
2013-09-30,DOC,USD,1574540,2013-11-12,2013-11-12 17:17:57,2013,Q3,3713000.0,1130000.0,2583000.0,0.6956638837,0,1285000.0,0.0,1285000.0,1146000.0,2431000.0,3561000.0,42078000.0,108088000.0,1146000.0,427046000.0,115.0137355238,-606000.0,-0.163210342,-106456000.0,-1416000.0,-0.3813627794,564000.0,-1154000.0,-0.3107998923,-0.1,-0.1,12611640,12611640,https://www.sec.gov/Archives/edgar/data/1574540/000110465913083714/0001104659-13-083714-index.htm,https://www.sec.gov/Archives/edgar/data/1574540/000110465913083714/a13-22663_110q.htm,0.2944105604029293,-0.0915027704564989,-0.0970667573765188,-8.01166818906978,0.3356423113885268,11.751366198210542,10.090916010923245,9.497495964045914,13.845384105477162,516446658.00000006,578738658.0,-111.88185831889082,139.09147805009428,-421.874605753608,-5.111295055362825,4.311662795648653,4.311662795648653,155.8682084567735,1.3552138598652137,-472.7596536758345,-5.727801690959373,-0.0022344998890475,-0.1956451328222168,0.5553978577213033,0.3015160785913386,0.1458671899514338,0.9038215395867616,-0.0056065428169639,0.8660118720433965,0.0001367517804713,-0.0612001733102253,0.346081335847024,0.0,0.0949124119020101,-81.537713276985,26.88287207110153,83.07568821847212,4.497710746027472,,-0.0016941832938583,-0.0057788416276903,-28.35170525007057,-526000.0,127263000.0,-67488000.0,10720268000.0,464617500.0,1524256.5,-598736000.0,17.20980339348236,38.6283185840708,-46178.123893805314,5.229577464788733,2.329896907216495,-0.0019489748047575,-0.0096344100384875,7.914601431693261,2013-10-29,0.77,bmo,1850000.0,2025-04-25,2013-09-30,0.0259740259740259,42.80765625,2899015.109375
2013-06-30,DOC,USD,1574540,2013-08-30,2013-08-30 09:44:37,2013,Q2,3322183.0,1260553.0,2061630.0,0.6205648515,0,339789.0,0.0,339789.0,1039480.0,1379269.0,2639822.0,14147000.0,108452000.0,1039479.0,408300000.0,122.9011165249,682361.0,0.205395368,-105164000.0,-283075.0,-0.0852075277,1059082.0,-261413.0,-0.0786871163,-0.0265,-0.0265,11731890,11731890,https://www.sec.gov/Archives/edgar/data/1574540/000110465913067306/0001104659-13-067306-index.htm,https://www.sec.gov/Archives/edgar/data/1574540/000110465913067306/a13-19016_110q.htm,0.2831754303867493,-0.022282258016398,0.0267887782786916,0.0261146328511433,256.6924043781522,1.551246815304269,1.1352057511620035,130.07307432988205,16.38671058115956,527348455.50000006,608777489.5,-504.3250101372159,158.7355228474771,1677.9413951756856,1721.2572068778684,0.3455749795380481,0.3455749795380481,183.24622379321067,1.4910053624785695,1937.0360137201185,1987.0403151050675,-0.0004957120804537,0.000580970697467,0.0549114818253961,0.7884154578912248,0.1994343228018613,0.762045787380091,0.0062918249548187,-1.110250323237033,0.0001330941605459,-0.2684908554662545,0.1022788329240141,0.0,0.0459241112583052,0.0251652173359679,0.0023806635576667,0.0076086193179467,1.8686508238709307,,0.0088874986523872,-0.0025779876952671,282.21854730993897,-912676.0,13318109.0,-85161014.0,10865392272.0,4102821000.0,1578043.5,-477612500.0,25154.31871152191,183.02774258599203,-44100.64471704086,0.0035779144341832,0.4917287331876218,-0.0020407864913871,-0.0001713056920595,0.0006741454275483,2013-08-30,,bmo,,2025-04-25,2013-06-30,,50.07578125,3302514.6875
2013-03-31,DOC,USD,1574540,2013-03-31,2013-03-30 20:00:00,2013,Q1,3315929.0,1263617.0,2052312.0,0.6189251941,0,357633.0,0.0,357633.0,1021013.0,1378646.0,2642263.0,12386000.0,109110000.0,1021013.0,429956000.0,129.6638136703,673666.0,0.2031605622,-96998000.0,-301353.0,-0.0908804139,1107523.0,-359476.0,-0.1084088351,-0.0282,-0.0282,11731890,11731890,,,0.2826423534485918,-0.030640928273279,0.0607649747824093,0.0386042658088338,6.290584381544662,10.989343234551296,10.558410963621377,10.989343234551296,13.316867699918769,589644791.4,562966374.4,-410.0724327910625,177.8218989007304,827.1212187608713,1301.9286585810144,4.57352172257018,4.57352172257018,169.77636565801015,1.3093581073412162,789.6982056087352,1243.0230324066406,-0.0006096483938177,0.0007680912417197,0.3654973591547247,0.2643165704995672,-0.0620491794509205,44.70188011874434,0.0061741911832096,-2.365624367436196,0.000119034376329,-0.1952508651481601,0.1078530330414191,0.0,0.028358119434169,0.364695436029222,0.0784054785250227,0.2546363268636148,1.6375501405488475,,0.0165227269918826,-0.0020752197958913,452.91191044239247,72649787.0,123870116.0,24959201.0,10955385437.0,3639549500.0,1462407.5,-168772499.5,197513.4359028797,42.20555753839969,-24041.343223460903,0.0004556652036788,2.13242059219608,-0.0037435512302063,-0.0027882401722554,0.0221607089735754,2013-08-30,-0.015,bmo,4429577.0,2025-04-25,2013-03-31,0.3333333333333334,47.54866666666667,2355230.183333333
2012-12-31,DOC,USD,1574540,2012-12-31,2012-12-30 19:00:00,2012,Q4,3392899.0,1297787.0,2095112.0,0.6174990767,0,307565.0,0.0,307565.0,1248539.0,1556104.0,2853891.0,0.0,107255000.0,1009044.0,409046000.0,120.559438993,-397385.0,-0.1171225551,-106712000.0,-1203991.0,-0.3548561275,1232771.0,-1326607.0,-0.3909951342,-0.11,-0.11,11731890,11731890,,,0.2892031036772421,-0.1130770063476558,0.0797940485292651,0.0103671275472238,0.222814567814734,1.6277695239215506,1.1808776761459576,1.6277695239215506,16.343830107510385,529812152.4,611687133.4,-99.84346388945632,156.153234269573,565.9569959460974,4356.076434315031,27.743485386802497,27.743485386802497,180.284509913204,1.495399376598231,653.417651727582,5029.246488415306,-0.0025039195382563,0.0002295643832423,4.424246967281923,0.7852716111278585,0.2001608156539851,0.9801131261811232,-0.0037050487156775,2.95450528641313,0.0018171534866439,-0.7257235941013428,0.0906496185120747,0.0,0.0487292867448048,0.8700764312839494,0.2400628489088534,0.8072086053730065,0.0,,-0.007716382192206,-0.0129615756284113,-7.193618803108451,-66886.0,13853927.0,-85198843.0,99830000.0,,,,52.57450929131695,161.73816658665868,6.934882226436233e-05,1.711856205852674,0.5564549289717486,1297787.0,-0.0694674551193437,0.0694269209820412,2012-12-30,,bmo,,2025-04-25,2012-12-31,,44.844193548387096,3022400.85483871
2012-09-30,DOC,USD,1574540,2012-09-30,2012-09-29 20:00:00,2012,Q3,3111000.0,1110000.0,2001000.0,0.6432015429,0,342000.0,0.0,342000.0,973000.0,1315000.0,2425000.0,10278000.0,103355000.0,1119433.0,368890000.0,118.5760205722,525000.0,0.168756027,-110463000.0,-678000.0,-0.2179363549,286000.0,239000.0,0.0768241723,0.0224,0.0224,11731890,11731890,,,0.2651746649516829,0.0203718241476863,0.06663342394107,0.0515379022476344,,,,,,520309321.5,,544.2566124476988,167.2482550626808,665.5818863401455,860.5317264739009,0.0,0.0,,,,,0.0004593421453818,0.0011620722040052,0.0,0.0,,0.0,0.005079580088046,-0.6105609607320458,0.0001357365649271,0.2955020920502092,0.1099324975891996,0.0,0.0,0.2265457903947112,0.0569267116682738,0.1582041980181038,0.0,,0.0,0.0,,,,,,,,,,,,0.0,0.0,0.0,0.0,0.0150955216934355,2012-09-29,,bmo,,2025-04-25,2012-09-30,,45.54539682539683,2435404.095238095
2012-06-30,DOC,USD,1574540,2012-06-30,2012-06-29 20:00:00,2012,Q2,3180757.0,1184759.0,1995998.0,0.627522945,0,267119.0,0.0,267119.0,1028795.0,1295914.0,2480673.0,1216000.0,102354000.0,1127387.0,376566000.0,118.3887986413,700084.0,0.2200998064,-101326000.0,-395089.0,-0.1242122551,795564.0,-63525.0,-0.0199716608,-0.0059,-0.0059,11731890,11731890,,,0.2711205952323112,-0.0054147285731455,0.0069860014030134,-0.029328778227549,,,,,,517962943.5,,-2038.42165879575,162.84266402620509,6319.781152771508,-1505.3473982945925,0.0,0.0,,,,,-0.0001226439087915,-0.0006642984876002,0.0,0.0,,0.0,0.0068398303925591,-3.762521232153514,0.0010950339346042,-8.928563557654467,0.0839796941419919,0.0,0.0,5.198221061750387,0.1339432719946855,0.3779012885548618,0.0,,0.0,0.0,,,,,,,,,,,,0.0,0.0,0.0,0.0,0.0363147796305625,2012-06-29,,bmo,,2025-04-25,2012-06-30,,40.83571428571429,2720864.9206349207
2012-03-31,DOC,USD,1574540,2012-03-31,2012-03-30 20:00:00,2012,Q1,3262645.0,1165413.0,2097232.0,0.6428011629,0,396589.0,0.0,396589.0,1060573.0,1457162.0,2622575.0,819000.0,103752000.0,1173180.0,368841000.0,113.0496882131,573217.0,0.1756908888,-103316000.0,-576240.0,-0.1766174377,1189558.0,-590158.0,-0.1808833017,-0.0552,-0.0552,11731890,11731890,,,0.278100544754511,-0.0503037447504195,0.1329968999027437,0.1291731340815503,,,,,,462940379.4,,-196.10866047736369,141.89112802649385,296.698645072598,305.4814786415872,0.0,0.0,,,,,-0.0012748034655453,0.0032735208839723,0.0,0.0,,0.0,0.0055248766288842,-2.858434397098157,0.0001516134757805,-0.1189308625825626,0.1215544443235473,0.0,0.0,0.0287507891085396,0.0137495804784155,0.0382379515504867,0.0,,0.0,0.0,,,,,,,,,,,,0.0,0.0,0.0,0.0,0.0038237658211933,2012-03-30,,bmo,,2025-04-25,2012-03-31,,40.55258064516129,3224810.0322580645
