date,symbol,reportedCurrency,cik,fillingDate,acceptedDate,calendarYear,period,revenue,costOfRevenue,grossProfit,grossProfitRatio,researchAndDevelopmentExpenses,generalAndAdministrativeExpenses,sellingAndMarketingExpenses,sellingGeneralAndAdministrativeExpenses,otherExpenses,operatingExpenses,costAndExpenses,interestIncome,interestExpense,depreciationAndAmortization,ebitda,ebitdaratio,operatingIncome,operatingIncomeRatio,totalOtherIncomeExpensesNet,incomeBeforeTax,incomeBeforeTaxRatio,incomeTaxExpense,netIncome,netIncomeRatio,eps,epsdiluted,weightedAverageShsOut,weightedAverageShsOutDil,link,finalLink,revenuePerShare,netIncomePerShare,operatingCashFlowPerShare,freeCashFlowPerShare,cashPerShare,bookValuePerShare,tangibleBookValuePerShare,shareholdersEquityPerShare,interestDebtPerShare,marketCap,enterpriseValue,peRatio,priceToSalesRatio,pocfratio,pfcfRatio,pbRatio,ptbRatio,evToSales,enterpriseValueOverEBITDA,evToOperatingCashFlow,evToFreeCashFlow,earningsYield,freeCashFlowYield,debtToEquity,debtToAssets,netDebtToEBITDA,currentRatio,interestCoverage,incomeQuality,dividendYield,payoutRatio,salesGeneralAndAdministrativeToRevenue,researchAndDdevelopementToRevenue,intangiblesToTotalAssets,capexToOperatingCashFlow,capexToRevenue,capexToDepreciation,stockBasedCompensationToRevenue,grahamNumber,roic,returnOnTangibleAssets,grahamNetNet,workingCapital,tangibleAssetValue,netCurrentAssetValue,investedCapital,averageReceivables,averagePayables,averageInventory,daysSalesOutstanding,daysPayablesOutstanding,daysOfInventoryOnHand,receivablesTurnover,payablesTurnover,inventoryTurnover,roe,capexPerShare,report_date,epsEstimated,time,revenueEstimated,updatedFromDate,fiscalDateEnding,surprise(%),QuarterAvgPrice,QuarterAvgVolume
2024-12-31,DUK,USD,1326160,2025-02-27,2025-02-27 12:18:05,2024,Q4,7360000000.0,185000000.0,7175000000.0,0.9748641304,0,0.0,0.0,0.0,5249000000.0,5249000000.0,5434000000.0,63000000.0,871000000.0,1627000000.0,3690000000.0,0.5013586957,2112000000.0,0.2869565217,-774000000.0,1338000000.0,0.1817934783,109000000.0,1205000000.0,0.1637228261,1.58,1.58,772000000,772000000,https://www.sec.gov/Archives/edgar/data/1326160/000132616025000072/0001326160-25-000072-index.htm,https://www.sec.gov/Archives/edgar/data/20290/000132616025000072/duk-20241231.htm,9.533678756476684,1.560880829015544,4.374352331606218,0.3730569948186528,15.217616580310882,66.39378238341969,41.38989637305699,64.93134715025907,111.52979274611398,83175280000.0,168091280000.0,17.25628215767635,11.300989130434782,24.629931892212017,288.80305555555555,1.659291000857821,1.659291000857821,22.838489130434784,45.55319241192412,49.77532721350311,583.6502777777778,0.0144874775293813,0.0034625672435367,1.7002812855347418,0.4573823540460334,23.01246612466125,0.6690086273699437,2.4247990815154994,2.752241238793806,0.0096422879490156,0.6655601659751037,0.0,0.0,0.1035885437070348,0.9147172046194848,0.4197010869565217,1.8985863552550704,0.0,47.75329451254992,0.0110905401262344,0.0072138409961685,-152.30634715025906,-6407000000.0,31953000000.0,-122137000000.0,137347000000.0,3416500000.0,4716000000.0,4423500000.0,57.130434782608695,2665.45945945946,2193.5675675675675,1.5753424657534247,0.0337652856360649,0.0410290530051009,0.0240389410896323,4.001295336787565,2025-02-13,1.65,bmo,7578141362.0,2025-05-11,2024-12-31,0.006060606060606,113.2865625,3375958.515625
2024-09-30,DUK,USD,1326160,2024-11-07,2024-11-07 11:01:29,2024,Q3,8154000000.0,2714000000.0,5440000000.0,0.6671572234,0,0.0,0.0,4130000000.0,1887000000.0,6017000000.0,8731000000.0,0.0,872000000.0,1692000000.0,4017000000.0,0.4926416483,2144000000.0,0.2629384351,-691000000.0,1453000000.0,0.178194751,163000000.0,1281000000.0,0.1571008094,1.6,1.6,772000000,773000000,https://www.sec.gov/Archives/edgar/data/1326160/000132616024000181/0001326160-24-000181-index.htm,https://www.sec.gov/Archives/edgar/data/17797/000132616024000181/duk-20240930.htm,10.562176165803107,1.6593264248704662,-6.329015544041451,0.6709844559585493,0.4870466321243523,65.08937823834196,40.08549222797927,63.64378238341969,111.26424870466322,89011600000.0,173659600000.0,17.37150663544106,10.916311012999754,-18.21768317642243,171.83706563706565,1.8116459406101804,1.8116459406101804,21.29747363257297,43.23116753796366,-35.542284076954566,335.25019305019305,0.0143913826961879,0.0058194662268738,1.730486638308265,0.4631794558905244,21.07244212098581,0.6967349515120216,2.458715596330275,2.68019747668678,0.0178628403488983,1.2412177985948478,0.0,0.0,0.1051556388437946,-1.1060171919770774,0.6627422124110866,-1.9579710144927536,0.0,48.745571311341294,0.0109595207942241,0.0077984695275259,-167.2943652849741,-5285000000.0,30946000000.0,-121175000000.0,136560000000.0,3417500000.0,3865000000.0,4364000000.0,23.852097130242825,131.08695652173913,143.85408990420044,3.77325312355391,0.6865671641791045,0.6256339326878746,0.0260720900413164,7.0,2024-11-07,1.7,bmo,8058263691.0,2025-04-25,2024-09-30,-0.0470588235294116,111.30046875,3031748.828125
2024-06-30,DUK,USD,1326160,2024-08-06,2024-08-06 10:56:09,2024,Q2,7172000000.0,3626000000.0,3546000000.0,0.4944227552,0,0.0,0.0,0.0,1839000000.0,1839000000.0,5465000000.0,0.0,824000000.0,1409000000.0,3304000000.0,0.4606804239,1707000000.0,0.2380089236,-636000000.0,1071000000.0,0.1493307306,140000000.0,900000000.0,0.1254880089,1.15,1.15,772000000,772000000,https://www.sec.gov/Archives/edgar/data/1326160/000132616024000167/0001326160-24-000167-index.htm,https://www.sec.gov/Archives/edgar/data/17797/000132616024000167/duk-20240630.htm,9.290155440414509,1.16580310880829,3.825129533678756,-0.0556994818652849,0.5051813471502591,65.81088082901555,40.806994818652846,64.38730569948187,109.06476683937824,76698200000.0,159682200000.0,21.305055555555555,10.694116006692694,25.97297663393159,-1783.679069767442,1.543006015249361,1.543006015249361,22.26466815393196,48.32996368038741,54.07456823569252,-3713.539534883721,0.0117343040645021,-0.0005606389719706,1.6773090309211982,0.4591711414016247,25.11622276029056,0.8110709210696292,2.0716019417475726,3.245054945054945,0.0102218826517441,0.8711111111111111,0.0,0.0,0.1063086878700261,1.0145614629190651,0.4177356385945343,1.913154533844189,0.0,41.0964198674961,0.0086219458411418,0.0055462433445079,-161.50064766839378,-2925000000.0,31503000000.0,-118212000000.0,137586000000.0,4286500000.0,3570500000.0,4335500000.0,58.65309537088677,93.74793160507448,108.9630446773304,1.5344458707744972,0.9600211808313476,0.8259681093394078,0.0181061017562918,3.8808290155440415,2024-08-06,1.02,bmo,6843042271.0,2025-04-25,2024-06-30,0.1568627450980391,100.02492063492063,2759248.26984127
2024-03-31,DUK,USD,1326160,2024-05-07,2024-05-07 11:40:29,2024,Q1,7671000000.0,3946000000.0,3725000000.0,0.4855950984,0,0.0,0.0,0.0,1762000000.0,1762000000.0,5708000000.0,0.0,817000000.0,1534000000.0,3683000000.0,0.4801199322,1963000000.0,0.2558988398,-631000000.0,1332000000.0,0.1736409855,178000000.0,1138000000.0,0.1483509321,1.44,1.44,771000000,771000000,https://www.sec.gov/Archives/edgar/data/1326160/000132616024000108/0001326160-24-000108-index.htm,https://www.sec.gov/Archives/edgar/data/17797/000132616024000108/duk-20240331.htm,9.949416342412452,1.476005188067445,3.2088197146562907,-0.9520103761348896,14.570687418936446,65.67833981841764,40.6420233463035,64.26848249027238,107.83398184176394,74069970000.0,155933970000.0,16.271961775043934,9.6558427845131,29.939357316087303,-100.91276566757492,1.4948229097293697,1.4948229097293697,20.32772389518967,42.33884604941624,63.02909054163298,-212.44410081743868,0.0153638512341776,-0.0099095490385644,1.6613791850820367,0.460754463536128,22.227531903339667,0.777756336034993,2.4026927784577725,2.168273444347064,0.0108816028952084,0.7082601054481547,0.0,0.0,0.1080371634857558,1.2966855295068715,0.418198409594577,2.091264667535854,0.0,46.1991753785653,0.01003035733474,0.0071407505945396,-144.91990920881972,-3455000000.0,31335000000.0,-115941000000.0,133831000000.0,4015000000.0,3796000000.0,4286500000.0,45.74501368791553,76.72579827673593,97.64064875823618,1.9674275455244936,1.1730083234244946,0.9217472553141788,0.0229662368065225,4.160830090791181,2024-05-07,1.38,bmo,7571938165.0,2025-04-25,2024-03-31,0.0434782608695652,94.86901639344262,3150522.081967213
2023-12-31,DUK,USD,1326160,2024-02-23,2024-02-23 13:27:16,2023,Q4,7212000000.0,3770000000.0,3442000000.0,0.477260122,0,0.0,0.0,0.0,1689000000.0,1689000000.0,5374000000.0,29000000.0,793000000.0,1546000000.0,3486000000.0,0.4833610649,1855000000.0,0.2572102052,-598000000.0,1257000000.0,0.1742928453,122000000.0,1005000000.0,0.1393510815,1.43,1.43,771000000,771000000,https://www.sec.gov/Archives/edgar/data/1326160/000132616024000037/0001326160-24-000037-index.htm,https://www.sec.gov/Archives/edgar/data/17797/000132616024000037/duk-20231231.htm,9.35408560311284,1.303501945525292,3.3527885862516213,-0.940337224383917,0.3281452658884565,65.09338521400778,40.05706874189365,63.69909208819715,105.38261997405966,74817840000.0,155021840000.0,18.611402985074623,10.374076539101498,28.943071566731145,-103.19702068965518,1.5234126079165988,1.5234126079165988,21.494986134220746,44.46983362019507,59.96976402321083,-213.82322758620688,0.0134326251599885,-0.0096902022298425,1.638235054569148,0.4548342783490585,23.00745840504877,0.7388184921599259,2.33921815889029,2.572139303482587,0.010772831720349,0.8019900497512438,0.0,0.0,0.1091224638623348,1.2742746615087042,0.456738768718802,2.4582089552238804,0.0126178591236827,43.22288208190302,0.0100478723365162,0.0063773082048353,-157.20979247730222,-4514000000.0,30884000000.0,-113937000000.0,131196000000.0,4103000000.0,3883500000.0,4205000000.0,51.55158069883528,100.93368700265252,102.46153846153848,1.7458242556281771,0.8916745506149479,0.8783783783783784,0.0204634305261443,4.272373540856031,2024-02-08,1.54,bmo,7237317895.0,2025-04-25,2023-12-31,-0.0194805194805194,90.95492063492064,3436505.26984127
2023-09-30,DUK,USD,1326160,2023-11-02,2023-11-02 11:09:00,2023,Q3,7994000000.0,4056000000.0,3938000000.0,0.4926194646,0,0.0,0.0,0.0,1827000000.0,1827000000.0,5883000000.0,0.0,774000000.0,1622000000.0,3813000000.0,0.4769827371,2111000000.0,0.2640730548,-596000000.0,1515000000.0,0.1895171379,42000000.0,1252000000.0,0.1566174631,1.59,1.59,771000000,771000000,https://www.sec.gov/Archives/edgar/data/1326160/000132616023000191/0001326160-23-000191-index.htm,https://www.sec.gov/Archives/edgar/data/17797/000132616023000191/duk-20230930.htm,10.368352788586252,1.6238651102464332,4.570687418936446,0.6212710765239948,0.4202334630350194,67.21919584954604,42.18287937743191,63.56160830090791,104.03631647211414,68048460000.00001,147162460000.0,13.587951277955272,8.51244183137353,19.310005675368902,142.06359081419626,1.3885740521568788,1.3885740521568788,18.409114335751813,38.59492787831104,41.76006242905789,307.2285177453027,0.0183986529599641,0.0070391012522546,1.6209851854874913,0.4384963568116582,20.748492001049044,0.7603729603729604,2.727390180878553,2.8146964856230032,0.0122265808807429,0.6645367412140575,0.0,0.0,0.106552219032899,0.8640749148694665,0.3809106830122592,1.87731196054254,0.0,48.19074866193069,0.0119896092466923,0.0077352230672754,-160.69357976653697,-4112000000.0,32523000000.0,-116286000000.0,132211000000.0,3951500000.0,3382000000.0,4109000000.0,45.87815861896422,78.52810650887574,91.37573964497042,1.9617177914110429,1.1460864651031364,0.9849441476444876,0.0255478920948455,3.949416342412451,2023-11-02,1.92,bmo,8136180000.0,2025-04-25,2023-09-30,0.0104166666666666,91.68126984126984,3024750.793650794
2023-06-30,DUK,USD,1326160,2023-08-08,2023-08-08 10:57:15,2023,Q2,6578000000.0,3493000000.0,3085000000.0,0.4689875342,0,0.0,0.0,0.0,1655000000.0,1655000000.0,5148000000.0,0.0,727000000.0,1572000000.0,2971000000.0,0.4516570386,1430000000.0,0.2173913043,-560000000.0,870000000.0,0.1322590453,119000000.0,-220000000.0,-0.0334448161,-0.29,-0.29,771000000,771000000,https://www.sec.gov/Archives/edgar/data/1326160/000132616023000172/0001326160-23-000172-index.htm,https://www.sec.gov/Archives/edgar/data/17797/000132616023000172/duk-20230630.htm,8.53177691309987,-0.2853437094682231,2.985732814526589,-1.059662775616083,0.6575875486381323,66.23994811932555,41.20363164721142,62.688715953307394,103.17250324254216,69189540000.0,147631540000.0,-78.62447727272728,10.5183247187595,30.05627280625543,-84.6873194614443,1.4315175966730804,1.4315175966730804,22.44322590453025,49.69085829686974,64.13185925282363,-180.69955936352508,-0.0031796713780724,-0.0118081432540236,1.630749177580535,0.4376985272884782,26.40255806125884,0.7532661870503597,1.9669876203576344,-11.284313725490197,0.0114323639093423,-3.595454545454545,0.0,0.0,0.1071936293564939,1.3549087749782798,0.4741562785041046,1.9840966921119592,0.0,,0.0072286610186547,-0.0013683889707848,-160.28145265888458,-4287000000.0,31768000000.0,-115917000000.0,130505000000.0,3749000000.0,3219500000.0,3982500000.0,52.37458193979933,83.09476095047238,105.6398511308331,1.7183908045977012,1.0831007751937984,0.8519512195121951,-0.0045517555293484,4.045395590142672,2023-08-08,0.98,bmo,6156230000.0,2025-04-25,2023-06-30,-0.0714285714285713,94.37887096774192,2974156.580645161
2023-03-31,DUK,USD,1326160,2023-05-09,2023-05-09 11:02:42,2023,Q1,7276000000.0,3985000000.0,3291000000.0,0.452308961,0,0.0,0.0,0.0,1617000000.0,1617000000.0,5602000000.0,0.0,720000000.0,1344000000.0,3019000000.0,0.4149257834,1674000000.0,0.2300714678,-549000000.0,1125000000.0,0.1546179219,155000000.0,804000000.0,0.1105002749,1.01,1.01,770000000,770000000,https://www.sec.gov/Archives/edgar/data/1326160/000132616023000148/0001326160-23-000148-index.htm,https://www.sec.gov/Archives/edgar/data/17797/000132616023000148/duk-20230331.htm,9.449350649350649,1.044155844155844,1.925974025974026,-2.15974025974026,0.7064935064935065,67.46883116883117,42.4,63.97402597402598,100.95974025974026,74281900000.0,150849900000.0,23.09760572139304,10.209167124793844,50.08894133513149,-44.66740829825616,1.5079557450263903,1.5079557450263903,20.73253161077515,49.96684332560451,101.71942009440323,-90.70950090198436,0.0108236326749854,-0.0223876879832099,1.5635200974421437,0.430675546459546,25.362040410732032,0.7689041523571651,2.325,1.8445273631840795,0.0109717172016332,1.013681592039801,0.0,0.0,0.1079386914048302,2.121375590020229,0.4323804288070368,2.3407738095238093,0.0,38.76821113536879,0.0084964003790933,0.0050398044254999,-157.9909090909091,-3701000000.0,32648000000.0,-114568000000.0,129563000000.0,4042500000.0,3984000000.0,3724500000.0,45.39582188015393,72.58720200752823,87.28983688833125,1.982561307901907,1.239887990043559,1.0310478654592496,0.0163215590742996,4.085714285714285,2023-05-09,1.26,bmo,6562070000.0,2025-04-25,2023-03-31,-0.0476190476190476,98.78645161290324,3001978.596774193
2022-12-31,DUK,USD,1326160,2023-02-27,2023-02-27 06:12:41,2022,Q4,6983000000.0,4044000000.0,2939000000.0,0.4208792782,0,0.0,0.0,0.0,1643000000.0,1643000000.0,5708000000.0,27000000.0,624000000.0,1429000000.0,2785000000.0,0.3988257196,1296000000.0,0.1855935844,-499000000.0,797000000.0,0.1141343262,45000000.0,-636000000.0,-0.0910783331,-0.83,-0.83,770000000,770000000,https://www.sec.gov/Archives/edgar/data/1326160/000132616023000073/0001326160-23-000073-index.htm,https://www.sec.gov/Archives/edgar/data/17797/000132616023000073/duk-20221231.htm,9.068831168831167,-0.825974025974026,0.9597402597402598,-3.220779220779221,0.5311688311688312,67.34155844155845,42.27272727272727,64.05454545454545,98.0974025974026,79302300000.0,153804300000.0,-31.172287735849057,11.356480022912788,107.31028416779432,-31.976733870967745,1.6078484246380926,1.6078484246380926,22.02553343835028,55.225960502693,208.12489851150204,-62.01786290322581,-0.0080199439360522,-0.031272737360707,1.5188151332062771,0.4206450815897937,26.75116696588869,0.7005775446404917,2.076923076923077,-1.1619496855345912,0.0099618800463542,-1.2421383647798745,0.0,0.0,0.1083914513212717,4.355886332882274,0.4609766575970213,2.2526242127361797,0.0,,0.0073059034860937,-0.0040054665801754,-156.7801948051948,-5651000000.0,32550000000.0,-113011000000.0,126442000000.0,4313500000.0,4464500000.0,3535500000.0,56.90247744522411,105.80118694362017,79.76261127596439,1.5816534541336351,0.8506520824568784,1.1283482142857142,-0.0128948542232675,4.1805194805194805,2023-02-09,1.06,bmo,5042947535.0,2025-04-25,2022-12-31,0.0471698113207547,95.99253968253969,3336630.412698413
2022-09-30,DUK,USD,1326160,2022-11-04,2022-11-04 10:06:29,2022,Q3,7968000000.0,4212000000.0,3756000000.0,0.4713855422,0,0.0,0.0,0.0,1657000000.0,1657000000.0,5954000000.0,18000000.0,621000000.0,1491000000.0,3537000000.0,0.4439006024,2056000000.0,0.2580321285,-538000000.0,1518000000.0,0.1905120482,128000000.0,1422000000.0,0.1784638554,1.81,1.81,770000000,770000000,https://www.sec.gov/Archives/edgar/data/1326160/000132616022000279/0001326160-22-000279-index.htm,https://www.sec.gov/Archives/edgar/data/17797/000132616022000279/duk-20220930.htm,10.348051948051948,1.8467532467532468,1.4974025974025975,-2.4389610389610388,0.5883116883116883,67.75194805194805,42.68311688311688,65.38311688311688,96.8051948051948,71625400000.0,145091400000.0,12.592369901547116,8.989131526104417,62.12090199479618,-38.13919062832801,1.4226914291389412,1.4226914291389412,18.20926204819277,41.02103477523325,125.83816131830008,-77.25846645367412,0.0198532922678267,-0.0262197488600412,1.4682490813387623,0.4191845298854486,20.770709640938648,0.7670293282876064,3.3107890499194848,0.8159943382873319,0.0113786450058219,0.5731364275668073,0.0,0.0,0.1094646705228535,2.628794449262793,0.3803965863453815,2.032863849765258,0.0,52.12289205523539,0.0113218732288526,0.0090551908149034,-154.30584415584417,-3940000000.0,32866000000.0,-111199000000.0,132469000000.0,4070000000.0,4073000000.0,3347500000.0,47.57530120481928,89.2094017094017,74.50854700854701,1.891737891737892,1.008862275449102,1.2079151132778894,0.0282451087496275,3.936363636363637,2022-11-03,1.84,bmo,7387727691.0,2025-04-25,2022-09-30,-0.0326086956521739,107.3978125,2411555.9375
2022-06-30,DUK,USD,1326160,2022-08-04,2022-08-04 11:34:23,2022,Q2,6685000000.0,3608000000.0,3077000000.0,0.4602842184,0,0.0,0.0,93000000.0,1588000000.0,1681000000.0,5289000000.0,19000000.0,607000000.0,1443000000.0,2874000000.0,0.4299177263,1448000000.0,0.2166043381,-491000000.0,957000000.0,0.1431563201,77000000.0,907000000.0,0.1356768886,1.14,1.14,770000000,770000000,https://www.sec.gov/Archives/edgar/data/1326160/000132616022000246/0001326160-22-000246-index.htm,https://www.sec.gov/Archives/edgar/data/17797/000132616022000246/duk-20220630.htm,8.681818181818182,1.1779220779220778,2.909090909090909,-0.4233766233766233,-9.457142857142856,66.9922077922078,41.92337662337663,64.57142857142857,93.2974025974026,82551700000.0,153355700000.0,22.754051819184124,12.348795811518324,36.8534375,-253.2260736196319,1.6603318584070796,1.6603318584070796,22.94026925953628,53.35967292971469,68.46236607142858,-470.4162576687117,0.0109870541733241,-0.0039490404195189,1.43266291230893,0.4132194009850159,24.63604732080724,0.6988031914893617,2.385502471169687,2.5454545454545454,0.0093880562120465,0.8544652701212789,0.0,0.0,0.1119773991634906,1.1455357142857143,0.3838444278234854,1.7782397782397783,0.0,41.36849652378267,0.0081744436435126,0.005925006532532,-160.42987012987012,-4983000000.0,32281000000.0,-109238000000.0,129393000000.0,3833000000.0,3573000000.0,3189500000.0,52.88257292445774,99.0548780487805,80.02217294900223,1.7018839103869654,0.9085872576177284,1.1246882793017456,0.0182421560740144,3.3324675324675326,2022-08-04,1.07,bmo,5897840639.0,2025-04-25,2022-06-30,0.0654205607476633,109.9616129032258,2922979.8387096776
2022-03-31,DUK,USD,1326160,2022-05-09,2022-05-09 11:50:25,2022,Q1,7132000000.0,3928000000.0,3204000000.0,0.4492428491,0,0.0,0.0,0.0,1851000000.0,1851000000.0,5697000000.0,18000000.0,587000000.0,1320000000.0,2750000000.0,0.3855860909,1314000000.0,0.1842400449,-508000000.0,806000000.0,0.1130117779,-14000000.0,857000000.0,0.1201626472,1.08,1.08,770000000,770000000,https://www.sec.gov/Archives/edgar/data/1326160/000132616022000179/0001326160-22-000179-index.htm,https://www.sec.gov/Archives/edgar/data/17797/000132616022000179/duk-20220331.htm,9.262337662337664,1.112987012987013,2.331168831168831,-0.9818181818181818,-10.745454545454546,66.56103896103896,41.49220779220779,64.21558441558442,92.2038961038961,85978200000.0,155535200000.0,25.081155192532087,12.05527201346046,47.898718662952646,-113.72777777777776,1.738830239048659,1.738830239048659,21.808076275939428,56.55825454545455,86.6491364902507,-205.73439153439156,0.0099676429606574,-0.008792926579063,1.423977672612547,0.4112253241443757,25.293454545454544,0.7158508914100487,2.238500851788757,2.1890243902439024,0.0092930533553854,0.9323220536756126,0.0,0.0,0.1127379978974418,1.4211699164345404,0.3576836791923724,1.7236486486486486,0.0,40.101122283960144,0.0082043428071507,0.0056412383077601,-160.84805194805196,-4383000000.0,31949000000.0,-108926000000.0,128491000000.0,3630000000.0,3353000000.0,3141000000.0,47.170499158721256,72.7469450101833,72.65529531568228,1.907972177635099,1.2371653543307086,1.238725953957742,0.0173320389920317,3.312987012987013,2022-05-09,1.33,bmo,6366714145.0,2025-04-25,2022-03-31,-0.0225563909774436,103.86032258064516,3053237.6612903224
2021-12-31,DUK,USD,1326160,2022-02-24,2022-02-24 13:35:41,2021,Q4,6238000000.0,3551000000.0,2687000000.0,0.4307470343,0,0.0,0.0,0.0,1620000000.0,1620000000.0,5159000000.0,16000000.0,592000000.0,1474000000.0,2523000000.0,0.4044565566,1067000000.0,0.171048413,-428000000.0,639000000.0,0.1024366784,-18000000.0,746000000.0,0.1195896121,0.94,0.94,663974573,663974573,https://www.sec.gov/Archives/edgar/data/1326160/000132616022000072/0001326160-22-000072-index.htm,https://www.sec.gov/Archives/edgar/data/17797/000132616022000072/duk-20211231.htm,9.39493807995566,1.1235370002640146,1.6009649212877313,-2.354005806183184,0.5135738834986984,77.01499738002768,47.94310097775386,74.24380692361242,103.70126025895271,69650932707.7,137572932707.7,23.341465384617965,11.165587160580314,65.52298467328316,-44.56233698509277,1.4129124616135182,1.4129124616135182,22.054012938073104,54.5275199,129.4195039583255,-88.018511009405,0.0107105529100478,-0.0224404747967891,1.3847573839662448,0.4025249576913324,26.921125644074515,0.6239407444604859,1.802364864864865,1.6009036144578312,0.0111125575769128,1.0375335120643432,0.0,0.0,0.1138235831755971,2.4703668861712136,0.4209682590573902,1.7815468113975577,0.0,43.32265507422836,0.0068339220339259,0.0049639349498283,-171.5622926421913,-5991000000.0,31833000000.0,-108511000000.0,119984000000.0,3475500000.0,3209500000.0,3005500000.0,50.8143635780699,89.49310053506055,78.84821177133203,1.771152754116979,1.0056641178136505,1.1414336226293795,0.0151330736773774,3.954970727470915,2022-02-10,0.96,bmo,6525514024.0,2025-04-25,2021-12-31,-0.0208333333333333,101.37703125,2674472.625
2021-09-30,DUK,USD,1326160,2021-11-04,2021-11-04 11:07:18,2021,Q3,6951000000.0,3426000000.0,3525000000.0,0.5071212775,0,0.0,0.0,0.0,1838000000.0,1838000000.0,5264000000.0,0.0,581000000.0,1436000000.0,3341000000.0,0.4806502661,1687000000.0,0.2426988922,-321000000.0,1366000000.0,0.1965184865,90000000.0,1405000000.0,0.20212919,1.79,1.79,769000000,769000000,https://www.sec.gov/Archives/edgar/data/1326160/000132616021000231/0001326160-21-000231-index.htm,https://www.sec.gov/Archives/edgar/data/17797/000132616021000231/duk-20210930.htm,9.039011703511052,1.8270481144343305,4.361508452535761,1.1716514954486346,-11.431729518855656,66.63198959687907,41.530559167750326,64.11833550065019,86.57217165149545,75046710000.0,140491710000.0,13.353507117437724,10.79653431160984,22.375286225402505,83.2926859045505,1.5220295292757622,1.5220295292757622,20.21172637030643,42.050796168811736,41.88780858676208,155.9286459489456,0.018721673475093,0.0120058560861628,1.3384103676962702,0.3951511014508373,19.58844657288237,0.6065826690665981,2.903614457831325,2.628526645768025,0.0106467025669746,0.5686832740213523,0.0,0.0,0.1155819815935859,0.7313655336911151,0.3528988634728816,1.708217270194986,0.0,51.34017812089709,0.0099471705877843,0.0095122677788008,-156.74414824447334,-6120000000.0,31937000000.0,-106331000000.0,124706000000.0,3258500000.0,2802000000.0,2957500000.0,44.39792835563229,75.86690017513135,76.18213660245185,2.027121609798775,1.1862880886426592,1.1813793103448276,0.0284949398665503,3.1898569570871262,2021-11-04,1.79,bmo,7019260000.0,2025-04-25,2021-09-30,0.0502793296089384,103.52515625,2798179.65625
2021-06-30,DUK,USD,1326160,2021-08-05,2021-08-05 12:36:39,2021,Q2,5758000000.0,2904000000.0,2854000000.0,0.4956582147,0,0.0,0.0,0.0,1685000000.0,1685000000.0,4589000000.0,0.0,572000000.0,1368000000.0,2666000000.0,0.4630079889,1169000000.0,0.2030218826,-435000000.0,734000000.0,0.1274748176,36000000.0,765000000.0,0.1328586315,0.96,0.96,769000000,769000000,https://www.sec.gov/Archives/edgar/data/1326160/000132616021000216/0001326160-21-000216-index.htm,https://www.sec.gov/Archives/edgar/data/17797/000132616021000216/duk-20210630.htm,7.487646293888166,0.9947984395318596,2.3211963589076725,-0.8270481144343304,-11.617685305591678,64.42782834850455,39.326397919375815,62.59037711313394,87.86605981794538,75915680000.0,142545680000.0,24.809045751633988,13.184383466481416,42.52979271708683,-119.36427672955976,1.5772392587052273,1.5772392587052273,24.756109760333448,53.46799699924981,79.85752380952381,-224.128427672956,0.0100769696062789,-0.0083777159079652,1.3919429901105294,0.405097197448378,24.99249812453113,0.5542532848066128,2.0437062937062938,2.5573065902578795,0.0099847620412541,0.9908496732026144,0.0,0.0,0.1167155425219941,1.3563025210084034,0.4204584925321292,1.769736842105263,0.0,37.42937634187573,0.0070606103053506,0.0052367848194849,-157.28283485045517,-7226000000.0,30242000000.0,-106855000000.0,122213000000.0,2936000000.0,2606500000.0,3045500000.0,48.26675929142064,84.17355371900827,93.44008264462808,1.8646373056994816,1.069219440353461,0.96318407960199,0.0158937920718025,3.1482444733420025,2021-08-05,1.1,bmo,5758000000.0,2025-04-25,2021-06-30,0.0454545454545452,100.4604761904762,3314536.206349206
2021-03-31,DUK,USD,1326160,2021-05-10,2021-05-10 14:08:17,2021,Q1,6150000000.0,3121000000.0,3029000000.0,0.4925203252,0,0.0,0.0,0.0,1579000000.0,1579000000.0,4700000000.0,0.0,535000000.0,1226000000.0,2786000000.0,0.4530081301,1450000000.0,0.2357723577,-425000000.0,1025000000.0,0.1666666667,84000000.0,992000000.0,0.161300813,1.25,1.25,769000000,769000000,https://www.sec.gov/Archives/edgar/data/1326160/000132616021000136/0001326160-21-000136-index.htm,https://www.sec.gov/Archives/edgar/data/17797/000132616021000136/duk-20210331.htm,7.99739921976593,1.2899869960988295,2.715214564369311,-0.165149544863459,-10.68660598179454,64.57477243172951,39.47334200260078,62.66059817945384,86.222366710013,74231570000.0,139622570000.0,18.70755292338709,12.070173983739837,35.55151819923372,-584.5005511811023,1.5405215207736689,1.5405215207736689,22.702856910569107,50.11578248384781,66.8690469348659,-1099.39031496063,0.0133635864093942,-0.0017108623729768,1.3649192711575977,0.4023491267243752,23.471284996410624,0.4908555933767957,2.710280373831776,2.218916046758767,0.0105480727404795,0.7893145161290323,0.0,0.0,0.118086440522436,1.060823754789272,0.3601626016260162,1.5992779783393505,0.0,42.6462838760139,0.0085450869272914,0.0068811475978413,-153.96488946684005,-8825000000.0,30355000000.0,-105299000000.0,119647000000.0,2968500000.0,2820500000.0,3121500000.0,40.74146341463415,72.00576738224929,88.7023389939122,2.209051724137931,1.249899879855827,1.0146293888166449,0.0205868924583904,2.8803641092327696,2021-05-10,1.2,bmo,6223240000.0,2025-04-25,2021-03-31,0.05,91.26508196721312,3273502.0
2020-12-31,DUK,USD,1326160,2021-02-25,2021-02-25 14:46:09,2020,Q4,5777000000.0,3213000000.0,2564000000.0,0.443828977,0,0.0,0.0,0.0,2490000000.0,2490000000.0,4768000000.0,32000000.0,535000000.0,1208000000.0,1424000000.0,0.2464947204,74000000.0,0.0128094167,-393000000.0,-319000000.0,-0.0552189718,-162000000.0,-63000000.0,-0.0109053142,-0.13,-0.13,533292701,3000000,https://www.sec.gov/Archives/edgar/data/1326160/000132616021000063/0001326160-21-000063-index.htm,https://www.sec.gov/Archives/edgar/data/17797/000132616021000063/duk-20201231.htm,10.832700296042493,-0.1181340001126323,3.919048575165105,-0.7669334293026449,-15.524307729087033,92.22702637364615,55.47797662432286,89.93935208575074,121.15485525836964,48828279703.56,112645279703.56,-193.76301469666663,8.452186204528301,23.362813255291865,-119.38454695246944,1.018019341663748,1.018019341663748,19.49892326528648,79.10483125249999,53.897263016057416,-275.4163317935452,-0.0012902359121082,-0.0083762934611472,1.3359186056208825,0.3945858068330172,44.815308988764045,0.5324747010119595,0.1383177570093458,-13.933333333333334,0.0143154746438678,-11.095238095238097,0.0,0.0,0.1206862576052417,1.195693779904306,0.432577462350701,1.77864768683274,0.0,,0.0002377381796671,-0.0004412073674627,-220.3944471387018,-7623000000.0,29586000000.0,-104522000000.0,120281000000.0,3096000000.0,2815000000.0,3178500000.0,49.12065085684611,88.0672268907563,88.71148459383754,1.8322232794164288,1.0219465648854962,1.0145247868645406,-0.0013134851138353,4.685982004467749,2021-02-11,1.02,bmo,5777000000.0,2025-04-25,2020-12-31,0.0098039215686274,92.50203125,3113659.078125
2020-09-30,DUK,USD,1326160,2020-11-05,2020-11-05 11:39:29,2020,Q3,6721000000.0,3340000000.0,3381000000.0,0.5030501413,0,0.0,0.0,0.0,1567000000.0,1567000000.0,4907000000.0,0.0,522000000.0,1430000000.0,3270000000.0,0.4865347419,1814000000.0,0.2699003125,-475000000.0,1339000000.0,0.1992263056,105000000.0,1304000000.0,0.1940187472,1.74,1.74,735000000,735000000,https://www.sec.gov/Archives/edgar/data/1326160/000132616020000224/0001326160-20-000224-index.htm,https://www.sec.gov/Archives/edgar/data/17797/000132616020000224/duk-20200930x10q.htm,9.14421768707483,1.7741496598639457,4.638095238095239,1.5020408163265306,-10.214965986394558,64.34693877551021,38.0843537414966,62.59319727891157,89.85578231292517,65091600000.0,130305600000.0,12.479217791411042,9.684808808213065,19.094045174537985,58.95978260869565,1.4148502369256184,1.4148502369256184,19.38782919208451,39.84880733944954,38.22399530654151,118.0304347826087,0.0200333069090328,0.0169607138248253,1.4242055384080337,0.4059377110322225,19.94311926605505,0.5199185287246151,3.475095785440613,2.7625607779578605,0.011092061033989,0.553680981595092,0.0,0.0,0.1195906052326698,0.6761513640363743,0.3429549174230025,1.611888111888112,0.0,49.98618051420813,0.0109400697190725,0.0091762487157474,-160.20102040816326,-8014000000.0,27992000000.0,-105435000000.0,118626000000.0,2920500000.0,2442000000.0,3239500000.0,40.694837077815805,66.9880239520958,85.95808383233533,2.211582757486015,1.343523732904264,1.0470219435736676,0.0283441290266486,3.136054421768708,2020-11-05,1.79,bmo,6420620111.0,2025-04-25,2020-09-30,0.0446927374301676,82.4253125,3558586.828125
2020-06-30,DUK,USD,1326160,2020-08-10,2020-08-10 12:32:40,2020,Q2,5421000000.0,2761000000.0,2660000000.0,0.4906843756,0,0.0,0.0,0.0,1483000000.0,1483000000.0,4244000000.0,0.0,554000000.0,1350000000.0,586000000.0,0.1080981369,1177000000.0,0.2171186128,-2385000000.0,-1208000000.0,-0.2228371149,-316000000.0,-802000000.0,-0.1479431839,-1.13,-1.13,735000000,735000000,https://www.sec.gov/Archives/edgar/data/1326160/000132616020000201/0001326160-20-000201-index.htm,https://www.sec.gov/Archives/edgar/data/17797/000132616020000201/duk-20200630x10q.htm,7.375510204081633,-1.091156462585034,2.453061224489796,-0.636734693877551,-9.691156462585036,63.416326530612245,37.15374149659864,61.882993197278914,90.63265306122447,58719150000.0,124439150000.0,-18.303974438902745,10.831793027116769,32.56747088186356,-125.46826923076924,1.290984741887257,1.290984741887257,22.955017524441985,212.35349829351537,69.01783139212424,-265.89561965811964,-0.0136582358566157,-0.0079701426195712,1.4524008442529242,0.4127548438290773,112.15017064846415,0.5534451767525465,2.124548736462094,-2.0213004484304933,0.0116486699824503,-0.8528678304239401,0.0,0.0,0.1206068141631625,1.259567387687188,0.4189263973436635,1.6822222222222225,0.0,,0.0057215883576246,-0.0056982081195913,-158.93197278911563,-7453000000.0,27308000000.0,-104201000000.0,117755000000.0,2719500000.0,2381000000.0,3306500000.0,46.51909241837299,78.16733067729083,107.21115537848604,1.9346895074946464,1.151376146788991,0.8394648829431438,-0.0176325740919883,3.089795918367347,2020-08-10,1.04,bmo,5170027777.0,2025-04-25,2020-06-30,0.0384615384615384,84.49730158730159,3766162.1746031744
2020-03-31,DUK,USD,1326160,2020-06-02,2020-06-02 11:19:41,2020,Q1,5949000000.0,2985000000.0,2964000000.0,0.4982349975,0,0.0,0.0,-98000000.0,1476000000.0,1378000000.0,4461000000.0,0.0,551000000.0,1301000000.0,2692000000.0,0.4525130274,1488000000.0,0.2501260716,-461000000.0,1027000000.0,0.1726340561,137000000.0,938000000.0,0.1576735586,1.24,1.24,734000000,736000000,https://www.sec.gov/Archives/edgar/data/1326160/000132616020000172/0001326160-20-000172-index.htm,https://www.sec.gov/Archives/edgar/data/17797/000132616020000172/duk-20200331x10qa.htm,8.10490463215259,1.2779291553133516,2.11716621253406,-1.7411444141689374,-6.9959128065395095,65.50817438692098,39.20980926430518,63.92506811989101,90.4441416893733,59365920000.0,123750920000.0,15.822473347547971,9.97914271306102,38.20200772200772,-46.45220657276995,1.265231346305492,1.265231346305492,20.80197007900487,45.96988112927192,79.63379665379665,-96.83170579029732,0.0158003110201947,-0.0215275026479838,1.4031030881694764,0.4112836723474437,23.91716196136701,0.6711272247857614,2.7005444646098,1.746067415730337,0.0119091896495497,0.753731343283582,0.0,0.0,0.1205894847318706,1.8223938223938223,0.4760463943519919,2.1767870868562644,0.0,42.87264205621713,0.0084274658718559,0.0066633989017468,-154.6106948228883,-4989000000.0,28780000000.0,-101808000000.0,119055000000.0,2848500000.0,2925500000.0,3278000000.0,39.89409984871407,71.27638190954774,100.2211055276382,2.255972696245734,1.262690355329949,0.898014440433213,0.0199910487841265,3.858310626702997,2020-05-12,1.19,bmo,6209921052.0,2025-04-25,2020-03-31,-0.0420168067226891,91.85193548387096,4414487.596774193
2019-12-31,DUK,USD,1326160,2020-02-20,2020-02-20 14:37:25,2019,Q4,6103000000.0,3503000000.0,2600000000.0,0.4260199902,0,0.0,0.0,0.0,1507000000.0,1507000000.0,4982000000.0,31000000.0,547000000.0,1184000000.0,2440000000.0,0.3998033754,1109000000.0,0.1817139112,-400000000.0,709000000.0,0.1161723742,95000000.0,674000000.0,0.1104374898,0.88,0.88,729000000,1000000,https://www.sec.gov/Archives/edgar/data/1326160/000132616020000034/0001326160-20-000034-index.htm,https://www.sec.gov/Archives/edgar/data/17797/000132616020000034/duk-20191231x10k.htm,8.371742112482853,0.9245541838134432,3.5281207133058983,-0.6392318244170097,-10.138545953360769,65.77640603566529,38.95610425240055,64.22770919067216,86.74897119341564,66492089999.99999,128874090000.0,24.66323813056379,10.894984433884972,25.8522900466563,-142.68688841201714,1.4201035837854,1.4201035837854,21.116514828772736,52.81725,50.10656687402799,-276.55384120171675,0.0101365440611056,-0.00700835242207,1.3389645892956303,0.3946977423538448,25.56639344262295,0.6211361171366594,2.027422303473492,4.237232289950577,0.0101967015926255,1.0059347181008902,0.0,0.0,0.1230939699568113,1.1811819595645412,0.4977879731279698,2.258736059479554,0.0,36.55263243738068,0.0063872746109347,0.0048389644328934,-156.8820301783265,-5589000000.0,28399000000.0,-101724000000.0,117748000000.0,3068500000.0,3216500000.0,3169500000.0,45.12534818941505,89.58892377961747,83.0373965172709,1.9944444444444445,1.0045884714654432,1.08384900990099,0.0143949425483746,4.167352537722908,2020-02-13,0.87,bmo,5834736263.0,2025-04-25,2019-12-31,0.0459770114942529,91.676875,3683671.640625
2019-09-30,DUK,USD,1326160,2019-11-08,2019-11-08 11:23:12,2019,Q3,6940000000.0,3510000000.0,3430000000.0,0.4942363112,0,0.0,0.0,0.0,1501000000.0,1501000000.0,5011000000.0,0.0,572000000.0,1186000000.0,3269000000.0,0.471037464,1929000000.0,0.2779538905,-418000000.0,1511000000.0,0.2177233429,188000000.0,1342000000.0,0.1933717579,1.82,1.82,729000000,729000000,https://www.sec.gov/Archives/edgar/data/1326160/000132616019000229/0001326160-19-000229-index.htm,https://www.sec.gov/Archives/edgar/data/17797/000132616019000229/duk-20190930x10q.htm,9.519890260631,1.840877914951989,3.540466392318244,-0.0521262002743484,-9.437585733882033,65.03017832647463,38.55144032921811,63.70096021947874,85.61179698216735,69881940000.0,131341940000.0,13.018245156482864,10.069443804034584,27.07552886478109,-1838.998421052632,1.50484387785865,1.50484387785865,18.925351585014408,40.17801774242888,50.88800464936071,-3456.366842105263,0.0192038171808052,-0.0005437742569825,1.3316464964038073,0.39661486560157,18.80085653104925,0.7183719193427931,3.3723776223776225,1.9508692365835223,0.0097020775324783,0.5052160953800298,0.0,0.0,0.1238030490581527,1.0147229755908562,0.3773775216138328,1.942878338278932,0.0,51.36611766192435,0.0114050188952784,0.0098232977586484,-152.98868312757202,-3771000000.0,28104000000.0,-98891000000.0,116147000000.0,2938000000.0,2729000000.0,3148000000.0,39.903458213256485,75.53846153846153,79.66666666666667,2.255443613909652,1.1914460285132382,1.1297071129707112,0.0288987467160515,3.592592592592593,2019-11-08,1.68,bmo,6513519553.0,2025-04-25,2019-09-30,0.0654761904761905,91.00125,2622463.1875
2019-06-30,DUK,USD,1326160,2019-08-06,2019-08-06 11:10:51,2019,Q2,5873000000.0,3151000000.0,2722000000.0,0.4634769283,0,0.0,0.0,0.0,1424000000.0,1424000000.0,4575000000.0,0.0,542000000.0,1245000000.0,2676000000.0,0.4556444747,1298000000.0,0.2210114081,-409000000.0,889000000.0,0.1513706794,141000000.0,832000000.0,0.1416652477,1.12,1.12,728000000,728000000,https://www.sec.gov/Archives/edgar/data/1326160/000132616019000189/0001326160-19-000189-index.htm,https://www.sec.gov/Archives/edgar/data/17797/000132616019000189/duk-20190630x10q.htm,8.067307692307692,1.1428571428571428,2.495879120879121,-1.5274725274725274,-9.418956043956044,62.26923076923077,35.75412087912088,62.10576923076923,86.36950549450549,64071280000.0,126070280000.0,19.2521875,10.909463647199049,35.26212438084755,-57.61805755395684,1.417098622077721,1.417098622077721,21.46607866507747,47.11146487294469,69.38375343973583,-113.37255395683454,0.0129855373577677,-0.0173556701224011,1.378696392630438,0.4062261728652516,23.168535127055307,0.707146575444337,2.394833948339484,2.429144385026738,0.0103478500819712,0.796875,0.0,0.0,0.1257942378249451,1.61199779856907,0.4987229695215392,2.352610441767068,0.0,39.96255115111514,0.0074551718081378,0.0062021976055939,-152.85748626373626,-3938000000.0,26029000000.0,-98608000000.0,114298000000.0,2777500000.0,2525000000.0,3145500000.0,42.89289971053976,71.74865122183434,91.08536972389716,2.098249374776706,1.2543789808917198,0.9880840388836626,0.0184017870966315,4.023351648351649,2019-08-06,0.98,bmo,5138874999.0,2025-04-25,2019-06-30,0.142857142857143,88.38555555555556,3174997.365079365
2019-03-31,DUK,USD,1326160,2019-05-09,2019-05-09 11:20:04,2019,Q1,6163000000.0,3355000000.0,2808000000.0,0.4556222619,0,0.0,0.0,0.0,1435000000.0,1435000000.0,4790000000.0,0.0,543000000.0,1238000000.0,2769000000.0,0.4492941749,1373000000.0,0.2227811131,-385000000.0,988000000.0,0.1603115366,95000000.0,900000000.0,0.1460327762,1.24,1.24,727000000,727000000,https://www.sec.gov/Archives/edgar/data/1326160/000132616019000151/0001326160-19-000151-index.htm,https://www.sec.gov/Archives/edgar/data/17797/000132616019000151/duk-20190331x10q.htm,8.477303988995873,1.237964236588721,1.704264099037139,-1.7840440165061895,-9.026134800550206,61.96011004126547,35.40852819807428,61.939477303988994,84.23933975240715,64906560000.0,125228560000.0,18.0296,10.531650170371572,52.386246973365616,-50.04360832690825,1.4414070619586945,1.4414070619586945,20.319415868895017,45.22519321054532,101.07228410008072,-96.55247494217424,0.0138660868793539,-0.0199825718694689,1.3479680213191203,0.4016184099089562,21.78475984109787,0.7464582315583781,2.528545119705341,1.387458006718925,0.0099989893163341,0.7211111111111111,0.0,0.0,0.12771940503917,2.04681194511703,0.4114879117312996,2.048465266558966,0.0,41.53642135578227,0.0085950020032051,0.0068268187783028,-149.9793672627235,-3114000000.0,25742000000.0,-96923000000.0,113608000000.0,2945000000.0,3012500000.0,3093000000.0,40.246633133214345,68.08345752608048,83.21311475409837,2.236211901306241,1.321907013396375,1.0815602836879432,0.0199866755496335,3.4883081155433286,2019-05-09,1.23,bmo,6113298387.0,2025-04-25,2019-03-31,0.008130081300813,88.1727868852459,3500820.918032787
2018-12-31,DUK,USD,1326160,2019-02-28,2019-02-28 15:36:52,2018,Q4,6115000000.0,3758000000.0,2357000000.0,0.3854456255,0,0.0,0.0,0.0,1673000000.0,1673000000.0,5179000000.0,20000000.0,544000000.0,1249000000.0,2072000000.0,0.3388389207,871000000.0,0.1424366312,-438000000.0,433000000.0,0.0708094849,-1000000.0,464000000.0,0.0758789861,0.64,0.64,749941410,708000000,https://www.sec.gov/Archives/edgar/data/1326160/000132616019000057/0001326160-19-000057-index.htm,https://www.sec.gov/Archives/edgar/data/17797/000132616019000057/duk-20181231x10k.htm,8.153970321494848,0.6187150006825199,2.0254915647343705,-1.4907831266445202,-7.879282196191833,58.44989943947755,32.38252972322198,58.42723100195254,77.98342539852547,64719943683.0,122216943683.0,34.870659311961205,10.583801092886343,42.60694120013166,-57.88903728354204,1.477051000365155,1.477051000365155,19.98641760964841,58.985011430019306,80.45881743449638,-109.31748093291591,0.0071693511087198,-0.0172744278869585,1.3222949996576672,0.3985019808517662,27.74951737451737,0.6458347184362742,1.6011029411764706,3.273706896551724,0.0098269553990211,1.3706896551724137,0.0,0.0,0.1344571915923847,1.7360105332455562,0.4312346688470973,2.11128903122498,0.011937857726901,28.51965280395509,0.00636458876657,0.0036871339685163,-138.11012249610272,-5327000000.0,24285000000.0,-91844000000.0,105916000000.0,3106500000.0,3360500000.0,3112000000.0,46.12591986917416,83.50984566258649,73.85843533794572,1.951180599872368,1.077717235445942,1.2185473411154344,0.0105894972271036,3.5162746913788907,2019-02-14,0.89,bmo,6478988095.0,2025-04-25,2018-12-31,-0.0561797752808989,85.11619047619047,4092728.460317461
2018-09-30,DUK,USD,1326160,2018-11-02,2018-11-02 11:21:45,2018,Q3,6628000000.0,3573000000.0,3055000000.0,0.4609233555,0,0.0,0.0,0.0,1476000000.0,1476000000.0,5049000000.0,0.0,517000000.0,1197000000.0,2944000000.0,0.4441762221,1579000000.0,0.2382317441,-349000000.0,1230000000.0,0.1855763428,168000000.0,1082000000.0,0.1632468316,1.51,1.51,713000000,714000000,https://www.sec.gov/Archives/edgar/data/1326160/000132616018000201/0001326160-18-000201-index.htm,https://www.sec.gov/Archives/edgar/data/17797/000132616018000201/duk-20180930x10q.htm,9.29593267882188,1.517531556802244,3.3169705469845723,-0.0168302945301542,-9.44039270687237,60.32678821879383,33.25385694249649,60.3015427769986,80.46283309957924,56719150000.0,113269150000.0,13.10516404805915,8.557506035003017,23.98272727272727,-4726.595833333334,1.319203395743691,1.319203395743691,17.089491550995774,38.4745754076087,47.89393234672304,-9439.095833333333,0.0190764494884003,-0.0002115687558787,1.3223165484358643,0.3971152167079942,19.208559782608692,0.6838097974428962,3.0541586073500966,2.2185741088180118,0.0112131440615735,0.5878003696857671,0.0,0.0,0.1348304404009359,1.00507399577167,0.3586300543150271,1.985797827903091,0.0,45.37580431219931,0.0100548842997372,0.0087355282491805,-144.46528751753155,-4402000000.0,23710000000.0,-90632000000.0,104766000000.0,2948000000.0,2960000000.0,3158500000.0,41.80899215449608,81.46095717884131,79.09319899244332,2.1526469632997727,1.1048237476808906,1.1378980891719743,0.0251657169438306,3.3338008415147264,2018-11-02,1.52,bmo,6105793939.0,2025-04-25,2018-09-30,0.0855263157894736,80.86555555555555,3520420.73015873
2018-06-30,DUK,USD,1326160,2018-08-02,2018-08-02 13:29:20,2018,Q2,5643000000.0,3207000000.0,2436000000.0,0.4316852738,0,0.0,0.0,0.0,1457000000.0,1457000000.0,4664000000.0,0.0,518000000.0,1161000000.0,2328000000.0,0.4125465178,979000000.0,0.1734892788,-372000000.0,607000000.0,0.107566897,100000000.0,500000000.0,0.0886053518,0.71,0.71,703000000,704000000,https://www.sec.gov/Archives/edgar/data/1326160/000132616018000176/0001326160-18-000176-index.htm,https://www.sec.gov/Archives/edgar/data/17797/000132616018000176/duk-20180630x10q.htm,8.027027027027026,0.7112375533428165,2.7183499288762447,-0.5362731152204836,-9.145092460881935,60.47652916073969,32.88620199146515,60.465149359886205,80.45803698435277,55593240000.0,111333240000.0,27.79662,9.851717171717173,29.09117739403453,-147.462175066313,1.307860822923283,1.307860822923283,19.729441786283893,47.82355670103093,58.25915227629513,-295.31363395225463,0.0089938992582551,-0.0067814000407243,1.3184651939680525,0.3995750718313976,23.943298969072163,0.6626534281916973,1.88996138996139,3.784158415841584,0.0107926791099061,1.2,0.0,0.0,0.1382870261444898,1.1972789115646258,0.4054580896686159,1.9707149009474592,0.0,31.10650109057192,0.0061183771802465,0.004136915350438,-142.91856330014224,-4315000000.0,23119000000.0,-89268000000.0,103576000000.0,2780000000.0,2538500000.0,3163000000.0,44.92822966507177,75.37885874649204,89.15809167446211,2.0031948881789137,1.193968726731199,1.0094428706326724,0.0117627684851906,3.254623044096728,2018-08-02,1.03,bmo,6189096774.0,2025-04-25,2018-06-30,-0.0970873786407766,76.9109375,3546932.59375
2018-03-31,DUK,USD,1326160,2018-05-10,2018-05-10 11:08:40,2018,Q1,6135000000.0,3453000000.0,2682000000.0,0.4371638142,0,0.0,0.0,0.0,1426000000.0,1426000000.0,4879000000.0,0.0,515000000.0,1089000000.0,2407000000.0,0.3923390383,1256000000.0,0.2047269764,-453000000.0,803000000.0,0.1308883456,181000000.0,620000000.0,0.1010594947,0.88,0.88,701000000,701000000,https://www.sec.gov/Archives/edgar/data/1326160/000132616018000139/0001326160-18-000139-index.htm,https://www.sec.gov/Archives/edgar/data/17797/000132616018000139/duk-20180331x10q.htm,8.751783166904422,0.884450784593438,1.984308131241084,-0.992867332382311,-8.834522111269616,59.6262482168331,31.957203994293867,59.617689015691866,80.54921540656206,54306470000.0,109835470000.0,21.89777016129032,8.851910350448248,39.04131560028756,-78.02653735632184,1.299446544793262,1.299446544793262,17.903092094539527,45.63168674698795,78.96151689432064,-157.80958333333334,0.0114166875512254,-0.0128161524768595,1.338772970903522,0.4038515674060386,23.06979642708766,0.6369441452531158,2.4388349514563106,2.2363344051446945,0.0110299932954581,0.9661290322580646,0.0,0.0,0.14000187670076,1.5003594536304816,0.3401792991035045,1.91643709825528,0.0,34.44416519637928,0.0073446294911704,0.0052037433379495,-141.6608416547789,-4719000000.0,22402000000.0,-88464000000.0,102050000000.0,2758500000.0,2717000000.0,3199500000.0,40.23960880195599,62.31972198088619,82.07645525629887,2.236602260298943,1.4441656210790463,1.0965385836773578,0.0148353751914241,2.977175463623395,2018-05-10,1.15,bmo,5463984374.0,2025-04-25,2018-03-31,0.1130434782608696,77.29983606557377,4269912.75409836
2017-12-31,DUK,USD,1326160,2018-02-21,2018-02-21 16:28:38,2017,Q4,5799000000.0,3135000000.0,2664000000.0,0.4593895499,0,0.0,0.0,0.0,1368000000.0,1368000000.0,4503000000.0,13000000.0,511000000.0,1056000000.0,2390000000.0,0.4121400241,1262000000.0,0.2176237282,-396000000.0,866000000.0,0.1493360924,161000000.0,703000000.0,0.1212277979,1.0,1.0,700000000,700000000,https://www.sec.gov/Archives/edgar/data/1326160/000132616018000034/0001326160-18-000034-index.htm,https://www.sec.gov/Archives/edgar/data/17797/000132616018000034/duk-20171231x10k.htm,8.284285714285714,1.0042857142857142,2.3185714285714285,-0.84,-9.085714285714284,59.62428571428571,31.58714285714285,59.62714285714286,78.50428571428571,58877000000.0,112961000000.0,20.937766714082503,10.152957406449389,36.27664818237831,-100.13095238095238,1.410599199789166,1.410599199789166,19.479392998792896,47.26401673640167,69.60012322858903,-192.11054421768708,0.0119401464069161,-0.0099869218880038,1.304343659407269,0.3947532520266253,22.62928870292887,0.6772151898734177,2.469667318982387,2.3086770981507825,0.0106153506462625,0.8890469416785206,0.0,0.0,0.1423060748002378,1.362292051756007,0.3812726332126229,2.09375,0.0027590963959303,36.70640917455419,0.0078522363583246,0.0059431218720411,-141.18785714285715,-4029000000.0,22111000000.0,-87724000000.0,101988000000.0,2695500000.0,2844000000.0,3257500000.0,43.05225038799793,87.35885167464114,93.30143540669856,2.090483056957462,1.030233322379231,0.9646153846153848,0.0168427609669613,3.1585714285714284,2018-02-20,0.92,bmo,5675617021.0,2025-04-25,2017-12-31,0.0217391304347825,87.3520634920635,2513411.6507936507
2017-09-30,DUK,USD,1326160,2017-11-03,2017-11-03 12:21:20,2017,Q3,6482000000.0,3373000000.0,3109000000.0,0.4796359148,0,0.0,0.0,0.0,1414000000.0,1414000000.0,4714000000.0,0.0,498000000.0,1037000000.0,2856000000.0,0.4406047516,1661000000.0,0.2562480716,-340000000.0,1321000000.0,0.203795125,364000000.0,954000000.0,0.1471767973,1.36,1.36,700000000,700000000,https://www.sec.gov/Archives/edgar/data/1326160/000132616017000175/0001326160-17-000175-index.htm,https://www.sec.gov/Archives/edgar/data/17797/000132616017000175/duk-20170930x10q.htm,9.26,1.3628571428571428,3.2214285714285715,0.4928571428571429,-8.82,59.48857142857143,31.748571428571427,59.47285714285714,76.87285714285714,58744000000.0,111775000000.0,15.39412997903564,9.062634989200864,26.050554323725056,170.27246376811595,1.4110638706732963,1.4110638706732963,17.24390620178957,39.13690476190476,49.567627494456765,323.9855072463768,0.0162399564210813,0.0058729402151709,1.2806082006197306,0.3910728039611223,18.56827731092437,0.712199630314233,3.335341365461848,2.3612565445026177,0.0106393844477733,0.6551362683438156,0.0,0.0,0.1424390243902439,0.8470066518847007,0.2946621413144091,1.8418514946962392,0.0,42.70471500517793,0.0092641670883615,0.0081603325720444,-138.94535714285715,-3114000000.0,22224000000.0,-86977000000.0,101166000000.0,2497500000.0,2411000000.0,3317000000.0,36.33600740512187,70.57515564779129,87.11829232137563,2.476881925869316,1.2752362948960303,1.0330781010719754,0.0229156157670966,2.7285714285714286,2017-11-03,1.55,bmo,6318930817.0,2025-04-25,2017-09-30,0.0258064516129032,85.61968253968254,2232136.904761905
2017-06-30,DUK,USD,1326160,2017-08-03,2017-08-03 13:55:02,2017,Q2,5555000000.0,3024000000.0,2531000000.0,0.4556255626,0,0.0,0.0,0.0,1144000000.0,1144000000.0,4111000000.0,0.0,486000000.0,962000000.0,2317000000.0,0.4171017102,1353000000.0,0.2435643564,-335000000.0,1018000000.0,0.1832583258,327000000.0,686000000.0,0.1234923492,0.98,0.98,700000000,700000000,https://www.sec.gov/Archives/edgar/data/1326160/000132616017000151/0001326160-17-000151-index.htm,https://www.sec.gov/Archives/edgar/data/17797/000132616017000151/duk-20170630x10q.htm,7.935714285714286,0.98,2.0957142857142856,-0.4342857142857143,-8.497142857142856,58.99142857142857,31.24142857142857,58.97714285714286,76.41285714285715,58513000000.0,111218000000.0,21.323979591836736,10.533393339333934,39.88616223585549,-192.4769736842105,1.4173287472144172,1.4173287472144172,20.02124212421242,48.000863185153214,75.813224267212,-365.8486842105263,0.011723890417514,-0.005195426657324,1.2838629977715337,0.3926031821279369,22.747086750107897,0.615514198620247,2.7839506172839505,2.138483965014577,0.0102541315605079,0.8746355685131195,0.0,0.0,0.1438846256407217,1.207225630538514,0.3188118811881188,1.840956340956341,0.0,36.06169713144405,0.0070919392190626,0.0059353342735271,-137.4142857142857,-4793000000.0,21869000000.0,-86037000000.0,99036000000.0,2341500000.0,2190000000.0,3367500000.0,38.52745274527452,64.79166666666667,100.26785714285714,2.335996635828427,1.3890675241157555,0.8975957257346393,0.0166166069179343,2.53,2017-08-03,1.01,bmo,5555000000.0,2025-04-25,2017-06-30,0.0,84.05698412698413,2515159.53968254
2017-03-31,DUK,USD,1326160,2017-05-09,2017-05-09 12:09:53,2017,Q1,5729000000.0,3140000000.0,2589000000.0,0.4519113283,0,0.0,0.0,0.0,1152000000.0,1152000000.0,4287000000.0,0.0,491000000.0,991000000.0,2382000000.0,0.4157793681,1402000000.0,0.2447198464,-341000000.0,1061000000.0,0.1851981149,344000000.0,716000000.0,0.1249781812,1.02,1.02,700000000,700000000,https://www.sec.gov/Archives/edgar/data/1326160/000132616017000109/0001326160-17-000109-index.htm,https://www.sec.gov/Archives/edgar/data/17797/000132616017000109/duk-20170331x10q.htm,8.184285714285714,1.022857142857143,1.8414285714285712,-1.3057142857142856,-7.452857142857143,58.83714285714286,31.08714285714285,58.82714285714286,75.78142857142858,57407000000.0,109085000000.0,20.044343575419,10.020422412288358,44.53607447633825,-62.808533916849015,1.394084363389106,1.394084363389106,19.04084482457672,45.79554995801847,84.62761830876649,-119.34901531728666,0.0124723465779434,-0.0159214033131848,1.276281599844581,0.3918931010827094,21.69521410579345,0.7316515857782653,2.855397148676171,1.8002793296089383,0.0104516870764889,0.8379888268156425,0.0,0.0,0.144845945059206,1.6757176105508147,0.3770291499389073,2.179616548940464,0.0,36.794900101364426,0.0073615029354721,0.0062432967397085,-135.32464285714286,-2936000000.0,21761000000.0,-84917000000.0,100005000000.0,2474500000.0,2598500000.0,3444000000.0,36.210507942049226,63.14331210191083,96.47770700636944,2.485466377440347,1.4253290966863368,0.9328579916815212,0.0173875033390806,3.085714285714286,2017-05-09,1.03,bmo,5673913461.0,2025-04-25,2017-03-31,0.0097087378640776,79.48548387096774,3129246.7741935486
2016-12-31,DUK,USD,1326160,2017-02-24,2017-02-24 16:22:25,2016,Q4,4816000000.0,2938000000.0,1878000000.0,0.3899501661,0,0.0,0.0,197000000.0,882000000.0,1079000000.0,3999000000.0,21000000.0,423000000.0,1033000000.0,1950000000.0,0.4049003322,841000000.0,0.1746262458,-347000000.0,494000000.0,0.1025747508,184000000.0,-227000000.0,-0.0471345515,-0.34,-0.34,428070890,700000000,https://www.sec.gov/Archives/edgar/data/1326160/000132616017000016/0001326160-17-000016-index.htm,https://www.sec.gov/Archives/edgar/data/17797/000132616017000016/duk-20161231x10k.htm,11.250473023288269,-0.5302860000594761,2.817290379170609,-3.3942976127155013,-12.715183693056073,95.87430717374872,49.96835921265284,95.85561868035455,118.683613361329,33226862481.800003,83216862481.8,-36.59346088303965,6.899265465490034,27.551295590215588,-22.867764956503787,0.8097595223795483,0.8097595223795483,17.279248854194353,42.67531409323077,69.00237353383085,-57.27244492897454,-0.0068318216962055,-0.0437296780818796,1.2278410060195453,0.3794939779001363,25.63589743589744,0.6959570599948056,1.988179669030733,-5.4324324324324325,0.0180877746229935,-2.647577092511013,0.0,0.0,0.1480178666927787,2.204809286898839,0.5521179401993356,2.57405614714424,0.0,,0.0041879843546632,-0.0020068959420033,-218.23254554870573,-3512000000.0,21390000000.0,-83681000000.0,98659000000.0,2683000000.0,2566000000.0,3436500000.0,49.41029900332226,91.71545268890402,107.88972089857046,1.821482602118003,0.9812959251837008,0.8341851220897217,-0.0055321326737016,6.21158799188611,2017-02-16,0.81,bmo,4816000000.0,2025-04-25,2016-12-31,0.0,76.59365079365078,3368661.4285714286
2016-09-30,DUK,USD,1326160,2016-11-04,2016-11-04 15:13:37,2016,Q3,6821000000.0,3655000000.0,3166000000.0,0.464154816,0,0.0,0.0,15000000.0,1125000000.0,1140000000.0,4781000000.0,0.0,464000000.0,979000000.0,2959000000.0,0.4338073596,2022000000.0,0.2964374725,-443000000.0,1579000000.0,0.2314909837,520000000.0,1176000000.0,0.1724087377,1.7,1.7,689000000,691000000,https://www.sec.gov/Archives/edgar/data/1326160/000132616016000411/0001326160-16-000411-index.htm,https://www.sec.gov/Archives/edgar/data/17797/000132616016000411/duk-20160930x10q.htm,9.899854862119014,1.706821480406386,3.462989840348331,0.7793904208998549,0.6792452830188679,58.84760522496372,35.11175616835994,58.76487663280116,73.4978229317852,55147560000.00001,99144560000.0,11.723545918367348,8.084967013634365,23.11297569153395,102.69564245810058,1.3620380844179902,1.3620380844179902,14.535194253042077,33.50610341331531,41.55262363788768,184.6267411545624,0.0213246062019788,0.0097375115054954,1.2392501667119464,0.3869037521397838,14.868874619803988,1.1207353428287512,4.357758620689655,2.0289115646258504,0.0107167026066067,0.5025510204081632,0.0,0.0,0.1261045910892463,0.7749371332774518,0.2710746224893711,1.888661899897855,0.0,47.50553608719375,0.0109520941054642,0.010376592665796,-123.30188679245283,1458000000.0,24192000000.0,-75606000000.0,96028000000.0,2620000000.0,2179500000.0,3489000000.0,35.915554903973025,52.64569083447332,82.51436388508891,2.505878030859662,1.7095416276894293,1.090719188301999,0.0290449257823112,2.683599419448476,2016-11-04,1.58,bmo,6184571428.0,2025-04-25,2016-09-30,0.0632911392405062,82.81984375,2968614.0
2016-06-30,DUK,USD,1326160,2016-08-04,2016-08-04 15:23:37,2016,Q2,5213000000.0,2881000000.0,2332000000.0,0.4473431805,0,0.0,0.0,33000000.0,1073000000.0,1106000000.0,3954000000.0,0.0,478000000.0,937000000.0,2186000000.0,0.4193362747,1259000000.0,0.2415116056,-382000000.0,877000000.0,0.168233263,253000000.0,509000000.0,0.0976405141,0.74,0.74,689000000,690000000,https://www.sec.gov/Archives/edgar/data/1326160/000132616016000356/0001326160-16-000356-index.htm,https://www.sec.gov/Archives/edgar/data/17797/000132616016000356/duk-20160630x10q.htm,7.566037735849057,0.7387518142235123,2.239477503628447,-0.297532656023222,0.981132075471698,57.97968069666183,34.23947750362845,57.90275761973875,65.40348330914368,59109310000.00001,103018310000.0,29.03207760314342,11.338827930174563,38.30804277381724,-288.33809756097565,1.4816220077703974,1.4816220077703974,19.761808939190484,47.126399817017386,66.7649449125081,-502.5283414634146,0.0086111646371781,-0.0034681507870756,1.1175585913021682,0.3635022094672819,20.086459286367795,0.8173834039975773,2.633891213389121,3.031434184675835,0.0096431509689421,1.119842829076621,0.0,0.0,0.1333588794495083,1.1328580686973428,0.3353155572606944,1.8655282817502667,0.0,31.02345504457622,0.0076301878660456,0.0047884700414875,-113.68359941944848,-1809000000.0,23591000000.0,-74609000000.0,91877000000.0,2420500000.0,2153500000.0,3674000000.0,43.47208900824861,69.38215897257896,113.30440819160012,2.0702938840349483,1.2971634398919405,0.7943203749655362,0.0127584910389773,2.537010159651669,2016-08-04,1.01,bmo,4920682242.0,2025-04-25,2016-06-30,0.0594059405940594,79.924375,2976560.328125
2016-03-31,DUK,USD,1326160,2016-05-05,2016-05-04 19:16:07,2016,Q1,5377000000.0,2962000000.0,2415000000.0,0.4491352055,0,0.0,0.0,27000000.0,1084000000.0,1111000000.0,4046000000.0,0.0,489000000.0,931000000.0,2164000000.0,0.4024549005,1333000000.0,0.2479077553,-504000000.0,829000000.0,0.1541751906,252000000.0,694000000.0,0.1290682537,1.01,1.01,689000000,689000000,https://www.sec.gov/Archives/edgar/data/1326160/000132616016000296/0001326160-16-000296-index.htm,https://www.sec.gov/Archives/edgar/data/17797/000132616016000296/duk-20160331x10q.htm,7.804063860667634,1.007256894049347,2.4150943396226414,0.0275761973875181,1.1291727140783745,57.969521044992746,34.24092888243832,57.898403483309146,64.2699564586357,55588520000.00001,98603520000.0,20.024682997118155,10.33820345917798,33.40656250000001,2925.7115789473687,1.393475383535546,1.393475383535546,18.33801748186721,45.56539741219963,59.25692307692308,5189.658947368421,0.0124845921424063,0.0003417971912186,1.0977890303820317,0.3598172690598066,19.8775415896488,0.7293177853273345,2.7259713701431494,2.380543633762518,0.0102539157365585,0.8213256484149856,0.0,0.0,0.1343286034722165,0.9885817307692308,0.3059326762135019,1.7669172932330828,0.0,36.22385590212356,0.0079721747684924,0.006586940015186,-112.31821480406386,-2948000000.0,23592000000.0,-73825000000.0,89833000000.0,2293000000.0,2218000000.0,3733500000.0,38.8822763622838,63.382849426063466,113.06212018906145,2.3146792940163583,1.4199424736337487,0.7960225745767266,0.0173969718239245,2.3875181422351237,2016-05-03,1.14,bmo,5424584070.0,2025-04-25,2016-03-31,-0.0087719298245614,75.67540983606557,3890959.0
2015-12-31,DUK,USD,1326160,2016-02-25,2016-02-25 17:07:24,2015,Q4,5322000000.0,3238000000.0,2084000000.0,0.391582112,0,0.0,0.0,313000000.0,1143000000.0,1456000000.0,3458000000.0,38000000.0,405000000.0,933000000.0,2037000000.0,0.3827508455,977000000.0,0.1835776024,-278000000.0,699000000.0,0.1313416009,208000000.0,477000000.0,0.0896279594,0.69,0.69,985514792,688000000,https://www.sec.gov/Archives/edgar/data/1326160/000132616016000221/0001326160-16-000221-index.htm,https://www.sec.gov/Archives/edgar/data/17797/000132616016000221/duk-20151231x10k.htm,5.400223358595717,0.4840110000094245,1.2988135849309506,-0.8564052075638455,0.3886293773660578,40.35555866116315,23.801773641972893,40.31091194418115,43.53663724613075,70355901000.88,112473901000.88,36.87416195014675,13.219823562735815,54.965547656937495,-83.36007227592418,1.77098449419488,1.77098449419488,21.13376568975573,55.2154644088758,87.8702351569375,-133.26291587781992,0.006779815100286,-0.0119961508273406,1.0698265663151003,0.3507956683944666,20.67648502700049,0.73,2.4123456790123456,2.6016260162601625,0.0080874523942616,1.192872117400419,0.0,0.0,0.1346528442668955,1.659375,0.399098083427283,2.2765273311897105,0.0,20.952226803645164,0.0059461604533791,0.0045497033631559,-78.56985062888837,-3078000000.0,23457000000.0,-73063000000.0,85442000000.0,2511000000.0,2214000000.0,3641500000.0,38.26944757609921,65.31809759110563,104.11982705373688,2.351745470614229,1.377872340425532,0.8643886812600107,0.0120069474161149,2.155218792494796,2016-02-18,0.91,bmo,4428666666.0,2025-04-25,2015-12-31,-0.0439560439560439,70.30921875,3290163.140625
2015-09-30,DUK,USD,1326160,2015-11-05,2015-11-05 16:47:50,2015,Q3,6483000000.0,3621000000.0,2862000000.0,0.441462286,0,0.0,0.0,0.0,1174000000.0,1174000000.0,4686000000.0,0.0,402000000.0,774000000.0,2536000000.0,0.3911769243,1688000000.0,0.260373284,-328000000.0,1360000000.0,0.2097794231,420000000.0,932000000.0,0.1437606047,1.35,1.35,688000000,688000000,https://www.sec.gov/Archives/edgar/data/1326160/000132616015000178/0001326160-15-000178-index.htm,https://www.sec.gov/Archives/edgar/data/17797/000132616015000178/duk-20150930x10q.htm,9.42296511627907,1.3546511627906976,3.658430232558139,1.3619186046511629,1.9912790697674416,57.94767441860465,34.23837209302326,57.895348837209305,62.53488372093023,49494720000.0,90746720000.0,13.27648068669528,7.634539565016196,19.664171632896306,52.82254002134472,1.2425868648322955,1.2425868648322955,13.997643066481569,35.78340694006309,36.05352403655145,96.84815368196372,0.018830291392698,0.0189313122692683,1.0700441855794336,0.3521518924590814,16.266561514195583,0.9694750855838722,4.199004975124378,2.7006437768240343,0.0115163799290106,0.6115879828326181,0.0,0.0,0.1347731610387249,0.6277314263011522,0.2437143297855931,1.7633928571428572,0.0,42.00749976499696,0.0101037990365884,0.0088998386188061,-110.4029796511628,-321000000.0,23556000000.0,-70970000000.0,89767000000.0,2727500000.0,1999000000.0,3503000000.0,38.30171217029154,51.64871582435791,87.91217895608948,2.3497644073939834,1.7425409047160731,1.023748939779474,0.0233982727455312,2.296511627906977,2015-11-05,1.51,bmo,6703510204.0,2025-04-25,2015-09-30,-0.0264900662251655,72.40828125,3431945.109375
2015-06-30,DUK,USD,1326160,2015-08-07,2015-08-07 13:35:51,2015,Q2,5589000000.0,3287000000.0,2302000000.0,0.4118804795,0,0.0,0.0,0.0,1056000000.0,1056000000.0,4244000000.0,0.0,403000000.0,901000000.0,2131000000.0,0.3812846663,1246000000.0,0.2229379138,-308000000.0,938000000.0,0.1678296654,334000000.0,543000000.0,0.0971551261,0.78,0.78,692000000,692000000,https://www.sec.gov/Archives/edgar/data/1326160/000132616015000151/0001326160-15-000151-index.htm,https://www.sec.gov/Archives/edgar/data/17797/000132616015000151/duk-20150630x10q.htm,8.076589595375722,0.7846820809248555,2.0794797687861277,-0.3063583815028902,1.3959537572254337,57.25,33.65462427745665,57.19653179190752,60.309248554913296,48869040000.0,89240040000.0,22.499558011049725,8.743789586688138,33.9604169562196,-230.5143396226415,1.2346902475997978,1.2346902475997978,15.96708534621578,41.87707179727827,62.01531619179986,-420.9435849056604,0.011111329381547,-0.0043381249150791,1.0442395149065185,0.3485641998734978,18.94462693571093,0.995023844080448,3.09181141439206,2.650092081031308,0.0112750322085312,1.014732965009208,0.0,0.0,0.1377018764495045,1.147324530924253,0.2954016818751118,1.832408435072142,0.0,31.777737580475577,0.0070711528507377,0.0053106692616898,-107.27673410404624,-48000000.0,23289000000.0,-69360000000.0,88039000000.0,2731000000.0,1920000000.0,3441000000.0,43.41384863123994,52.5707331913599,94.98326741709764,2.0730712166172105,1.7119791666666666,0.9475353127702508,0.0137190500252652,2.385838150289018,2015-08-06,0.99,bmo,5824326315.0,2025-04-25,2015-06-30,-0.0404040404040404,75.57222222222222,3520494.1746031744
2015-03-31,DUK,USD,1326160,2015-05-08,2015-05-08 16:07:11,2015,Q1,6065000000.0,3582000000.0,2483000000.0,0.4093981863,0,0.0,0.0,0.0,1027000000.0,1027000000.0,4509000000.0,0.0,403000000.0,883000000.0,2320000000.0,0.3825226711,1456000000.0,0.2400659522,-316000000.0,1140000000.0,0.1879637263,364000000.0,864000000.0,0.1424567189,1.22,1.22,708000000,708000000,https://www.sec.gov/Archives/edgar/data/1326160/000132616015000076/0001326160-15-000076-index.htm,https://www.sec.gov/Archives/edgar/data/17797/000132616015000076/duk-20150331x10q.htm,8.56638418079096,1.2203389830508475,2.0338983050847457,0.0409604519774011,3.9915254237288136,58.032485875706215,34.96892655367232,57.98163841807909,62.38135593220339,54360240000.0,95302240000.0,15.72923611111111,8.962941467436108,37.75016666666667,1874.4910344827583,1.324212321258922,1.324212321258922,15.713477328936522,41.07855172413793,66.18211111111111,3286.2841379310344,0.0158939695630482,0.000533478145056,1.0660641640885729,0.3582960816099294,17.64741379310345,1.0352012097790473,3.612903225806451,1.6608996539792389,0.0103752301314342,0.6527777777777778,0.0,0.0,0.1336886574642629,0.9798611111111112,0.2326463314097279,1.5979614949037373,0.002308326463314,39.90035347477091,0.0084833539137197,0.0081653483031385,-105.15254237288136,419000000.0,24758000000.0,-68733000000.0,87049000000.0,2765000000.0,2095500000.0,3436000000.0,41.04534212695795,48.24120603015076,85.7537688442211,2.192697035430224,1.865625,1.0495165543510108,0.0210469903291028,1.9929378531073447,2015-05-01,1.14,bmo,5575887096.0,2025-04-25,2015-03-31,0.0877192982456141,81.16639344262295,3681384.327868852
2014-12-31,DUK,USD,1326160,2015-03-02,2015-02-27 19:04:35,2014,Q4,5559000000.0,3538000000.0,2021000000.0,0.3635545962,0,0.0,0.0,355000000.0,1135000000.0,1490000000.0,4489000000.0,45000000.0,398000000.0,866000000.0,1967000000.0,0.3538406188,988000000.0,0.1777298075,-302000000.0,686000000.0,0.1234034898,588000000.0,97000000.0,0.0174491815,0.14,0.14,746153846,708000000,https://www.sec.gov/Archives/edgar/data/1326160/000132616015000008/0001326160-15-000008-index.htm,https://www.sec.gov/Archives/edgar/data/17797/000132616015000008/duk-20141231x10k.htm,7.450206187103135,0.1300000000268041,1.9017525777117017,-0.2814432990271017,2.73134020674873,54.81309279480682,32.939587635657645,54.780927846346586,57.33402063037815,62333692294.84,102679692294.84,160.65384612072168,11.213112483331535,43.92790154675124,-296.8271061659048,1.5249832977330888,1.5249832977330888,18.470892659622237,52.20116537612608,72.3606006306131,-488.9509156897143,0.001556140771209,-0.0033689645562257,1.036868501529052,0.3515515482302977,20.511438739196745,1.03044600729992,2.4824120603015074,14.628865979381445,0.0090480762367206,5.814432989690721,0.0,0.0,0.1353799447564222,1.1479915433403804,0.2930383162439288,1.881062355658199,0.0068357618276668,12.658365375655803,0.0012311296362061,0.0009305806055489,-98.93067012349086,342000000.0,24578000000.0,-68083000000.0,85252000000.0,2843500000.0,2036000000.0,3329500000.0,44.74905558553697,57.76992651215376,87.9903900508762,2.011215629522431,1.5579040070453545,1.0228389708008094,0.0023730886850152,2.1831958767388038,2015-02-18,0.88,bmo,5688279069.0,2025-04-25,2014-12-31,-0.0227272727272727,80.6340625,3560052.34375
2014-09-30,DUK,USD,1326160,2014-11-07,2014-11-07 16:30:53,2014,Q3,6395000000.0,3716000000.0,2679000000.0,0.4189210321,0,0.0,0.0,0.0,1060000000.0,1060000000.0,4675000000.0,0.0,405000000.0,788000000.0,2544000000.0,0.3978107897,1619000000.0,0.2531665364,-268000000.0,1351000000.0,0.2112587959,460000000.0,1274000000.0,0.1992181392,1.8,1.8,707000000,707000000,https://www.sec.gov/Archives/edgar/data/1326160/000132616014000032/0001326160-14-000032-index.htm,https://www.sec.gov/Archives/edgar/data/17797/000132616014000032/duk-20140930x10q.htm,9.045261669024043,1.801980198019802,3.603960396039604,1.6874115983026874,2.731258840169731,58.63224893917963,35.533239038189535,58.57425742574257,59.47666195190948,52862390000.0,92576390000.0,10.373310439560438,8.266206411258796,20.74662087912088,44.31046940486169,1.276499323867478,1.276499323867478,14.47637060203284,36.39009040880503,36.33296310832025,77.59965632858341,0.0241003102583897,0.022568029935839,1.0056263884864292,0.3480393795547235,15.610849056603774,1.4028602593625017,3.99753086419753,2.0,0.0106502940937782,0.4419152276295133,0.0,0.0,0.1364829176973992,0.5317896389324961,0.2118842845973416,1.5173572228443448,0.0,48.73260889676752,0.0093377153492797,0.0123300266150496,-102.51732673267328,3324000000.0,25122000000.0,-66628000000.0,89250000000.0,2959000000.0,1791500000.0,3128000000.0,41.13682564503519,43.6194833153929,77.502691065662,2.1878207321245298,2.06329816768462,1.16125,0.0307640297498309,1.9165487977369164,2014-11-05,1.52,bmo,6943142857.0,2025-04-25,2014-09-30,-0.0789473684210527,72.9634375,2848513.703125
2014-06-30,DUK,USD,1326160,2014-08-07,2014-08-07 11:21:59,2014,Q2,5560000000.0,3368000000.0,2192000000.0,0.3942446043,0,0.0,0.0,28000000.0,1051000000.0,1079000000.0,4271000000.0,0.0,403000000.0,864000000.0,2114000000.0,0.3802158273,1289000000.0,0.2318345324,-281000000.0,1008000000.0,0.181294964,282000000.0,609000000.0,0.1095323741,0.86,0.86,707000000,707000000,https://www.sec.gov/Archives/edgar/data/1326160/000132616014000022/0001326160-14-000022-index.htm,https://www.sec.gov/Archives/edgar/data/17797/000132616014000022/duk-20140630x10q.htm,7.864214992927864,0.8613861386138614,1.7623762376237624,0.1103253182461103,2.84016973125884,57.823196605374825,34.707213578500706,57.71287128712871,60.626591230551625,52452330000.0,92904330000.0,21.53215517241379,9.433872302158273,42.09657303370786,672.4657692307692,1.2855018013381367,1.2855018013381367,16.709411870503597,43.94717596972564,74.56206260032103,1191.081153846154,0.0116105423724742,0.0014870645403168,1.0406097590863417,0.3686627942312868,19.13528855250709,1.322347266881029,3.198511166253102,2.032626427406199,0.0105619712222507,0.909688013136289,0.0,0.0,0.1418995771578408,0.9373996789727128,0.2100719424460431,1.351851851851852,0.0,33.44464105492266,0.008423111303513,0.0061620965293939,-96.90205091937766,2807000000.0,24538000000.0,-62777000000.0,86058000000.0,2895500000.0,1837000000.0,2982000000.0,48.48021582733813,47.618764845605696,81.6627078384798,1.8564273789649417,1.8900112233445567,1.1020942408376964,0.0149253731343283,1.652050919377652,2014-08-07,0.98,bmo,5039495495.0,2025-04-25,2014-06-30,0.1326530612244899,71.9263492063492,2776061.6507936507
2014-03-31,DUK,USD,1326160,2014-05-09,2014-05-09 16:15:03,2014,Q1,6263000000.0,4037000000.0,2226000000.0,0.3554207249,0,0.0,0.0,0.0,1200000000.0,1200000000.0,4901000000.0,0.0,404000000.0,884000000.0,2342000000.0,0.3739422002,1362000000.0,0.2174676673,-1579000000.0,-217000000.0,-0.0346479323,339000000.0,-97000000.0,-0.0154877854,-0.14,-0.14,706000000,706000000,https://www.sec.gov/Archives/edgar/data/1326160/000132616014000005/0001326160-14-000005-index.htm,https://www.sec.gov/Archives/edgar/data/17797/000132616014000005/form10q.htm,8.871104815864022,-0.1373937677053824,1.9447592067988668,0.1997167138810198,2.177053824362606,57.774787535410766,34.62747875354108,57.6614730878187,59.52691218130312,50281320000.0,90372320000.0,-129.59103092783505,8.02831231039438,36.62150036416606,356.6051063829787,1.2351401410007614,1.2351401410007614,14.42955771994252,38.58766865926558,65.82106336489439,640.938439716312,-0.0019291458537683,0.0028042223235189,1.0224274730403595,0.3657726377952756,17.118274978650724,1.4101708489054992,3.371287128712871,-14.154639175257731,0.0109981201766381,-5.701030927835052,0.0,0.0,0.1436129077615298,0.8973051711580481,0.1967108414497844,1.3936651583710409,0.0,,0.0320388233680432,-0.0009953822473063,-96.19688385269122,3073000000.0,24447000000.0,-62438000000.0,85770000000.0,2900500000.0,2141500000.0,3079000000.0,40.17882803768162,42.17983651226158,64.83031954421601,2.2399856938483547,2.133720930232558,1.388239339752407,-0.0023827654818344,1.745042492917847,2014-05-07,1.11,bmo,5995350427.0,2025-04-25,2014-03-31,0.0540540540540539,69.70524590163933,3294798.573770492
2013-12-31,DUK,USD,1326160,2014-02-28,2014-02-28 15:50:25,2013,Q4,6112000000.0,3808000000.0,2304000000.0,0.3769633508,0,0.0,0.0,0.0,1101000000.0,1101000000.0,4909000000.0,26000000.0,419000000.0,864000000.0,2278000000.0,0.3727094241,1203000000.0,0.1968259162,-208000000.0,995000000.0,0.1627945026,309000000.0,688000000.0,0.112565445,0.98,0.97,716666666,706000000,https://www.sec.gov/Archives/edgar/data/1326160/000132616014000003/0001326160-14-000003-index.htm,https://www.sec.gov/Archives/edgar/data/17797/000132616014000003/form10k.htm,8.528372100956625,0.9600000008930232,1.9423255832021635,-0.3906976747820443,2.1558139554937803,57.77860470491033,34.45116282274527,57.66976749550676,57.9641861004318,49457166620.66,89078166620.66,17.97135414994913,8.091813910448298,35.52957372173851,-176.63273793092858,1.1966408570205662,1.1966408570205662,14.574307365945682,39.10367279221247,63.99293579070402,-318.1363093595,0.0139110274002756,-0.005661464639647,0.99496733607549,0.3582711123114855,17.392888498683057,1.2165664044423878,2.8711217183770885,2.0115606936416186,0.0111611731467327,0.8023255813953488,0.0,0.0,0.1456538216921213,1.2011494252873562,0.2735602094240837,1.935185185185185,0.0,35.294007693398974,0.0076037791775209,0.0070160410356818,-94.81011636726522,1872000000.0,24690000000.0,-62855000000.0,86740000000.0,2924000000.0,2105000000.0,3175000000.0,44.24901832460733,56.50997899159664,76.81197478991596,2.033943427620632,1.5926390631534924,1.1716923076923076,0.0166465037503024,2.333023257984208,2014-02-18,0.95,bmo,5342800000.0,2025-04-25,2013-12-31,0.0526315789473684,69.9871875,2945291.0
2013-09-30,DUK,USD,1326160,2013-11-08,2013-11-08 12:51:48,2013,Q3,6217000000.0,3932000000.0,2285000000.0,0.3675406144,0,0.0,0.0,38000000.0,994000000.0,1032000000.0,4389000000.0,0.0,378000000.0,821000000.0,2568000000.0,0.4130609619,1743000000.0,0.2803603024,-374000000.0,1369000000.0,0.2202026701,423000000.0,1004000000.0,0.1614926814,1.42,1.42,706000000,706000000,https://www.sec.gov/Archives/edgar/data/1326160/000132616013000042/0001326160-13-000042-index.htm,https://www.sec.gov/Archives/edgar/data/17797/000132616013000042/form10q.htm,8.805949008498583,1.4220963172804533,3.0410764872521248,1.4277620396600563,3.235127478753541,58.40934844192635,34.76062322946176,58.30736543909349,59.05099150141643,47146680000.0,86292680000.0,11.739711155378489,7.583509731381695,21.95932929669306,46.7725,1.145309850601239,1.145309850601239,13.88011581148464,33.60306853582554,40.19221238938053,85.60781746031746,0.0212952428463679,0.0213800844513335,1.0035709947771163,0.3605201151932978,15.243769470404985,1.1276112133347764,4.611111111111111,2.1384462151394423,0.0116869310840127,0.548804780876494,0.0,0.0,0.1457020682433022,0.5305076851420587,0.1832073347273604,1.387332521315469,0.0027344378317516,43.19340826304819,0.0110235100999838,0.0102559911741271,-95.44865439093483,1179000000.0,24541000000.0,-62935000000.0,87159000000.0,2835500000.0,1877500000.0,3115000000.0,41.156506353546725,41.6353001017294,70.95625635808749,2.186774533943018,2.161627267729522,1.2683870967741937,0.0243896514028908,1.613314447592068,2013-11-06,1.51,bmo,6429910958.0,2025-04-25,2013-09-30,-0.0331125827814569,68.2271875,2866494.65625
2013-06-30,DUK,USD,1326160,2013-08-08,2013-08-08 14:29:55,2013,Q2,5879000000.0,3672000000.0,2207000000.0,0.3754039803,0,0.0,0.0,0.0,1386000000.0,1386000000.0,5058000000.0,0.0,381000000.0,782000000.0,1569000000.0,0.2668821228,821000000.0,0.1396496003,-311000000.0,510000000.0,0.0867494472,165000000.0,339000000.0,0.0576628678,0.48,0.48,706000000,706000000,https://www.sec.gov/Archives/edgar/data/1326160/000132616013000032/0001326160-13-000032-index.htm,https://www.sec.gov/Archives/edgar/data/17797/000132616013000032/form10q.htm,8.327195467422097,0.4801699716713881,2.481586402266289,0.5835694050991501,2.621813031161473,56.94192634560906,33.29461756373938,56.844192634560905,59.19121813031161,47189040000.0,87026040000.0,34.800176991150444,8.026712025854737,26.93438356164384,114.53650485436891,1.175845709159773,1.175845709159773,14.802864432726654,55.465927342256215,49.672397260273975,211.2282524271845,0.007183871509147,0.0087308408901728,1.0317950762483803,0.3629097283085013,25.390057361376677,0.9860209685471792,2.1548556430446197,5.168141592920354,0.0115069092314656,1.6017699115044248,0.0,0.0,0.1463190184049079,0.7648401826484018,0.227929920054431,1.7135549872122762,0.00340193910529,24.78174072291837,0.0051360566791312,0.0034803141522509,-96.8300283286119,-140000000.0,23506000000.0,-64024000000.0,85432000000.0,2817500000.0,1960500000.0,3113000000.0,43.29307705392073,47.45098039215687,76.7156862745098,2.078854314002829,1.896694214876033,1.1731629392971246,0.0084471244891856,1.8980169971671388,2013-08-07,0.93,bmo,5420666666.0,2025-04-25,2013-06-30,-0.0645161290322581,70.68046875,3200774.15625
2013-03-31,DUK,USD,1326160,2013-05-09,2013-05-09 16:18:51,2013,Q1,5898000000.0,3682000000.0,2216000000.0,0.3757205832,0,0.0,0.0,-116000000.0,1001000000.0,885000000.0,4418000000.0,0.0,367000000.0,660000000.0,1991000000.0,0.3375720583,1215000000.0,0.2060020346,-251000000.0,964000000.0,0.1634452357,330000000.0,634000000.0,0.1074940658,0.89,0.89,705000000,705000000,https://www.sec.gov/Archives/edgar/data/1326160/000132616013000014/0001326160-13-000014-index.htm,https://www.sec.gov/Archives/edgar/data/17797/000132616013000014/form10q.htm,8.36595744680851,0.8992907801418439,1.5475177304964538,-0.4028368794326241,2.246808510638298,58.198581560283685,34.47234042553192,58.08936170212766,59.17021276595744,50985599999.99999,91037600000.0,20.104731861198736,8.644557477110883,46.73290559120073,-179.52676056338026,1.2449783898615483,1.2449783898615483,15.435334011529331,45.72456052235058,83.44417965169569,-320.5549295774648,0.0124348835749701,-0.0055702002133935,1.0096452030376284,0.3637675294283251,20.11652435961828,0.9582538886101356,3.310626702997275,1.720820189274448,0.0106304525199271,0.8548895899053628,0.0,0.0,0.1471592208751957,1.2603116406966086,0.2331298745337402,1.804461942257218,0.0,34.28385358399174,0.0073505359533205,0.0065401953806001,-95.60106382978724,-416000000.0,24303000000.0,-63087000000.0,85124000000.0,2762000000.0,2214500000.0,3159500000.0,42.83316378433367,48.51982618142314,75.6762629005975,2.101175632347702,1.854911838790932,1.1892764857881135,0.0154811613312822,1.950354609929078,2013-05-03,1.04,bmo,6013647058.0,2025-04-25,2013-03-31,-0.0192307692307692,68.47433333333333,2892741.5
2012-12-31,DUK,USD,1326160,2013-03-01,2013-03-01 09:24:17,2012,Q4,5695000000.0,7214000000.0,-1519000000.0,-0.2667251975,0,0.0,0.0,0.0,-2286000000.0,-2286000000.0,4928000000.0,50000000.0,385000000.0,787000000.0,1552000000.0,0.2725197542,767000000.0,0.1346795435,-221000000.0,546000000.0,0.0958735733,140000000.0,435000000.0,0.0763827919,0.56,0.56,574000000,575000000,https://www.sec.gov/Archives/edgar/data/1326160/000132616013000009/0001326160-13-000009-index.htm,https://www.sec.gov/Archives/edgar/data/17797/000132616013000009/form10k.htm,9.921602787456449,0.7578397212543554,2.2038327526132404,-0.681184668989547,3.0609756097560976,71.48780487804878,42.329268292682926,71.35191637630662,73.55400696864112,36621200000.0,77032200000.0,21.046666666666667,6.430412642669008,28.949565217391303,-93.660358056266,0.8941595858970602,0.8941595858970602,13.52628621597893,49.63414948453608,60.89501976284585,-197.0132992327366,0.0118783655369021,-0.0106768756894913,1.0214620568414885,0.3674378161888701,26.038015463917525,1.0092731079868382,1.9922077922077923,2.8947368421052637,0.0147728638056644,1.2436781609195402,0.0,0.0,0.1470014755480607,1.309090909090909,0.2907813871817383,2.1041931385006354,0.0047410008779631,34.88050486153614,0.005281157595175,0.0044790411762888,-117.44904181184668,93000000.0,24297000000.0,-62700000000.0,85388000000.0,2781500000.0,2178000000.0,3132000000.0,42.93766461808604,30.490712503465485,40.20931522040477,2.096061832903938,2.951718494271686,2.2382873099596647,0.0106211544096103,2.8850174216027877,2013-02-13,0.64,bmo,5206857142.0,2025-04-25,2012-12-31,0.0937499999999999,63.76225806451613,3584592.741935484
2012-09-30,DUK,USD,1326160,2012-11-08,2012-11-08 14:35:56,2012,Q3,6722000000.0,4076000000.0,2646000000.0,0.3936328474,0,0.0,0.0,0.0,1244000000.0,1244000000.0,5644000000.0,0.0,401000000.0,788000000.0,2031000000.0,0.3021422196,1078000000.0,0.1603689378,-236000000.0,842000000.0,0.1252603392,248000000.0,589000000.0,0.0876227313,0.85,0.85,701190476,699000000,https://www.sec.gov/Archives/edgar/data/1326160/000132616012000010/0001326160-12-000010-index.htm,https://www.sec.gov/Archives/edgar/data/20290/000132616012000010/form10q.htm,9.58655348307954,0.8400000002281833,2.8194906629051246,0.5476400680604795,2.9892020381634503,58.46485570348791,34.877826834601784,58.33650256253623,56.86471987962369,45142642844.88,82853642844.88,19.16071428050934,6.715656477964891,22.833911403581183,117.558965741875,1.103597184815548,1.103597184815548,12.325742761808986,40.794506570595765,41.90877230393526,215.76469490854168,0.0130475302924539,0.0085063694945709,0.9649676078718984,0.3524033997571602,18.56770064007878,1.181159420289855,2.688279301745636,3.306020066889632,0.0119842341056325,0.9185059422750425,0.0,0.0,0.1476590957788729,0.8057663125948407,0.236983040761678,2.021573604060914,0.0047604879500148,33.204817402471015,0.0071196864781528,0.006169541945553,-93.07314094209116,1550000000.0,24456000000.0,-60907000000.0,87120000000.0,2344500000.0,1536000000.0,2401500000.0,38.10473073490032,42.21786064769382,67.14671246319922,2.3619114546732254,2.131799163179916,1.3403485695494903,0.0143992176995477,2.271850594844645,2012-11-08,1.45,bmo,6630544217.0,2025-04-25,2012-09-30,0.0137931034482758,66.04206349206349,4743440.253968254
2012-06-30,DUK,USD,1326160,2012-08-08,2012-08-08 16:16:53,2012,Q2,3577000000.0,2149000000.0,1428000000.0,0.3992172211,0,0.0,0.0,0.0,642000000.0,642000000.0,2791000000.0,0.0,232000000.0,533000000.0,1428000000.0,0.3992172211,782000000.0,0.2186189544,-119000000.0,663000000.0,0.1853508527,214000000.0,444000000.0,0.1241263629,0.99,0.99,445999554,445999554,https://www.sec.gov/Archives/edgar/data/1326160/000132616012000008/0001326160-12-000008-index.htm,https://www.sec.gov/Archives/edgar/data/20290/000132616012000008/form10q.htm,8.020187392384702,0.9955166905839552,2.5336348206303363,-0.3004487309420044,3.946192286999462,50.484355417090846,41.0695477960052,50.266866410364166,48.47090048883771,30854249145.72,50714249145.72,17.3728880325,8.625733616360078,27.30464526169912,-230.2555906397015,1.3762544781533523,1.3762544781533523,14.177872280044731,35.51418007403361,44.87986650063717,-378.4645458635821,0.01439023837213,-0.0043429998690662,0.9539230117311208,0.3392933635829988,13.907563025210084,1.0566867568007818,3.3706896551724137,2.5223214285714284,0.0108574996726656,0.7545045045045045,0.0,0.0,0.0666180133585061,1.1185840707964605,0.3533687447581772,2.371482176360225,0.0,33.55493780555418,0.0088524629511524,0.0075469132444927,-81.82014908472307,348000000.0,18317000000.0,-34028000000.0,48334000000.0,1790000000.0,1105000000.0,1758000000.0,46.37126083310036,48.58073522568637,73.79246161005119,1.940857297883885,1.8525862068965515,1.2196367763904654,0.0198046300013381,2.834083551572341,2012-08-02,0.97,bmo,3401656862.0,2025-04-25,2012-06-30,0.0515463917525773,65.4957142857143,5068350.412698412
2012-03-31,DUK,USD,1326160,2012-05-09,2012-05-09 11:34:36,2012,Q1,3630000000.0,1327000000.0,2303000000.0,0.6344352617,0,0.0,0.0,344000000.0,1062000000.0,1406000000.0,3135000000.0,0.0,224000000.0,479000000.0,1103000000.0,0.3038567493,495000000.0,0.1363636364,-95000000.0,400000000.0,0.1101928375,103000000.0,295000000.0,0.0812672176,0.66,0.66,446000000,446000000,https://www.sec.gov/Archives/edgar/data/1326160/000119312512220901/0001193125-12-220901-index.htm,https://www.sec.gov/Archives/edgar/data/20290/000119312512220901/d328186d10q.htm,8.139013452914797,0.6614349775784754,1.9551569506726456,-0.2600896860986547,2.9349775784753365,51.29596412556054,41.85650224215247,51.07847533632287,46.5762331838565,28111380000.0,47589380000.0,23.823203389830507,7.744181818181819,32.23782110091743,-242.33948275862068,1.2339835828102368,1.2339835828102368,13.110022038567491,43.14540344514959,54.574977064220185,-410.25327586206896,0.0104939707691333,-0.0041264427431168,0.9020236161713708,0.3325134710917652,17.659111514052583,1.3831426570161105,2.2098214285714284,2.916387959866221,0.0119168820598633,1.1355932203389831,0.0,0.0,0.0681240796776646,1.1330275229357798,0.2721763085399449,1.8161764705882355,0.0,27.571081394253053,0.0062253341011873,0.0051225060341384,-79.4445067264574,1641000000.0,18668000000.0,-32997000000.0,48822000000.0,1839000000.0,1241500000.0,1671000000.0,43.06611570247934,71.21326299924642,118.96006028636022,2.0898100172711573,1.2638095238095235,0.7565564424173318,0.012949387647601,2.2152466367713006,2012-05-04,1.09,bmo,3470789473.0,2025-04-25,2012-03-31,0.0458715596330273,63.57225806451613,3638337.14516129
2011-12-31,DUK,USD,1326160,2012-02-28,2012-02-28 16:47:30,2011,Q4,3368000000.0,1133000000.0,2235000000.0,0.6635985748,0,0.0,0.0,0.0,1718000000.0,1718000000.0,2824000000.0,0.0,224000000.0,518000000.0,1151000000.0,0.3417458432,517000000.0,0.1535035629,-108000000.0,409000000.0,0.1214370546,119000000.0,288000000.0,0.0855106888,0.64,0.64,1332000000,1333000000,https://www.sec.gov/Archives/edgar/data/1326160/000119312512085533/0001193125-12-085533-index.htm,https://www.sec.gov/Archives/edgar/data/20290/000119312512085533/d265218d10k.htm,2.5285285285285286,0.2162162162162162,0.4842342342342342,-0.5487987987987988,1.7267267267267268,17.165915915915917,14.003753753753754,17.096096096096097,15.933933933933934,87912000000.0,106802000000.0,76.3125,26.102137767220903,136.29767441860466,-120.2626538987688,3.860530476023186,3.860530476023186,31.71080760095012,92.79061685490878,165.584496124031,-146.10396716826264,0.0032760032760032,-0.0083151333151333,0.9221851396451785,0.3358602821226369,16.4118158123371,1.244573082489146,2.3080357142857144,2.179054054054054,0.0038106288106288,1.1631944444444444,0.0,0.0,0.0673639765857403,2.1333333333333333,0.4085510688836104,2.6563706563706564,0.0,9.119769581752122,0.0061797571960908,0.0049387797098466,-26.3597972972973,1352000000.0,18653000000.0,-32781000000.0,48225000000.0,1928500000.0,1256500000.0,1504500000.0,51.86757719714964,113.8305383936452,126.14298323036188,1.7351880473982484,0.790648988136776,0.7134760705289672,0.0126471104865624,1.033033033033033,2012-02-16,0.64,bmo,2993777777.0,2025-04-25,2011-12-31,0.1249999999999999,61.64809523809524,4431678.666666667
2011-09-30,DUK,USD,1326160,2011-11-08,2011-11-08 14:03:00,2011,Q3,3964000000.0,1388000000.0,2576000000.0,0.6498486377,0,0.0,0.0,0.0,1809000000.0,1809000000.0,3197000000.0,0.0,213000000.0,455000000.0,1345000000.0,0.3393037336,767000000.0,0.1934914228,-90000000.0,677000000.0,0.1707870838,208000000.0,472000000.0,0.1190716448,1.05,1.05,444000000,444332889,https://www.sec.gov/Archives/edgar/data/1326160/000119312511301773/0001193125-11-301773-index.htm,https://www.sec.gov/Archives/edgar/data/20290/000119312511301773/d232037d10q.htm,8.927927927927929,1.063063063063063,2.9504504504504503,0.5765765765765766,4.905405405405405,51.57432432432432,42.07432432432432,51.57432432432432,45.222972972972975,26626680000.0,44460680000.0,14.10311440677966,6.717124117053482,20.325709923664125,104.01046875,1.1627878946678891,1.1627878946678891,11.21611503531786,33.056267657992564,33.939450381679386,173.67453125,0.0177265810082218,0.0096144168180186,0.8675488012576968,0.3268724496511781,13.259479553903343,1.2263929618768328,3.60093896713615,2.7872340425531914,0.0126564783893448,0.7139830508474576,0.0,0.0,0.0694023956825062,0.8045801526717558,0.2658930373360242,2.038684719535784,0.0,35.122671905929096,0.0091701947905764,0.0083454153258601,-75.56644144144144,1158000000.0,18681000000.0,-31604000000.0,47253000000.0,1942500000.0,1134500000.0,1418000000.0,43.50151362260343,70.02881844380404,92.13976945244956,2.068893528183716,1.2851851851851852,0.9767769176636172,0.02061225381021,2.373873873873874,2011-11-03,1.39,bmo,3673306666.0,2025-04-25,2011-09-30,0.079136690647482,56.52046875,4421353.1875
2011-06-30,DUK,USD,1326160,2011-08-08,2011-08-08 13:56:06,2011,Q2,3534000000.0,1285000000.0,2249000000.0,0.6363893605,0,0.0,0.0,0.0,1570000000.0,1570000000.0,2859000000.0,0.0,203000000.0,437000000.0,1273000000.0,0.3602150538,679000000.0,0.1921335597,-46000000.0,633000000.0,0.1791171477,192000000.0,435000000.0,0.123089983,0.98,0.98,443999556,444043960,https://www.sec.gov/Archives/edgar/data/1326160/000119312511213908/0001193125-11-213908-index.htm,https://www.sec.gov/Archives/edgar/data/20290/000119312511213908/d10q.htm,7.959467418926878,0.9797307094604392,1.702704405407108,-0.4054058108112162,3.087840925678764,51.1306817613124,41.36490622977109,51.1306817613124,43.19373688743058,25081534918.44,42694534918.44,14.41467524048276,7.097208522478779,33.17663349,-139.341860658,1.104816091905559,1.104816091905559,12.081079490220716,33.538519181806755,56.47425253761905,-237.191860658,0.0173434361738438,-0.0071765942788319,0.835829442339882,0.3173501471768798,13.835820895522389,1.2845417236662109,3.3448275862068964,1.7142857142857142,0.0129976096383289,0.7494252873563219,0.0,0.0,0.0725180626170725,1.238095238095238,0.264855687606112,1.9219712525667352,0.0,33.572633649106926,0.0083438704865581,0.0078440565493364,-75.52879174500796,1248000000.0,18366000000.0,-31456000000.0,47194000000.0,1947000000.0,1247000000.0,1381000000.0,50.14431239388795,83.27626459143968,99.10505836575877,1.7948197054342303,1.080740117746005,0.9081272084805654,0.0191613073737996,2.1081102162183245,2011-08-02,0.92,bmo,3284121212.0,2025-04-25,2011-06-30,0.076086956521739,55.87904761904762,2612166.412698413
2011-03-31,DUK,USD,1326160,2011-05-09,2011-05-09 13:41:45,2011,Q1,3663000000.0,1339000000.0,2324000000.0,0.6344526345,0,0.0,0.0,0.0,1520000000.0,1520000000.0,2859000000.0,0.0,219000000.0,454000000.0,1419000000.0,0.3873873874,804000000.0,0.2194922195,-58000000.0,746000000.0,0.2036582037,233000000.0,511000000.0,0.1395031395,1.14,1.14,443332890,443666223,https://www.sec.gov/Archives/edgar/data/1326160/000119312511132025/0001193125-11-132025-index.htm,https://www.sec.gov/Archives/edgar/data/20290/000119312511132025/d10q.htm,8.262414277451871,1.1526327315801,2.1676713406036714,-0.1015038609023571,3.2210558526348,51.55493877298389,41.79928991959067,51.27975052787083,42.29101973462876,24139475860.5,41250475860.5,11.80991969691781,6.5900835,25.11912160301769,-536.4327969,1.0618226383610452,1.0618226383610452,11.261391171307672,29.07010279105004,42.92453263319459,-916.6772413444444,0.0211686452080826,-0.0018641664077567,0.8150787366939386,0.3141423388600685,12.0584918957012,1.3211817965213248,3.671232876712329,1.8806262230919768,0.0137119795770554,0.6477495107632094,0.0,0.0,0.0733224833011223,1.0468262226847034,0.2746382746382746,1.996031746031746,0.0,36.46781013205936,0.009856572451084,0.0093485300305519,-73.49950958973515,1348000000.0,18531000000.0,-30585000000.0,46617000000.0,2041000000.0,1346000000.0,1332500000.0,47.2972972972973,87.71471247199402,90.537714712472,1.9028571428571428,1.0260536398467432,0.994060876020787,0.0224773467053752,2.2691752015060285,2011-05-03,1.05,bmo,3287307692.0,2025-04-25,2011-03-31,0.1142857142857141,53.85,3417910.7258064514
2010-12-31,DUK,USD,1326160,2011-02-25,2011-02-25 14:57:55,2010,Q4,3445000000.0,1160000000.0,2285000000.0,0.6632801161,0,0.0,0.0,0.0,1604000000.0,1604000000.0,2764000000.0,0.0,216000000.0,513000000.0,1403000000.0,0.407256894,681000000.0,0.1976777939,-7000000.0,674000000.0,0.1956458636,247000000.0,427000000.0,0.1239477504,0.96,0.96,1318000000,1319000000,https://www.sec.gov/Archives/edgar/data/1326160/000119312511047229/0001193125-11-047229-index.htm,https://www.sec.gov/Archives/edgar/data/20290/000119312511047229/d10k.htm,2.6138088012139606,0.3239757207890743,0.644916540212443,-0.3603945371775417,1.267071320182094,17.18740515933232,13.905918057663126,17.088012139605464,14.144157814871017,70420740000.0,87176740000.0,41.22994145199063,20.44143396226415,82.84792941176471,-148.25418947368422,3.1267533966788026,3.1267533966788026,25.3052946298984,62.1359515324305,102.56087058823528,-183.5299789473684,0.0060635545721331,-0.0067451719479232,0.8181333806944321,0.3118294127601963,11.942979330007129,1.596869386707724,3.1527777777777777,1.976744186046512,0.0046435183725703,0.765807962529274,0.0,0.0,0.0731934337451345,1.5588235294117647,0.3846153846153846,2.582846003898636,0.0,11.160747000988575,0.0077479117538411,0.0077969506071395,-24.65117602427921,2326000000.0,18328000000.0,-30214000000.0,46995000000.0,1122000000.0,643500000.0,803500000.0,56.35123367198839,107.61206896551724,102.25862068965516,1.5971256374594345,0.8363374188896899,0.8801213960546282,0.0189592398543646,1.005311077389985,2011-02-17,0.69,bmo,3773095238.0,2025-04-25,2010-12-31,-0.0869565217391303,53.30625,2187235.046875
2010-09-30,DUK,USD,1326160,2010-11-05,2010-11-05 13:06:33,2010,Q3,3946000000.0,1361000000.0,2585000000.0,0.6550937658,0,0.0,0.0,0.0,1552000000.0,1552000000.0,2915000000.0,0.0,202000000.0,447000000.0,1616000000.0,0.4095286366,1033000000.0,0.2617840851,-66000000.0,967000000.0,0.2450582869,301000000.0,670000000.0,0.1697921946,1.53,1.53,439999560,440666226,https://www.sec.gov/Archives/edgar/data/1326160/000119312510249670/0001193125-10-249670-index.htm,https://www.sec.gov/Archives/edgar/data/20290/000119312510249670/d10q.htm,8.968190786372604,1.5227287954560682,3.4931853113671294,0.8613644977281341,4.109095018185927,50.338686702323066,48.74095783186692,50.338686702323066,40.82731355458628,23377176622.8,39331176622.8,8.722827098059701,5.924271825342118,15.20961393806116,61.68120480949868,1.0554506579439251,1.0554506579439251,9.967353426964015,24.33859939529703,25.58957490097593,103.77619161688656,0.0286604328149081,0.016212394084851,0.8019323671497585,0.3069982888846639,9.872524752475249,1.6472032742155525,5.1138613861386135,2.307807807807808,0.013774118457314,0.4805970149253731,0.0,0.0,0.0121506472855488,0.7534157449577098,0.2934617334009123,2.306772908366534,0.0,41.52919183850136,0.013124558176617,0.0117227140707562,-76.56882656882657,2372000000.0,21446000000.0,-29671000000.0,42799000000.0,1030500000.0,567000000.0,795500000.0,1.9842878864673088,-6.612784717119765,19.11094783247612,45.35632183908046,-13.61,4.709342560553633,0.0302496726714524,2.631820813638996,2010-10-28,1.26,bmo,3249647058.0,2025-04-25,2010-09-30,0.2142857142857143,51.76125,2697820.84375
2010-06-30,DUK,USD,1326160,2010-08-06,2010-08-06 15:11:16,2010,Q2,3287000000.0,1117000000.0,2170000000.0,0.6601764527,0,0.0,0.0,0.0,2184000000.0,2184000000.0,3306000000.0,0.0,212000000.0,426000000.0,536000000.0,0.1630666261,-14000000.0,-0.0042592029,-88000000.0,-102000000.0,-0.0310313356,116000000.0,-222000000.0,-0.0675387892,-0.51,-0.51,437999562,437999562,https://www.sec.gov/Archives/edgar/data/1326160/000119312510181227/0001193125-10-181227-index.htm,https://www.sec.gov/Archives/edgar/data/20290/000119312510181227/d10q.htm,7.504573714619377,-0.5068498219183151,2.289956627856171,-0.3356167739729384,2.30593837899774,48.54571064616727,38.60277832880573,48.54571064616727,41.10278082880823,21023978976.0,37804978976.0,-23.675652,6.396099475509583,20.9610956889332,-143.02026514285714,0.98875882876358,0.98875882876358,11.50136263340432,70.53167719402985,37.69190326620139,-257.17672772789115,-0.0105593712899648,-0.0069920161244362,0.8367116587499412,0.3154432624113475,31.307835820895523,1.4185561636695334,-0.0660377358490566,-4.622119815668203,0.0151731506373819,-1.436936936936937,0.0,0.0,0.0772163120567375,1.1465603190428717,0.3498630970489808,2.431289640591966,0.0,,-0.0005631235273821,-0.0042655394370256,-73.04915980715067,1606000000.0,16908000000.0,-29694000000.0,45021000000.0,1949000000.0,1266500000.0,1319500000.0,54.0492850623669,99.42703670546103,104.9059982094897,1.665146909827761,0.9051863857374391,0.857910906298003,-0.0104406715891454,2.6255734018291097,2010-08-03,0.85,bmo,2739166666.0,2025-04-25,2010-06-30,0.2,48.953809523809525,3289655.5555555555
2010-03-31,DUK,USD,1326160,2010-05-07,2010-05-07 15:18:31,2010,Q1,3594000000.0,1287000000.0,2307000000.0,0.641903172,0,0.0,0.0,0.0,1546000000.0,1546000000.0,2835000000.0,0.0,210000000.0,456000000.0,1337000000.0,0.3720089037,761000000.0,0.2117417919,-90000000.0,671000000.0,0.1867000556,226000000.0,445000000.0,0.1238174736,1.02,1.02,436666230,436999563,https://www.sec.gov/Archives/edgar/data/1326160/000119312510112744/0001193125-10-112744-index.htm,https://www.sec.gov/Archives/edgar/data/20290/000119312510112744/d10q.htm,8.23054258168762,1.0190849885506374,2.567178139697224,-0.1328245603054763,2.473284916033008,50.49165354508866,39.22446670538274,50.18478300921049,39.93210100080329,21379178620.8,37526178620.8,12.010774506067415,5.948575019699499,19.07152419339875,-368.6065279448276,0.975594534124304,0.975594534124304,10.44134074034502,28.06744848227375,33.47562767243533,-647.0030796689656,0.0208146443739917,-0.0027129199408798,0.7861184630829606,0.2989086113858379,12.077038145100971,1.4247535028541776,3.623809523809524,2.5191011235955054,0.0147807362296211,0.7101123595505618,0.0,0.0,0.0853677580552808,1.056199821587868,0.3294379521424596,2.3399209486166006,0.0,33.92208097851669,0.0092219020643776,0.0084419403183275,-74.18366196992152,1637000000.0,17128000000.0,-30094000000.0,45263000000.0,1832500000.0,1344500000.0,1426000000.0,48.18030050083472,90.83916083916084,93.4965034965035,1.867983367983368,0.9907621247113164,0.962602842183994,0.0203066532810075,2.7114530931324823,2010-05-04,0.96,bmo,3194666666.0,2025-04-25,2010-03-31,0.1250000000000001,49.662295081967216,2555196.8524590163
2009-12-31,DUK,USD,1326160,2010-02-26,2010-02-26 16:59:55,2009,Q4,3110000000.0,1104000000.0,2006000000.0,0.6450160772,0,0.0,0.0,4000000.0,1411000000.0,1415000000.0,2519000000.0,77000000.0,191000000.0,451000000.0,1136000000.0,0.3652733119,595000000.0,0.191318328,-101000000.0,494000000.0,0.1588424437,158000000.0,346000000.0,0.1112540193,0.81,0.81,1293000000,1294000000,https://www.sec.gov/Archives/edgar/data/1326160/000119312510043083/0001193125-10-043083-index.htm,https://www.sec.gov/Archives/edgar/data/1326160/000119312510043083/d10k.htm,2.405259087393658,0.2675947409126063,0.7122969837587007,-0.300077339520495,1.192575406032483,16.926527455529776,13.103634957463264,16.82134570765661,13.307037896365042,66757590000.0,82230590000.0,48.23525289017341,21.46546302250804,72.48381107491858,-172.05564432989692,3.069314482758621,3.069314482758621,26.44070418006431,72.38608274647888,89.28402823018459,-211.93451030927835,0.0051829312592021,-0.0058120732039607,0.7822988505747126,0.2982994389901823,13.620598591549296,1.4104696673189825,3.115183246073298,2.646551724137931,0.0052578291097686,1.0144508670520231,0.0,0.0,0.0866584852734922,1.4212812160694897,0.4209003215434083,2.902439024390244,0.0,10.063763314234862,0.0075146944753463,0.0066414572816093,-24.399651972157773,1678000000.0,16943000000.0,-29388000000.0,44571000000.0,1615000000.0,1242500000.0,1467500000.0,50.38263665594856,113.31521739130436,123.5054347826087,1.7863296955772543,0.7942446043165468,0.7287128712871287,0.0159080459770114,1.0123743232791955,2010-02-12,0.76,bmo,2813809523.0,2025-04-25,2009-12-31,0.1052631578947368,49.4240625,2642797.8125
2009-09-30,DUK,USD,1326160,2009-11-06,2009-11-06 14:15:46,2009,Q3,3396000000.0,1138000000.0,2258000000.0,0.6648998822,0,0.0,0.0,0.0,1813000000.0,1813000000.0,2964000000.0,0.0,190000000.0,432000000.0,973000000.0,0.2865135453,445000000.0,0.1310365135,-94000000.0,351000000.0,0.1033568905,244000000.0,109000000.0,0.0320965842,0.24,0.24,432999567,433332900,https://www.sec.gov/Archives/edgar/data/1326160/000119312509227231/0001193125-09-227231-index.htm,https://www.sec.gov/Archives/edgar/data/1326160/000119312509227231/d10q.htm,7.842963963056341,0.2517323533489815,3.5219434757540995,0.8845274434188983,3.711320108548746,50.21944975755599,38.69749828179389,49.90305221252103,38.37879126562729,20446239553.74,35268239553.74,46.89504484802752,6.020683025247349,13.40737019917377,53.38443747712793,0.9462347072260274,0.9462347072260274,10.38522955057126,36.24690601617677,23.12671446146885,92.0841763805222,0.0053310536499148,0.0187320508983248,0.7602739726027398,0.2945458457345716,15.233299075025691,1.5640129101667564,2.3421052631578947,14.38679245283019,0.0136455409938188,2.559633027522936,0.0,0.0,0.0894502814931688,0.7488524590163934,0.3362779740871613,2.3891213389121337,0.0,16.812191629498752,0.0025557720836367,0.0021463030422368,-70.6588466403709,2097000000.0,16756000000.0,-28214000000.0,43511000000.0,1500000000.0,1055000000.0,1394000000.0,39.46113074204947,86.59929701230229,112.30228471001756,2.280725319006044,1.0392694063926942,0.8014084507042254,0.0050444279896334,2.6374160323352007,2009-10-30,1.15,bmo,3254499999.0,2025-04-25,2009-09-30,0.0434782608695652,45.94640625,2573593.984375
2009-06-30,DUK,USD,1326160,2009-08-07,2009-08-07 11:58:51,2009,Q2,2913000000.0,983000000.0,1930000000.0,0.6625472022,0,0.0,0.0,0.0,1402000000.0,1402000000.0,2398000000.0,0.0,186000000.0,407000000.0,1054000000.0,0.3618262959,528000000.0,0.1812564367,-67000000.0,461000000.0,0.1582560934,177000000.0,276000000.0,0.0947476828,0.63,0.63,429332904,429666237,https://www.sec.gov/Archives/edgar/data/1326160/000119312509168607/0001193125-09-168607-index.htm,https://www.sec.gov/Archives/edgar/data/1326160/000119312509168607/d10q.htm,6.784944673143431,0.6428577857149286,1.926244162269007,-0.5613359650626731,1.653728361802896,49.751602546633606,37.26245962270807,49.43949043327925,37.07845322752155,18791901208.08,33818901208.08,17.021649645,6.451047445272915,22.72297606781137,-77.97469380946059,0.8853246588184303,0.8853246588184303,11.609646827353243,32.08624403043643,40.89347183564692,-140.32739090489628,0.0146871781063497,-0.0128246736363416,0.7412136059549609,0.2875760843736862,14.257115749525616,1.3018594542381068,2.838709677419355,2.932624113475178,0.0157642220699108,1.07333226,0.0,0.0,0.0980094682776142,1.291414752116082,0.3666323377960865,2.352422907488987,0.0,26.74149641107013,0.0062712170908732,0.0055930451699191,-71.78986216253297,1250000000.0,15998000000.0,-27958000000.0,42041000000.0,1488000000.0,1083500000.0,1305500000.0,46.68383110195674,92.92980671414038,125.24923702950151,1.927862342819325,0.9684729064039408,0.7185672514619883,0.0130029209460096,2.48758012733168,2009-08-04,0.76,bmo,2838307692.0,2025-04-25,2009-06-30,0.0263157894736842,42.20333333333333,2974573.888888889
2009-03-31,DUK,USD,1326160,2009-05-08,2009-05-08 12:19:41,2009,Q1,3312000000.0,1219000000.0,2093000000.0,0.6319444444,0,0.0,0.0,0.0,1412000000.0,1412000000.0,2637000000.0,0.0,184000000.0,414000000.0,1172000000.0,0.3538647343,681000000.0,0.205615942,-156000000.0,525000000.0,0.1585144928,179000000.0,344000000.0,0.1038647343,0.81,0.81,427332906,427666239,https://www.sec.gov/Archives/edgar/data/1326160/000119312509104930/0001193125-09-104930-index.htm,https://www.sec.gov/Archives/edgar/data/1326160/000119312509104930/d10q.htm,7.75039776599839,0.8049930046809922,0.4446182293296178,-1.5912652418112636,2.929800121687798,50.03593147118888,37.49301721220598,49.64279535262374,36.690364303468826,18358221641.76,32652221641.76,13.341730844302326,5.542941316956522,96.6222191671579,-26.99738476729412,0.8653823721014425,0.8653823721014425,9.85876257299517,27.86025737351536,171.8537981145263,-48.01797300258824,0.0187381984329839,-0.0370406248093869,0.7304138776279815,0.2891721409375933,12.196245733788396,1.5096481271282634,3.7010869565217392,0.5444126074498568,0.0161235660934978,0.8604651162790697,0.0,0.0,0.1000298596595998,4.578947368421052,0.2626811594202898,1.879049676025918,0.0,29.98578525422711,0.0088026405007537,0.0071333775713337,-68.40041941445998,1796000000.0,16022000000.0,-26882000000.0,41661000000.0,1559000000.0,1314500000.0,1189000000.0,39.80978260869565,85.05332239540607,91.77194421657096,2.2607508532423206,1.0581597222222223,0.9806918744971842,0.0162157066088432,2.035883471140881,2009-05-05,0.96,bmo,3785142857.0,2025-04-25,2009-03-31,-0.125,43.08590163934426,3206067.901639344
2008-12-31,DUK,USD,1326160,2009-02-27,2009-02-27 16:48:05,2008,Q4,3133000000.0,1252000000.0,1881000000.0,0.6003830195,0,0.0,0.0,0.0,1406000000.0,1406000000.0,2658000000.0,0.0,0.0,447000000.0,922000000.0,0.2942866262,475000000.0,0.1516118736,-118000000.0,357000000.0,0.1139482924,95000000.0,331000000.0,0.1056495372,0.81,0.78,1265000000,1268000000,https://www.sec.gov/Archives/edgar/data/1326160/000119312509041096/0001193125-09-041096-index.htm,https://www.sec.gov/Archives/edgar/data/1326160/000119312509041096/d10k.htm,2.476679841897233,0.2616600790513834,0.6727272727272727,-0.2561264822134387,0.8197628458498024,16.7201581027668,12.451383399209488,16.591304347826085,11.414229249011855,56962950000.0,70415950000.0,43.02337613293052,18.1815991062879,66.93648648648649,-175.8115740740741,2.714072327044025,2.714072327044025,22.47556654963294,76.37304772234273,82.74494712103407,-217.33317901234568,0.0058107945603238,-0.0056879076662988,0.6879645511720983,0.2720387361757447,14.591106290672451,1.2135788262370542,0.0,2.5709969788519635,0.0051261390078989,0.8821752265861027,0.0,0.0,0.1017389829869811,1.3807285546415982,0.3750398978614746,0.0,0.0,9.883260856741517,0.0069830219702311,0.0069425509155357,-22.989525691699605,928000000.0,15751000000.0,-26653000000.0,40364000000.0,1654500000.0,1321000000.0,1130000000.0,47.48483881263965,106.1741214057508,81.58945686900958,1.895341802782819,0.8476641841570751,1.1030837004405287,0.0157709167143129,0.9288537549407114,2009-02-05,0.75,bmo,2900925925.0,2025-04-25,2008-12-31,0.08,46.5496875,4255771.71875
2008-09-30,DUK,USD,1326160,2008-11-07,2008-11-07 15:05:47,2008,Q3,3508000000.0,1411000000.0,2097000000.0,0.5977765108,0,0.0,0.0,0.0,1520000000.0,1520000000.0,2933000000.0,0.0,176000000.0,479000000.0,1107000000.0,0.3155644242,577000000.0,0.1644811859,-231000000.0,346000000.0,0.098631699,132000000.0,215000000.0,0.0612884835,0.51,0.51,421666245,422332911,https://www.sec.gov/Archives/edgar/data/1326160/000119312508229845/0001193125-08-229845-index.htm,https://www.sec.gov/Archives/edgar/data/1326160/000119312508229845/d10q.htm,8.319375908308714,0.509881932806834,1.854547309092764,-0.6806330917002854,4.449016306723816,51.000051000051,38.24114496051255,50.585030822184976,35.79845477078678,22048927951.05,35091927951.05,25.638288315174417,6.285327238041619,28.19556003970588,-76.8255329304878,1.033705014113924,1.033705014113924,10.003400214096352,31.700025249367663,44.87458817269821,-122.2715259618467,0.0097510409792854,-0.0130165058653716,0.6994374120956399,0.2827228107411548,11.782294489611562,1.1565217391304348,3.278409090909091,3.637209302325582,0.0136514573709995,1.4,0.0,0.0,0.1019537986317724,1.367007672634271,0.3047320410490308,0.0,0.0,24.090015544846608,0.00714703367252,0.0045369178501339,-65.41548043524328,792000000.0,16125000000.0,-25412000000.0,39420000000.0,1750500000.0,1219500000.0,1075500000.0,42.48574686431015,74.30900070871722,71.75761871013465,2.1183574879227054,1.211158798283262,1.254222222222222,0.0100796999531176,2.535180400793049,2008-11-05,1.33,bmo,4712767676.0,2025-04-25,2008-09-30,-0.2556390977443609,52.794375,2914940.40625
2008-06-30,DUK,USD,1326160,2008-08-11,2008-08-08 18:00:12,2008,Q2,3229000000.0,1126000000.0,2103000000.0,0.6512852276,0,0.0,0.0,0.0,1420000000.0,1420000000.0,2579000000.0,0.0,194000000.0,456000000.0,1153000000.0,0.3570764943,683000000.0,0.2115205946,-180000000.0,503000000.0,0.155775782,167000000.0,351000000.0,0.1087023846,0.84,0.84,421332912,421999578,https://www.sec.gov/Archives/edgar/data/1326160/000119312508172193/0001193125-08-172193-index.htm,https://www.sec.gov/Archives/edgar/data/1326160/000119312508172193/d10q.htm,7.663773486558297,0.8330704533236178,1.6210459248433933,-0.9303806772161204,1.701742208071322,51.00479784024088,38.31174717250666,50.55622144229739,31.998449719968708,21968298031.68,34539298031.68,15.64693592,6.803436987203469,32.1644187872328,-56.041576611428574,1.0313270753335524,1.0313270753335524,10.696592762985444,29.956026046556808,50.56998247683748,-88.11045416244897,0.0159775691086232,-0.0178438948449581,0.6238204779118351,0.2575293616031629,10.902862098872507,1.0655374067352288,3.520618556701031,1.945868945868945,0.0123814780556852,0.7749287749287749,0.0,0.0,0.1036474281948912,1.5739385065885798,0.3329204087952926,2.357456140350877,0.0,30.78360151271189,0.0094498460768117,0.0075891891891891,-65.25540544527887,325000000.0,16142000000.0,-24824000000.0,38138000000.0,1748500000.0,1290000000.0,986000000.0,51.42458965624032,101.82948490230903,82.00710479573712,1.7501355013550135,0.8838304552590267,1.0974658869395713,0.0164780996197361,2.551426602059513,2008-08-05,0.74,bmo,2949950617.0,2025-04-25,2008-06-30,0.0945945945945946,54.703125,2373153.1875
2008-03-31,DUK,USD,1326160,2008-05-09,2008-05-09 17:14:48,2008,Q1,3337000000.0,1231000000.0,2106000000.0,0.6311057836,0,0.0,0.0,0.0,1355000000.0,1355000000.0,2604000000.0,0.0,182000000.0,413000000.0,1282000000.0,0.3841774049,751000000.0,0.2250524423,-65000000.0,686000000.0,0.2055738687,222000000.0,465000000.0,0.1393467186,1.11,1.11,421999578,422666244,https://www.sec.gov/Archives/edgar/data/1326160/000119312508109997/0001193125-08-109997-index.htm,https://www.sec.gov/Archives/edgar/data/1326160/000119312508109997/d10q.htm,7.907590845979471,1.101896836493993,2.398106663509507,-0.1303318838863862,1.5213285355465451,51.17066728441136,38.4858204763418,50.73227822042987,29.10903384837034,22598077401.9,34058077401.9,12.149503979516128,6.771974049115972,22.330116009782607,-410.87413458,1.0555410062076698,1.0555410062076698,10.206196404525022,26.56636302800312,33.654226681719365,-619.2377709436363,0.0205769717365825,-0.0024338353666925,0.5652762856742491,0.2437609523234032,8.939157566302653,0.8531737984181708,4.126373626373627,2.1763440860215053,0.0123019314898278,0.5978494623655914,0.0,0.0,0.1078212177976514,1.0543478260869563,0.319748276895415,2.3606194690265485,0.0,35.465322214559926,0.0108690492046059,0.0104980358513568,-60.89816516356801,-724000000.0,16241000000.0,-23846000000.0,36321000000.0,1709500000.0,1445500000.0,979000000.0,44.55498951153731,95.4833468724614,69.16328188464662,2.0199757869249395,0.942572741194487,1.3012684989429175,0.021719837451539,2.528438547395893,2008-05-02,0.91,bmo,2892066666.0,2025-04-25,2008-03-31,0.1538461538461538,55.51229508196721,2948312.5901639345
2007-12-31,DUK,USD,1326160,2008-02-29,2008-02-29 17:09:31,2007,Q4,2771000000.0,767000000.0,2004000000.0,0.7232046193,0,0.0,0.0,218920000000.0,-217488000000.0,1432000000.0,2199000000.0,0.0,0.0,394000000.0,966000000.0,0.3486106099,572000000.0,0.2064236738,-48000000.0,524000000.0,0.1891014074,265000000.0,243000000.0,0.0876939733,0.57,0.57,420999579,420999579,https://www.sec.gov/Archives/edgar/data/1326160/000119312508043884/0001193125-08-043884-index.htm,https://www.sec.gov/Archives/edgar/data/1326160/000119312508043884/d10k.htm,6.581954325422259,0.5771977268414323,1.707840187650164,-0.4536821638959406,1.6104529168662185,50.78389876489639,38.04754398578627,50.35396959387458,27.947771415704903,25474684525.29,36562684525.29,26.208523174166665,9.193318125330206,35.430715612364395,-133.37531165073298,1.20169274613378,1.20169274613378,13.19476164752436,37.84956990195652,50.85213424936023,-191.4276676716754,0.0095388816202517,-0.0074976394628316,0.5550261804802114,0.2367213906325446,11.478260869565217,0.8628241065171689,0.0,2.9588477366255144,0.0045535401973218,0.4773662551440329,0.0,0.0,0.1078786415580235,1.265646731571627,0.3284012991699747,0.0,0.0,25.572337157720018,0.0064261567151489,0.0054801317035767,-61.31775727975253,-783000000.0,16018000000.0,-23399000000.0,35689000000.0,1772500000.0,1339000000.0,1020500000.0,57.39083363406713,185.98435462842244,118.748370273794,1.5681946802490097,0.4839116719242902,0.7579051383399209,0.0114628048492853,2.1615223515461044,2008-02-05,0.72,bmo,2694222222.0,2025-04-25,2007-12-31,0.1250000000000001,58.7315625,2129910.609375
2007-09-30,DUK,USD,1326160,2007-11-09,2007-11-09 17:24:15,2007,Q3,3688000000.0,1468000000.0,2220000000.0,0.6019522777,0,0.0,0.0,33000000.0,1429000000.0,1462000000.0,2758000000.0,0.0,0.0,546000000.0,1476000000.0,0.4002169197,930000000.0,0.2521691974,-96000000.0,834000000.0,0.2261388286,304000000.0,607000000.0,0.1645878525,1.44,1.44,419999580,421666245,https://www.sec.gov/Archives/edgar/data/1326160/000119312507242697/0001193125-07-242697-index.htm,https://www.sec.gov/Archives/edgar/data/1326160/000119312507242697/d10q.htm,8.780961161913543,1.4452395404776357,2.51666918333585,1.0214295928581645,1.6071444642873214,50.62624110243158,37.76194252384729,50.16909778814541,28.038123276218517,23977776022.2,35078776022.2,9.875525544563429,6.5015661665401305,22.68474552715232,55.8922518,1.1379514983721704,1.1379514983721704,9.511598704501084,23.76610841612466,33.187110711636706,81.76870867645687,0.0253151084336597,0.0178915675750247,0.5588723838450952,0.2401941787178493,7.5210027100271,1.1270316509837468,0.0,1.741350906095552,0.0115940694309018,0.457990115321252,0.0,0.0,0.1102045811491627,0.5941343424787133,0.1702819956616052,0.0,0.0,40.39050861593759,0.0127951330210999,0.0139143590684027,-60.097679145298194,594000000.0,15860000000.0,-22494000000.0,36131000000.0,1632000000.0,1098500000.0,1028000000.0,43.38937093275488,67.00953678474114,63.085831062670295,2.0742407199100112,1.343092406221409,1.4266277939747327,0.028807365573537,1.4952395904776856,2007-11-02,1.18,bmo,3022111111.0,2025-04-25,2007-09-30,0.2203389830508474,55.01095238095238,3097507.238095238
2007-06-30,DUK,USD,1326160,2007-08-09,2007-08-09 17:11:51,2007,Q2,2966000000.0,1135000000.0,1831000000.0,0.617329737,0,0.0,0.0,23000000.0,1425000000.0,1448000000.0,2583000000.0,0.0,0.0,487000000.0,977000000.0,0.3293998651,490000000.0,0.1652056642,-68000000.0,422000000.0,0.1422791639,152000000.0,293000000.0,0.0987862441,0.69,0.69,419999580,422332911,https://www.sec.gov/Archives/edgar/data/1326160/000119312507177636/0001193125-07-177636-index.htm,https://www.sec.gov/Archives/edgar/data/1326160/000119312507177636/d10q.htm,7.061911823816586,0.6976197452387929,1.2285726571440858,-0.6380958761911143,1.4547633595252645,49.07623955243003,36.06908368813131,48.621477192905765,28.478599907171336,23057976942.0,34407976942.0,19.674041759385663,7.774098766689144,44.68600182558139,-86.0372273955224,1.129130646981049,1.129130646981049,11.600801396493594,35.217990728761514,66.68212585658915,-128.3879736641791,0.0127070991846774,-0.0116228757047561,0.5857205817540767,0.2468832562747688,11.617195496417605,1.002991623454328,0.0,1.7610921501706485,0.0287102377483156,2.25938566552901,0.0,0.0,0.1127600726552179,1.5193798449612403,0.2643290627107215,0.0,0.0,27.62579061276067,0.0069008828748566,0.0068163312783529,-60.94529904053714,15000000.0,15149000000.0,-22807000000.0,35277000000.0,1476000000.0,1117500000.0,988500000.0,45.09103169251517,87.54185022026431,81.43612334801762,1.9959623149394348,1.0280797101449275,1.1051606621226877,0.0143479751236472,1.8666685333352,2007-08-07,0.61,bmo,2412346666.0,2025-04-25,2007-06-30,0.2295081967213115,59.544285714285714,2352932.095238095
2007-03-31,DUK,USD,1326160,2007-05-10,2007-05-10 16:37:14,2007,Q1,3035000000.0,1133000000.0,1902000000.0,0.6266886326,0,0.0,0.0,21000000.0,1356000000.0,1377000000.0,2510000000.0,0.0,0.0,461000000.0,1060000000.0,0.3492586491,599000000.0,0.1973640857,-145000000.0,454000000.0,0.1495881384,139000000.0,357000000.0,0.1176276771,0.84,0.84,418999581,422666244,https://www.sec.gov/Archives/edgar/data/1326160/000119312507110338/0001193125-07-110338-index.htm,https://www.sec.gov/Archives/edgar/data/1326160/000119312507110338/d10q.htm,7.243443997620608,0.8520294916476301,2.186159704059466,0.2696900071601742,1.360383221958401,49.730359992889824,36.63488150361659,49.24587263489411,27.53702037711584,25504504495.47,36472504495.47,17.860297265735294,8.403461118771004,27.84334551907205,225.7035796059292,1.2360426720689153,1.2360426720689153,12.017299669018122,34.40802310893396,39.81714464570961,322.76552650858406,0.013997527380444,0.0044305898991321,0.5591741785402733,0.2392336560990275,10.347169811320756,1.1271688996266198,0.0,2.565826330532213,0.0103903214448674,0.742296918767507,0.0,0.0,0.1137697236102759,0.8766375545851528,0.2645799011532125,0.0,0.0,30.72582067421775,0.0091161598348814,0.0083524402227317,-60.25662350244689,579000000.0,15350000000.0,-22260000000.0,35444000000.0,1861000000.0,1408500000.0,1154000000.0,43.47281713344316,89.84112974404238,75.46337157987644,2.0702592087312413,1.0017683465959328,1.1926315789473685,0.0173015411456818,1.9164696968992911,2007-05-08,0.92,bmo,3102444444.0,2025-04-25,2007-03-31,-0.0217391304347826,58.71786885245901,2826148.5081967213
2006-12-31,DUK,USD,1326160,2007-03-01,2007-03-01 17:26:53,2006,Q4,3836000000.0,1346000000.0,2490000000.0,0.6491136601,0,0.0,0.0,218920000000.0,-216822000000.0,2098000000.0,3444000000.0,0.0,0.0,563000000.0,955000000.0,0.2489572471,392000000.0,0.102189781,-23000000.0,369000000.0,0.096193952,-12000000.0,387000000.0,0.1008863399,0.9,0.9,418999581,418999581,https://www.sec.gov/Archives/edgar/data/1326160/000119312507044568/0001193125-07-044568-index.htm,https://www.sec.gov/Archives/edgar/data/1326160/000119312507044568/d10k.htm,9.155140420056888,0.923628608592809,2.4057303293580143,-0.210024076372525,2.262532095467656,64.21724798813105,42.54658192605687,62.29600501676874,48.145632871169866,24306165693.81,43531165693.81,15.70165742494186,6.336330994215328,24.113259616875,-276.20642833875,0.9311993599651368,0.9311993599651368,11.348061963975494,45.582372454251306,43.18568025179563,-494.6723374296591,0.0159218860298708,-0.00362048054426,0.7728526549689679,0.2936390101892285,20.130890052356023,1.0494480568577045,0.0,2.604651162790698,0.0166624388684695,1.0465116279069768,0.0,0.0,0.1321688500727802,1.0873015873015872,0.2857142857142857,0.0,0.0,35.98073623172401,0.006310186266092,0.0064911103656491,-91.82348084496056,327000000.0,17827000000.0,-34853000000.0,50854000000.0,2112500000.0,1455500000.0,1300500000.0,52.93013555787278,112.7340267459138,90.80237741456166,1.700354609929078,0.7983392645314353,0.9911634756995582,0.0148264500804536,2.6157544057305397,2007-02-06,1.2,bmo,3548299999.0,2025-04-25,2006-12-31,0.075,55.61365079365079,2389549.6507936507
2006-09-30,DUK,USD,1326160,2006-11-09,2006-11-09 17:20:21,2006,Q3,3279000000.0,1164000000.0,2115000000.0,0.6450137237,0,0.0,0.0,0.0,1490000000.0,1490000000.0,2654000000.0,0.0,0.0,610000000.0,1235000000.0,0.3766392193,625000000.0,0.1906068923,166000000.0,791000000.0,0.241232083,310000000.0,763000000.0,0.2326928942,1.83,1.8,417999582,420999579,https://www.sec.gov/Archives/edgar/data/1326160/000119312506230622/0001193125-06-230622-index.htm,https://www.sec.gov/Archives/edgar/data/1326160/000119312506230622/d10q.htm,7.844505452160955,1.825360677035318,3.035888203352318,0.9019147775128636,1.9617244497627275,65.32781652398877,43.33497156463664,63.38762319623564,50.83019437086423,22053657946.32,42480657946.32,7.2259691829357795,6.725726729588289,17.378769067234042,58.49776643586207,0.8323391435054347,0.8323391435054347,12.95536991348582,34.39729388365992,33.47569578118203,112.68079030854112,0.0345974351219734,0.0170946697784849,0.8018946256038647,0.3023106912153894,16.54008097165992,1.1243644358939122,0.0,1.6631716906946266,0.0182282685701616,0.526867627785059,0.0,0.0,0.1308016277282946,0.7029156816390859,0.2720341567551083,0.0,0.0,51.02321709619707,0.0057958472872272,0.0124899736450097,-95.82964128418674,905000000.0,18114000000.0,-34793000000.0,50901000000.0,2111000000.0,1347500000.0,1222000000.0,54.04391582799634,94.7164948453608,96.1082474226804,1.6653123412899948,0.950204081632653,0.9364440868865648,0.0287967995169082,2.1339734258394545,2006-11-03,1.68,bmo,3825500000.0,2025-04-25,2006-09-30,-0.1428571428571428,52.31444444444444,1949532.5714285716
2006-06-30,DUK,USD,1326160,2006-08-09,2006-08-09 17:19:31,2006,Q2,3973000000.0,1083000000.0,2890000000.0,0.7274100176,0,0.0,0.0,0.0,1605000000.0,1605000000.0,3363000000.0,0.0,0.0,604000000.0,819000000.0,0.2061414548,215000000.0,0.0541152781,32000000.0,247000000.0,0.0621696451,51000000.0,355000000.0,0.0893531337,0.87,0.84,412666254,419666247,https://www.sec.gov/Archives/edgar/data/1326160/000119312506167978/0001193125-06-167978-index.htm,https://www.sec.gov/Archives/edgar/data/1326160/000119312506167978/d10q.htm,9.62763482957344,0.8602593416809895,1.7277884806156212,-0.2907918901456865,1.8222958449129696,64.01056481831927,41.9830791397835,62.20523183366479,51.4144294435086,21173905492.74,41638905492.740005,14.911201051225351,5.329450161776995,29.696922149705472,-176.4492124395,0.8248502334530581,0.8248502334530581,10.480469542597534,50.84115444779,58.39958694633942,-346.9908791061667,0.0167659197365228,-0.0056673531503739,0.8265290222049084,0.3015148931332423,24.987789987789988,0.8444857496902106,0.0,2.008450704225352,0.0185133536245548,1.104225352112676,0.0,0.0,0.1291780354706684,1.0715287517531558,0.1922980115781525,0.0,0.0,34.69919617502242,0.0026271121086739,0.0057932700153399,-99.1376193314804,-1255000000.0,17325000000.0,-37138000000.0,48730000000.0,2162000000.0,1392500000.0,1000000000.0,51.03699974830103,122.1606648199446,99.80609418282548,1.7634265423879272,0.736734693877551,0.9017485428809324,0.0138293728087261,1.851375033927538,2006-08-03,1.15,bmo,2587945736.0,2025-04-25,2006-06-30,0.1217391304347827,49.90873015873016,2335753.4603174604
2006-03-31,DUK,USD,1326160,2006-05-10,2006-05-09 21:03:43,2006,Q1,3201000000.0,399000000.0,2802000000.0,0.8753514527,0,0.0,0.0,0.0,894000000.0,894000000.0,1282000000.0,0.0,0.0,438000000.0,776000000.0,0.2424242424,338000000.0,0.1055920025,-27000000.0,311000000.0,0.0971571384,108000000.0,358000000.0,0.11184005,1.17,1.11,309333024,320999679,https://www.sec.gov/Archives/edgar/data/1326160/000119312506105941/0001193125-06-105941-index.htm,https://www.sec.gov/Archives/edgar/data/1326160/000119312506105941/d10q.htm,10.34807069289828,1.15732874353564,2.3275885344850864,0.552802276940208,2.5377180549594343,55.858892065788616,55.858892065788616,53.50867419832937,52.2802246940178,15751237582.08,31138237582.08,10.999467585251397,4.9207240181443295,21.876718864,92.11250048,0.9516214102271628,0.9516214102271628,9.72765935085286,40.126594822268046,43.24755219733333,182.0949566203509,0.0227283728109905,0.010856289806367,0.9770420492991784,0.3145263239784507,19.82860824742268,0.8538184201901016,0.0,2.011173184357542,0.0183477646435091,0.8072625698324022,0.0,0.0,0.0,0.8736111111111111,0.1965010934083099,0.0,0.0,37.327742367570735,0.0047055367105792,0.0069626777135966,-101.50953038884072,-892000000.0,17279000000.0,-28928000000.0,28567000000.0,2325500000.0,1873000000.0,831000000.0,58.228678537956895,296.61654135338347,180.22556390977445,1.545630130371801,0.3034220532319391,0.4993742177722152,0.0216288061865635,2.033407205820999,2006-05-02,1.47,bmo,3266326530.0,2025-04-25,2006-03-31,-0.0204081632653061,49.67612903225807,1975233.064516129
2005-12-31,DUK,USD,1326160,2005-12-31,2005-12-30 19:00:00,2005,Q4,3116000000.0,955000000.0,2161000000.0,0.6935173299,0,0.0,0.0,0.0,1592000000.0,1592000000.0,2547000000.0,0.0,0.0,421000000.0,990000000.0,0.3177150193,569000000.0,0.182605905,40000000.0,609000000.0,0.1954428755,188000000.0,606000000.0,0.1944801027,7.77,7.53,308666358,308666358,,,10.0950424924507,1.9632849006499111,0.9071283369339525,-1.231102742981793,1.6555092149044632,55.68472091150277,43.4546870831968,53.25815261020445,51.93309728946878,14800551866.1,30319551866.1,6.10583822858911,4.749856182958922,52.8591138075,-38.94882070026316,0.9003316421984305,0.9003316421984305,9.730279802984596,30.625809965757576,108.2841138075,-79.78829438447369,0.0409444192002067,-0.0256747183103606,0.975120141127806,0.2929298466823822,15.675757575757576,0.9452363981943456,0.0,0.462046204620462,0.0197965591182517,0.4834983498349835,0.0,0.0,0.0689837910933245,2.357142857142857,0.2118100128369704,0.0,0.0,48.50382308914184,0.0082311063793934,0.0118944806469341,-112.2814297760302,-461000000.0,13413000000.0,-29578000000.0,32514000000.0,2355500000.0,1869000000.0,871000000.0,74.5186136071887,229.09947643979052,81.32984293193716,1.207751937984496,0.3928424516659811,1.1066048667439166,0.036863556177383,2.1382310799157453,2006-02-01,1.09,bmo,2630018348.0,2025-04-25,2005-12-31,0.1559633027522935,46.72444444444445,2233574.8253968256
2005-09-30,DUK,USD,1326160,2005-09-30,2005-09-29 20:00:00,2005,Q3,3028000000.0,804000000.0,2224000000.0,0.7344782034,0,0.0,0.0,0.0,1334000000.0,1334000000.0,2138000000.0,0.0,0.0,382000000.0,1296000000.0,0.428005284,890000000.0,0.2939233818,521000000.0,1411000000.0,0.465984148,487000000.0,41000000.0,0.0135402906,0.12,0.12,308666358,321333012,,,9.8099450151286,0.1328295064796144,1.717064352053553,-0.3920090313178866,1.2213835108003577,54.097246321868354,41.87369198168334,51.99141268255739,52.19875630242801,15729637603.68,31464637603.68,95.91242441268292,5.1947284028005285,29.67856151637736,-129.99700498909093,0.9801618646360918,0.9801618646360918,10.391227742298549,24.27826975592593,59.367240761660376,-260.0383273031405,0.0026065444756596,-0.007692484915971,1.003988035892323,0.3021018881368008,12.141203703703704,1.0737552966101696,0.0,12.926829268292684,0.018436534096129,7.073170731707317,0.0,0.0,0.0707441921512009,1.130188679245283,0.1978203434610304,0.0,0.0,12.465346283820056,0.0124451900352945,0.0008272800645682,-110.86485168558605,557000000.0,12925000000.0,-28526000000.0,32930000000.0,2518000000.0,1765500000.0,918000000.0,63.33883751651254,146.3059701492537,98.39552238805967,1.4209291412482403,0.6151491966335119,0.9146757679180888,0.0025548354935194,1.9406066922265623,2005-11-02,1.44,bmo,2523333333.0,2025-04-25,2005-09-30,0.1666666666666666,50.83140625,1836320.3125
2005-06-30,DUK,USD,1326160,2005-06-30,2005-06-29 20:00:00,2005,Q2,5274000000.0,3005000000.0,2269000000.0,0.4302237391,0,0.0,0.0,0.0,1503000000.0,1503000000.0,4508000000.0,0.0,0.0,531000000.0,1297000000.0,0.2459233978,766000000.0,0.1452408039,-281000000.0,485000000.0,0.0919605612,157000000.0,309000000.0,0.058589306,0.99,0.96,308999691,321333012,,,17.06797823302678,1.000001000001,3.8608452847935046,1.8576070356005632,3.265375433660223,59.35281016187165,46.06477098386483,53.12303046930879,59.44342513921802,16049443950.54,33408443950.54,12.984987015,3.043125512047782,13.453012531886,27.960703746585363,0.9777303655522388,0.9777303655522388,6.3345551669586655,25.7582451430532,28.00372502140821,58.20286402533101,0.0192530034655564,0.0357644789295449,1.1189765458422174,0.3280292883293151,13.38396299151889,1.0209001153994102,0.0,3.86084142394822,0.0159507083727587,0.8284789644012945,0.0,0.0,0.0733279757121171,0.5188600167644594,0.1173682214637846,0.0,0.0,34.572668118454914,0.0103184366776628,0.0059550193682668,-109.99606468862132,163000000.0,14234000000.0,-29693000000.0,37659000000.0,3053500000.0,2264000000.0,852000000.0,49.57337883959045,66.6089850249584,28.662229617304497,1.8154905335628224,1.3511690647482015,3.1400208986415885,0.0188242461163569,2.003238249192942,2005-08-03,1.13,bmo,6804814159.0,2025-04-25,2005-06-30,-0.2035398230088494,49.77546875,2277324.171875
2005-03-31,DUK,USD,1326160,2005-03-31,2005-03-30 19:00:00,2005,Q1,5328000000.0,3099000000.0,2229000000.0,0.4183558559,0,0.0,0.0,0.0,1563000000.0,1563000000.0,4662000000.0,0.0,0.0,550000000.0,1216000000.0,0.2282282282,666000000.0,0.125,645000000.0,1311000000.0,0.2460585586,451000000.0,868000000.0,0.1629129129,2.73,2.64,317999682,329999670,,,16.754733735865813,2.729562477990151,2.518870443398745,1.1635231761017923,3.1478018899402547,58.22332866358023,45.20130306293828,52.25791389313402,58.4591779560333,15559724440.26,33148724440.26,4.481487453991935,2.92036870125,19.425373833033703,42.053309298,0.9363175135551812,0.9363175135551812,6.221607439988739,27.2604641778454,41.38417533116105,89.59114713583784,0.0557850496217075,0.023779341428608,1.1186665061980985,0.3325105530514416,14.464638157894736,1.1623367504563966,0.0,0.922811059907834,0.0170954184324587,0.3064516129032258,0.0,0.0,0.0740681118981183,0.5380774032459426,0.0808933933933934,0.0,0.0,56.651813043949645,0.0086610207928463,0.0167674387157841,-105.71394219192962,1156000000.0,14374000000.0,-29116000000.0,38688000000.0,3193000000.0,2359000000.0,844500000.0,54.08783783783784,66.91190706679573,21.69409486931268,1.6639600249843849,1.3450520833333333,4.14859437751004,0.0522325189553496,1.3553472672969529,2005-05-04,1.28,bmo,5704085937.0,2025-04-25,2005-03-31,0.0078125,46.5472131147541,1980597.1475409835
2004-12-31,DUK,USD,1326160,2004-12-31,2004-12-30 19:00:00,2004,Q4,6037000000.0,3567000000.0,2470000000.0,0.4091436144,0,0.0,0.0,0.0,1769000000.0,1769000000.0,5336000000.0,0.0,0.0,513000000.0,1214000000.0,0.2010932582,701000000.0,0.1161172768,-97000000.0,604000000.0,0.1000496936,244000000.0,358000000.0,0.0593009773,1.11,1.08,312666354,312666354,,,19.30812165353743,1.1449904840096738,2.414714568232692,1.4232423614086729,1.7046925362490395,57.7644500885439,44.497912301750254,53.01178009067135,60.23033741583848,13835486164.5,32134486164.5,9.661652349511172,2.29178170689084,18.325147237748343,31.09098014494382,0.8347201305882352,0.8347201305882352,5.32292300223621,26.469922705518947,42.56223333046358,72.21232845955056,0.0258754911640604,0.0321636691843767,1.1361689291101056,0.3394988281954209,15.07331136738056,1.062516662223407,0.0,2.1089385474860336,0.019298201510626,0.7458100558659218,0.0,0.0,0.0747791599062556,0.4105960264900662,0.0513500082822594,0.0,0.0,36.95544119943941,0.008378410394169,0.0069755660340594,-108.79648406300858,469000000.0,13913000000.0,-29438000000.0,38123000000.0,2952000000.0,2078000000.0,918000000.0,47.467285075368565,60.90832632464255,23.76787216148023,1.8960427135678397,1.4776304888152445,3.786624203821656,0.0215987933634992,0.9914722068240192,2005-02-02,0.72,bmo,6288541666.0,2025-04-25,2004-12-31,-0.0416666666666667,43.2396875,1661597.125
2004-09-30,DUK,USD,1326160,2004-09-30,2004-09-29 20:00:00,2004,Q3,5081000000.0,2811000000.0,2270000000.0,0.4467624483,0,0.0,0.0,0.0,1425000000.0,1425000000.0,4236000000.0,0.0,0.0,581000000.0,1426000000.0,0.2806534147,845000000.0,0.1663058453,-317000000.0,528000000.0,0.1039165519,147000000.0,389000000.0,0.0765597323,1.23,1.2,312666354,324333009,,,16.25054929958981,1.2441377046920756,3.457359534118596,2.091686526654544,9.140734087429184,54.399841180224975,41.60025481987103,49.32414314077427,66.05443705656926,12503527496.46,30298527496.46,8.035686051709513,2.4608398930249957,11.566630431507864,19.118543572568807,0.8107591425534951,0.8107591425534951,5.963103227014367,21.24721423314165,28.028240052229418,46.32802369489296,0.0311112204224074,0.0523052394762326,1.3391907664375566,0.377299548767789,12.478962131837308,0.9906071019473082,0.0,2.7789203084832903,0.0344702724988627,1.1079691516709511,0.0,0.0,0.0731105792944701,0.395004625346901,0.0840385750836449,0.0,0.0,37.15825063487235,0.0123029058772385,0.0076669885882097,-103.57686263869633,-82000000.0,13007000000.0,-29082000000.0,36776000000.0,2851000000.0,1927000000.0,865500000.0,48.179492225939775,55.77374599786553,28.62326574172892,1.8680147058823529,1.613662456946039,3.1442953020134228,0.0252237063934638,1.3656730074640522,2004-11-03,1.14,bmo,5507000000.0,2025-04-25,2004-09-30,0.0,37.859375,1593242.578125
2004-06-30,DUK,USD,1326160,2004-06-30,2004-06-29 20:00:00,2004,Q2,5316000000.0,3201000000.0,2115000000.0,0.3978555305,0,0.0,0.0,0.0,1371000000.0,1371000000.0,4534000000.0,0.0,0.0,467000000.0,1249000000.0,0.234951091,782000000.0,0.147103085,-242000000.0,540000000.0,0.1015801354,134000000.0,432000000.0,0.0812641084,1.38,1.35,308666358,320333013,,,17.222479425503185,1.3995694341266696,3.4568069125304546,1.1954655583165303,8.734349987049772,53.011932061608086,40.52271870846385,47.58860050436724,68.53030611129964,10939135727.52,29396135727.52,6.330518360833333,2.0577757199999995,10.252235920824742,29.645354275121942,0.7447161636272039,0.7447161636272039,5.529747127072986,23.5357371717534,27.55026778586691,79.66432446482384,0.03949123685459,0.0337320981466289,1.440057185649125,0.3858135590128951,14.77742193755004,1.0986168032786885,0.0,2.469907407407407,0.0881239637218165,2.2314814814814814,0.0,0.0,0.0703120725190143,0.6541705716963448,0.1313017306245297,0.0,0.0,38.71149558299823,0.0120011460910809,0.0084752413089539,-107.27764507462132,770000000.0,12508000000.0,-29886000000.0,37355000000.0,2835500000.0,2056000000.0,857500000.0,50.48532731376975,59.381443298969074,23.53327085285848,1.7826961770623742,1.515625,3.824372759856631,0.0294097624072435,2.261341354213924,2004-07-29,0.71,bmo,4484281689.0,2025-04-25,2004-06-30,0.7746478873239437,35.560483870967744,2125441.870967742
2004-03-31,DUK,USD,1326160,2004-03-31,2004-03-30 19:00:00,2004,Q1,5636000000.0,3553000000.0,2083000000.0,0.3695883605,0,0.0,0.0,0.0,1372000000.0,1372000000.0,4925000000.0,0.0,0.0,476000000.0,1187000000.0,0.210610362,711000000.0,0.1261533002,-613000000.0,98000000.0,0.0173882186,33000000.0,311000000.0,0.0551809794,1.02,0.99,303999696,315666351,,,18.53949222370275,1.0230273388168123,4.1940831414515625,2.1546074177653125,4.93421546053125,52.08886787834156,39.15464441780231,46.421099052678,71.70401907244012,12001907998.08,32299907998.08,9.647836011318327,2.1295081614762243,9.413261174964704,18.32352366119084,0.8504753399999999,0.8504753399999999,5.730998580212917,27.21137994783488,25.333261174964708,49.31283663829008,0.0259125465759071,0.0545746559717657,1.5446428571428572,0.3938140232335459,17.100252737994946,1.0140180793921132,0.0,4.09967845659164,0.0220798226450655,0.8520900321543409,0.0,0.0,0.0710375602970136,0.4862745098039215,0.1100070972320794,0.0,0.0,32.68831904745621,0.0095303672578525,0.0060483478869678,-116.97462355357092,107000000.0,11903000000.0,-31776000000.0,38117000000.0,2788500000.0,2165500000.0,1017000000.0,42.94002838892832,50.66141289051506,22.24036025893611,2.095946448493864,1.7765,4.046697038724374,0.0220379818594104,2.03947572368625,2004-04-29,1.12,bmo,6680000000.0,2025-04-25,2004-03-31,-0.1428571428571429,37.72596774193549,2286779.516129032
2003-12-31,DUK,USD,1326160,2003-12-31,2003-12-30 19:00:00,2003,Q4,5417000000.0,3221000000.0,2196000000.0,0.4053904375,0,0.0,0.0,0.0,4769000000.0,4769000000.0,7990000000.0,0.0,0.0,494000000.0,-2079000000.0,-0.3837917667,-2573000000.0,-0.4749861547,-311000000.0,-2884000000.0,-0.5323980063,-1019000000.0,-2021000000.0,-0.3730847332,-6.72,-6.72,301666365,301666365,,,17.9569240342721,-6.699454213266368,3.898346439782904,2.4895052519361918,3.845307712711027,51.656405247565466,38.52269045639211,46.01772557573663,72.7691335426142,10775522557.8,31567522557.8,-1.332944403488372,1.9892048288351485,9.162859317857142,14.34823243382157,0.7762226305863708,0.7762226305863708,5.827491703489016,-15.183993534295334,26.84313142670068,42.033984764047936,-0.1875547092179834,0.0696949958548765,1.5813283388560726,0.3905841325196164,-10.000962000962,1.0180691791430043,0.0,-0.5818901533894112,0.0245927748356089,-0.1311232063334982,0.0,0.0,0.0704944575912317,0.3613945578231292,0.0784567103562857,0.0,0.0,,-0.0334214166686516,-0.0386860894699565,-121.710618948188,140000000.0,11621000000.0,-32732000000.0,39088000000.0,2995000000.0,2331000000.0,1217500000.0,47.9822780136607,65.13194660043465,32.30052778640174,1.8756925207756232,1.3818103818103815,2.786332179930796,-0.1455842097680449,1.4088411878467126,2004-01-29,0.4,bmo,4692476250.0,2025-04-25,2003-12-31,0.65,32.226406250000004,2733873.21875
2003-09-30,DUK,USD,1326160,2003-09-30,2003-09-29 20:00:00,2003,Q3,5539000000.0,3444000000.0,2095000000.0,0.3782271168,0,0.0,0.0,0.0,1818000000.0,1818000000.0,5190000000.0,0.0,0.0,521000000.0,808000000.0,0.1458747066,287000000.0,0.0518144069,-304000000.0,-17000000.0,-0.0030691461,-22000000.0,49000000.0,0.0088463622,0.15,0.15,301666365,302333031,,,18.361344328195155,0.162431101657621,2.6850855580137347,0.6430945657464995,5.804425693928456,58.94591529950646,46.1171731889964,53.257511821047736,79.43875347190264,9384840615.15,31597840615.15,47.88183987321428,1.6943203854757176,11.586222981666667,48.37546708840206,0.5841429487831444,0.5841429487831444,5.70461105166095,39.10623838508664,39.009679771790125,162.87546708840208,0.0052211861670723,0.020671635028817,1.4915971617079546,0.3990807354116706,27.49133663366337,1.1604706471398172,0.0,16.53061224489796,0.0279173627708766,5.346938775510204,0.0,0.0,0.0644484412470024,0.7604938271604939,0.1112114100018053,0.0,0.0,13.951351802758133,-0.001576729017967,0.0008722275623909,-124.47194767636756,1282000000.0,13912000000.0,-32995000000.0,42649000000.0,4606500000.0,3795000000.0,1229000000.0,50.40259974724679,60.91463414634147,33.423344947735195,1.7856221792392004,1.4774774774774777,2.692728694292416,0.0030499190837794,2.0419909922672352,2003-10-30,1.08,bmo,5692861111.0,2025-04-25,2003-09-30,-0.0277777777777778,31.1634375,2273791.875
2003-06-30,DUK,USD,1326160,2003-06-30,2003-06-29 20:00:00,2003,Q2,5152000000.0,3033000000.0,2119000000.0,0.4112965839,0,0.0,0.0,0.0,1453000000.0,1453000000.0,4486000000.0,0.0,0.0,488000000.0,1154000000.0,0.2239906832,666000000.0,0.1292701863,-70000000.0,596000000.0,0.1156832298,195000000.0,424000000.0,0.0822981366,1.38,1.38,300666366,300999699,,,17.13527212418565,1.4102009667419868,1.586476087584735,-1.05765072505649,4.929051492244397,59.03220980826303,46.569891359248345,52.76612815415477,75.72513115750367,10478222855.1,31764222855.1,6.178197438148585,2.0338165479619565,21.966924224528302,-32.950386336792455,0.6604615729656477,0.6604615729656477,6.165415926843944,27.525323098006933,66.59166217002097,-99.88749325503144,0.0404648770944616,-0.0303486578208461,1.4351087299086038,0.3547633145314594,18.445407279029464,1.053272834215612,0.0,1.125,0.0544939736342867,1.346698113207547,0.0,0.0,0.0583844931284864,1.6666666666666667,0.1543090062111801,0.0,0.0,40.91752694164157,0.0083057889793557,0.007016266485744,-132.286994814711,634000000.0,14002000000.0,-33894000000.0,42115000000.0,6766500000.0,5909000000.0,1062500000.0,106.75271739130434,156.053412462908,34.98516320474778,0.843069873997709,0.5767256132344553,2.572519083969466,0.0267254963756697,2.644126812641225,2003-07-30,0.91,bmo,5325890109.0,2025-04-25,2003-06-30,-0.0109890109890109,30.585238095238097,3266858.6507936507
2003-03-31,DUK,USD,1326160,2003-03-31,2003-03-30 19:00:00,2003,Q1,6172000000.0,4040000000.0,2132000000.0,0.3454309786,0,0.0,0.0,0.0,1245000000.0,1245000000.0,5285000000.0,0.0,0.0,484000000.0,1371000000.0,0.22213221,887000000.0,0.143713545,-300000000.0,587000000.0,0.0951069345,195000000.0,225000000.0,0.0364549579,0.75,0.75,298999701,298999701,,,20.642161110388532,0.7525091137131271,4.719068264218766,2.5953203210728293,3.7090338093682576,57.1204584582511,44.64552959536237,51.635503140519866,74.77933899338582,7594592405.4,28844592405.4,8.438436006,1.2304913164938431,5.38241843047484,9.78684588324742,0.491909605894164,0.491909605894164,4.673459560174984,21.03909001123268,20.442659394330263,37.17086650180413,0.0296263430595719,0.1021779653965681,1.4482155580024614,0.353529923314096,15.49963530269876,0.9875105355911424,0.0,6.271111111111111,0.14418153622325,4.866666666666666,0.0,0.0,0.0589769942287927,0.4500354358610914,0.1028839922229423,0.0,0.0,29.567959024070124,0.0113751985770467,0.0037805595228093,-130.49344153023085,-163000000.0,13349000000.0,-33278000000.0,40497000000.0,6141500000.0,5098000000.0,1040000000.0,108.22747893713546,146.11633663366337,21.074257425742573,0.8315817838857451,0.6159475529806373,4.2706131078224105,0.0145734827385193,2.1237479431459363,2003-04-30,1.06,bmo,4951811320.0,2025-04-25,2003-03-31,0.2169811320754716,27.73754098360656,4156364.8852459015
2002-12-31,DUK,USD,1326160,2002-12-31,2002-12-30 19:00:00,2002,Q4,4477000000.0,2426000000.0,2051000000.0,0.4581192763,0,0.0,0.0,0.0,1890000000.0,1890000000.0,4316000000.0,0.0,0.0,423000000.0,584000000.0,0.1304444941,161000000.0,0.0359615814,-108000000.0,53000000.0,0.0118382846,105000000.0,-52000000.0,-0.0116149207,-0.3,-0.3,298846696,298999701,,,14.980925203201846,-0.1740022583351565,4.232939553730251,0.304503952086524,2.867691065254407,61.613530437023805,49.075329245065504,50.53092505998461,75.17901419261466,10199637734.48,31809637734.480003,-49.036719877307696,2.278230452195667,8.06295473081423,112.08393114813188,0.6754279673187207,0.6754279673187207,7.105123460906858,54.46855776452056,25.1459586833834,349.5564586206594,-0.0050982202852375,0.0089218854991656,1.4877822660750943,0.3685168782600138,37.00342465753425,0.9885738115095912,0.0,-24.32692307692308,0.02362829016812,-4.634615384615385,0.0,0.0,0.0614604861726208,0.9280632411067192,0.2622291713200804,0.0,0.0,,-0.0030838753690004,-0.000908789038606,-125.42634903348572,-137000000.0,14666000000.0,-30700000000.0,39829000000.0,5409500000.0,4039000000.0,1150000000.0,97.71945499218226,134.9258037922506,42.069249793899424,0.9210039086607694,0.6670332691778939,2.1393298059964727,-0.003443480564201,3.928435601643727,2003-01-28,0.88,bmo,4070000000.0,2025-04-25,2002-12-31,0.0909090909090908,34.019375,2905481.640625
2002-09-30,DUK,USD,1326160,2002-09-30,2002-09-29 20:00:00,2002,Q3,3982000000.0,1788000000.0,2194000000.0,0.5509794073,0,0.0,0.0,0.0,1654000000.0,1654000000.0,3442000000.0,0.0,0.0,480000000.0,1020000000.0,0.2561526871,540000000.0,0.1356102461,-202000000.0,338000000.0,0.0848819689,108000000.0,230000000.0,0.0577599196,0.81,0.81,277999722,277999722,,,14.323755330949576,0.8273389568353597,6.183459420869493,2.352520338131849,1.7014405503614136,63.30581870150216,49.125948406523946,51.38854059717369,82.31662907921901,9493690506.3,31904690506.3,10.319228811195652,2.384151307458563,5.522798432984293,14.516346339908257,0.6645450445401092,0.6645450445401092,8.01222765100452,31.279108339509804,18.560029381210004,48.78393043776758,0.0242266165983999,0.0688878576319721,1.6018479630407392,0.3641223924769678,21.97156862745098,0.8587272050614068,0.0,7.473913043478261,0.0250692815235617,1.0347826086956522,0.0,0.0,0.0627237576972647,0.6195462478184991,0.2674535409342039,0.0,0.0,30.92901849956667,0.0069703439365247,0.0039045921398862,-142.89043066021483,-1898000000.0,13657000000.0,-33711000000.0,38375000000.0,6277500000.0,4847500000.0,1170000000.0,134.66097438473128,223.54026845637583,58.69127516778523,0.6683450822423632,0.4026120243188471,1.5334476843910807,0.0160996780064398,3.830939082737644,2002-10-24,1.72,bmo,4435488372.0,2025-04-25,2002-09-30,-0.0930232558139534,43.03671875,3886366.15625
2002-06-30,DUK,USD,1326160,2002-06-30,2002-06-29 20:00:00,2002,Q2,3617000000.0,13957000000.0,-10340000000.0,-2.8587226984,0,0.0,0.0,0.0,1352000000.0,1352000000.0,15345000000.0,0.0,0.0,410000000.0,1252000000.0,0.3461432126,842000000.0,0.2327896046,-121000000.0,721000000.0,0.1993364667,247000000.0,474000000.0,0.1310478297,1.71,1.68,276999723,279761625,,,13.057774790626777,1.7111930469331191,2.620941249100094,-4.693145487369314,0.3140797364624079,70.47660477263365,55.58489313001948,54.58128201810512,79.51271489177627,14692065307.92,36630065307.92,7.74897959278481,4.061947831882776,20.237004556363637,-11.3015886984,0.9717617109544282,0.9717617109544282,10.12719527451479,29.257240661277955,50.45463541035812,-28.17697331378461,0.0322623123479094,-0.0884831351313973,1.4567762418149348,0.3378482022334029,17.522364217252395,0.8207649532076495,0.0,1.5316455696202531,0.0104137843654644,0.3227848101265823,0.0,0.0,0.0632746349245306,1.943526170798898,0.3901022947193807,0.0,0.0,45.84190202584025,0.0102221127605267,0.0077619663648124,-144.5786644342601,-2643000000.0,15397000000.0,-33567000000.0,37866000000.0,6122000000.0,4744000000.0,1161500000.0,164.149847940282,33.8797735903131,7.570394783979364,0.5482795209943914,2.656452226874762,11.888415672913116,0.0313512798465507,5.093867909752387,2002-07-23,1.54,bmo,14848181818.0,2025-04-25,2002-06-30,0.0909090909090908,61.2046875,2565584.09375
2002-03-31,DUK,USD,1326160,2002-03-31,2002-03-30 19:00:00,2002,Q1,3308000000.0,9871000000.0,-6563000000.0,-1.9839782346,0,0.0,0.0,0.0,1323000000.0,1323000000.0,2640000000.0,0.0,0.0,379000000.0,1047000000.0,0.3165054414,668000000.0,0.2019347037,-128000000.0,540000000.0,0.1632406288,158000000.0,382000000.0,0.11547763,1.44,1.44,262666404,262666404,,,12.593921223362848,1.454316175128358,3.121830532998046,-1.7284281243672106,0.5748736713203718,72.99372781606284,57.44168180716404,57.48736713203719,81.8681021726707,17207276126.04,38560276126.04,11.261306365209425,5.201715878488513,20.984483080536585,-37.901489264405285,1.1395547103337749,1.1395547103337749,11.656673556844014,36.82929906976123,47.02472698297561,-84.93452891198238,0.0221999110842368,-0.0263841875189621,1.4241059602649009,0.3438109551370191,20.39446036294174,0.9042684812867304,0.0,2.1465968586387434,0.0177831748475824,0.8010471204188482,0.0,0.0,0.0653119304192114,1.553658536585366,0.3851269649334946,0.0,0.0,43.37174399799298,0.0089506231299961,0.0065342707103881,-146.2396766965295,-1238000000.0,15088000000.0,-31679000000.0,38151000000.0,5474000000.0,4232500000.0,1083000000.0,153.636638452237,38.60399149022389,10.4761422348293,0.5857977687267576,2.3313651393481343,8.59094865100087,0.0252980132450331,4.850258657365257,2002-04-17,1.23,bmo,9855853658.0,2025-04-25,2002-03-31,0.1707317073170731,62.8315,2534974.35
2001-12-31,DUK,USD,1326160,2001-12-31,2001-12-30 19:00:00,2001,Q4,10714000000.0,8671000000.0,2043000000.0,0.1906850849,0,0.0,0.0,0.0,1497000000.0,1497000000.0,10168000000.0,0.0,0.0,319000000.0,865000000.0,0.0807354863,546000000.0,0.050961359,-214000000.0,332000000.0,0.030987493,107000000.0,225000000.0,0.02100056,0.84,0.84,257666409,258333075,,,41.580895397195526,0.8732220892634864,2.60802330660028,-4.692113359642467,1.125486248384049,64.3312415628069,57.61713394313653,50.15399582023127,55.10225432605769,17670762329.22,31578762329.22,19.6341803658,1.6493151324640658,26.295777275625,-14.616015160645162,1.3673885575501044,1.3673885575501044,2.9474297488538364,36.50723968695954,46.992205847053576,-26.11973724501241,0.0127328971896104,-0.0684181008988402,1.0986613015553663,0.2934987080103359,16.078612716763004,0.912960306073649,0.0,2.986666666666667,0.0124499439187302,0.9777777777777776,0.0,0.0,0.0357622739018087,2.799107142857143,0.175564681724846,0.0,0.0,31.391089226701368,0.0092979400578417,0.0048236681316325,-104.88270514143736,-910000000.0,14846000000.0,-22254000000.0,29235000000.0,6874000000.0,5648000000.0,944500000.0,44.529587455665485,43.91535001729904,10.555875908199743,2.021128089039804,2.0493973056015125,8.526057030481809,0.0174108179215352,7.300136666242747,2002-01-17,1.36,bmo,13156161764.0,2025-04-25,2001-12-31,-0.2279411764705882,66.28859375,2033616.0625
2001-09-30,DUK,USD,1326160,2001-09-30,2001-09-29 20:00:00,2001,Q3,4729000000.0,13523000000.0,-8794000000.0,-1.8595897653,0,0.0,0.0,0.0,1674000000.0,1674000000.0,3237000000.0,0.0,0.0,323000000.0,1815000000.0,0.3838020723,1492000000.0,0.3155001057,-216000000.0,1276000000.0,0.2698244872,480000000.0,796000000.0,0.1683231127,3.06,3.03,258333075,261385877,,,18.305824757437662,3.081293403874049,6.627103401296949,0.1045162335484916,2.3883894851636787,59.13296235876881,52.84263348779478,49.34714612133967,50.63617966843773,17225649441.0,29689649441.0,5.410065779208543,3.642556447663354,10.06171112207944,637.9870163333334,1.3512432884374022,1.3512432884374022,6.278208805455699,16.35793357630854,17.34208495385514,1099.616645962963,0.0462101590263054,0.0015674300172239,1.0261217445873865,0.2592196262608248,6.867217630853994,0.9703533934644388,0.0,2.150753768844221,0.0134682875554056,0.2914572864321608,0.0,0.0,0.0322018112280284,0.9842289719626168,0.3563121167265807,0.0,0.0,58.490967734198826,0.0245657221680928,0.0162987837339776,-107.60817212430116,-401000000.0,13651000000.0,-22062000000.0,28051000000.0,8378500000.0,7179500000.0,873500000.0,160.75914569676462,47.01989203579088,5.803445980921393,0.5598437315023085,1.9140835102618543,15.50802752293578,0.0624411672419203,6.522587167748458,2001-10-16,2.28,bmo,11218657894.0,2025-04-25,2001-09-30,0.3289473684210526,68.18864406779662,1628089.5423728814
2001-06-30,DUK,USD,1326160,2001-06-30,2001-06-29 20:00:00,2001,Q2,15580000000.0,13306000000.0,2274000000.0,0.1459563543,0,0.0,0.0,0.0,1394000000.0,1394000000.0,14700000000.0,0.0,0.0,289000000.0,1169000000.0,0.0750320924,880000000.0,0.0564826701,-225000000.0,655000000.0,0.0420410783,236000000.0,419000000.0,0.0268934531,1.62,1.59,257666409,261006028,,,60.46577844766719,1.6261335795617813,8.507123642958055,2.1384238719296933,4.816304945671051,57.44637051234723,51.24843417210817,47.89138036227299,50.91466928465635,17559965773.350002,29437965773.35,10.47730654734487,1.127083810869705,8.010933290761862,31.869266376315792,1.4230118130753648,1.4230118130753648,1.889471487378049,25.18217773597092,13.42972891119982,53.42643516034483,0.0238610943442667,0.0313781932784988,1.063128038897893,0.2612357872518369,10.16082121471343,1.073519651943072,0.0,6.786377708978328,0.0120159687509314,0.5035799522673031,0.0,0.0,0.0318007128775961,0.7486313868613139,0.1053273427471116,0.0,0.0,41.85988640715357,0.0150468111223651,0.0086174982518201,-106.75043016569536,997000000.0,13205000000.0,-20859000000.0,28155000000.0,8252000000.0,7448000000.0,766000000.0,48.003851091142494,49.33563805801894,5.918382684503231,1.874849578820698,1.8242391006306555,15.206857142857142,0.0339546191247974,6.368699771028361,2001-07-17,1.56,bmo,15280384615.0,2025-04-25,2001-06-30,0.0192307692307692,76.16396825396825,1826739.253968254
2001-03-31,DUK,USD,1326160,2001-03-31,2001-03-30 19:00:00,2001,Q1,16491000000.0,14001000000.0,2490000000.0,0.1509914499,0,0.0,0.0,0.0,1308000000.0,1308000000.0,15309000000.0,0.0,0.0,357000000.0,1539000000.0,0.0933236311,1182000000.0,0.0716754593,-301000000.0,881000000.0,0.0534230793,327000000.0,458000000.0,0.0277727245,1.83,1.8,248333085,252221970,,,66.40677781617379,1.844297146310569,0.0765101436242375,-2.834902163761224,1.9691294859080093,57.507440057775625,51.41078966582322,42.096686391988406,52.84434814636157,18540548126.1,31174548126.1,10.120386531713974,1.124282828579225,975.8183224263158,-26.336005860937497,1.7735362661277978,1.7735362661277978,1.8903976791037536,20.256366553671217,1640.7656908473684,-44.282028588210224,0.0247026138000344,-0.0379708299459044,1.255308972642051,0.2574904346119886,8.209226770630279,0.994071927282308,0.0,0.0342960288808664,0.011218654302199,0.4541484716157205,0.0,0.0,0.0297066614343176,38.05263157894737,0.0438420956885573,0.0,0.0,41.79560943558775,0.0202898504920713,0.0092616933934601,-119.68199887662976,-90000000.0,12767000000.0,-21592000000.0,25858000000.0,8243500000.0,7488500000.0,696500000.0,44.71893760232854,48.86650953503322,4.223269766445254,2.0125701732975347,1.8417521704814523,21.310502283105023,0.04381098144251,2.911412307385462,2001-04-17,1.74,bmo,11941758620.0,2025-04-25,2001-03-31,0.2758620689655173,68.42016129032258,2491389.096774193
2000-12-31,DUK,USD,1326160,2000-12-31,2000-12-30 19:00:00,2000,Q4,15818000000.0,13317000000.0,2501000000.0,0.1581110128,0,0.0,0.0,0.0,1388000000.0,1388000000.0,14705000000.0,0.0,0.0,351000000.0,1464000000.0,0.092552788,1113000000.0,0.0703628777,-748000000.0,365000000.0,0.0230749779,81000000.0,284000000.0,0.0179542294,1.14,1.13,245333088,245333088,,,64.47560795386882,1.1576098532620271,1.3777187690231167,-2.44157852853505,2.535328622285144,57.652231565275045,51.26907300820344,41.995965909009385,53.04217260739,17732675600.64,30123675600.64,15.609749648450704,1.1210441016968011,52.46353728,-29.603798999399,1.7211176939376882,1.7211176939376882,1.904392186157542,20.576281147978143,89.12330059360947,-50.28994257202003,0.0160156316167961,-0.0337794483748623,1.2630301853828982,0.223683305830583,8.46379781420765,0.9493508163002956,0.0,1.1901408450704225,0.0116733652981577,0.7288732394366197,0.0,0.0,0.0269183168316831,2.772189349112426,0.0592363130610696,0.0,0.0,33.07319516624184,0.0233204653144487,0.0050167814873697,-150.09084302562565,-1182000000.0,12578000000.0,-21877000000.0,24853000000.0,8334000000.0,7650500000.0,769500000.0,47.18485269945632,49.84230682586168,4.974093264248705,1.9073917761967925,1.8056949152542368,18.09375,0.0275647869552557,3.819297297558167,2001-01-19,1.31,bmo,14610519083.0,2025-04-25,2000-12-31,0.0763358778625953,74.69063492063492,1866563.984126984
2000-09-30,DUK,USD,1326160,2000-09-30,2000-09-29 20:00:00,2000,Q3,15284000000.0,12871000000.0,2413000000.0,0.157877519,0,0.0,0.0,0.0,1319000000.0,1319000000.0,14190000000.0,0.0,0.0,343000000.0,1437000000.0,0.0940198901,1094000000.0,0.0715781209,174000000.0,1268000000.0,0.0829625752,498000000.0,770000000.0,0.0503794818,3.12,3.11,245333088,246698626,,,62.2989753424536,3.138590095111834,4.854624419841811,-2.4334263464698247,3.101905275818319,49.08836430575561,44.21743552178335,41.57205244161766,51.76228002314959,18375448291.2,30313448291.2,5.96605464,1.2022669648783042,15.428587985894207,-30.779645378894475,1.801691174742622,1.801691174742622,1.9833452166448573,21.094953577731385,25.452097641645675,-50.77629529514238,0.0419037395876079,-0.0324890032906518,1.245122070791254,0.2548925152044318,8.30758524704245,0.9515956815755132,0.0,1.5467532467532468,0.0549102249920732,1.3103896103896104,0.0,0.0,0.0239858694124967,1.5012594458438286,0.116985082439152,5.2128279883381925,0.0,54.18253150787111,0.0189350873430861,0.0158351499197959,-123.64516440603396,-816000000.0,10848000000.0,-21736000000.0,24425000000.0,6985000000.0,6402000000.0,776500000.0,49.31627846113583,55.4222671121125,5.614948333462824,1.824955223880597,1.6238960383547818,16.028642590286427,0.0754975978037062,7.288050766311636,2000-10-18,2.0,bmo,14366960000.0,2025-04-25,2000-09-30,0.06,61.33888888888889,1725730.888888889
2000-06-30,DUK,USD,1326160,2000-06-30,2000-06-29 20:00:00,2000,Q2,10926000000.0,8814000000.0,2112000000.0,0.1933003844,0,0.0,0.0,0.0,1318000000.0,1318000000.0,10132000000.0,0.0,0.0,351000000.0,1145000000.0,0.1047958997,794000000.0,0.0726706938,-274000000.0,520000000.0,0.0475928977,191000000.0,329000000.0,0.0301116603,1.32,1.32,245333088,245333088,,,44.53537062232714,1.341033949729602,2.070654244567288,-3.069296547557417,1.6915777785343002,49.50820168211472,44.56390325955543,39.23237618889793,53.29489025141199,12080201253.12,24740201253.120003,9.179484234893616,1.1056380425700163,23.77992372661417,-16.042763948366535,1.25508584448,1.25508584448,2.264342051356398,21.607162666480352,48.70118356913386,-32.8555129523506,0.027234645607831,-0.0623333986100206,1.3584415584415583,0.2942500281309778,11.056768558951966,0.8392904073587385,0.0,1.5440729483282676,0.1178788308375423,4.328267477203648,0.0,0.0,0.0272983008889389,2.482283464566929,0.1154127768625297,0.0,0.0,34.40594191345728,0.0150465058947402,0.0076118643283513,-111.28849444066836,-2446000000.0,10933000000.0,-19515000000.0,22153000000.0,4555500000.0,3849500000.0,683000000.0,46.08731466227348,49.80939414567733,7.658270932607216,1.9528150134048257,1.8068880688806888,11.752,0.0341818181818181,5.139950792124705,2000-07-18,1.24,bmo,10221096774.0,2025-04-25,2000-06-30,0.0645161290322581,50.82349206349207,1424740.0
2000-03-31,DUK,USD,1326160,2000-03-31,2000-03-30 19:00:00,2000,Q1,7236000000.0,5449000000.0,1787000000.0,0.2469596462,0,0.0,0.0,0.0,1029000000.0,1029000000.0,6478000000.0,0.0,0.0,303000000.0,1061000000.0,0.1466279713,758000000.0,0.1047540077,-115000000.0,643000000.0,0.0888612493,250000000.0,393000000.0,0.0543117745,1.59,1.59,244666422,244666422,,,29.574961455070447,1.6062686362413885,0.768393138965346,-5.967308419624496,1.532699080383004,48.96462662130237,44.61176123301464,38.92238224663293,44.22347746598428,11220402112.92,21665402112.92,7.137660377175573,1.5506360023383086,59.68298996234043,-7.685206926657535,1.178242372458259,1.178242372458259,2.9941130614870093,20.4197946398869,115.24150060063828,-14.839316515698629,0.0350254826917005,-0.1301201138164957,1.1361965767090203,0.29659274690935,9.844486333647502,0.777083082842371,0.0,0.4783715012722646,0.0183594133193137,0.5241730279898219,0.0,0.0,0.0291932786930182,8.76595744680851,0.2277501381978993,0.0,0.0,37.50594008470812,0.0154316072827049,0.0110966794669076,-86.57093125757976,-1854000000.0,10915000000.0,-18038000000.0,22302000000.0,3382000000.0,2566500000.0,607500000.0,43.73134328358209,46.59387043494219,10.17434391631492,2.0580204778157,1.9315845444877704,8.845779220779221,0.0412685078231649,6.735701558589842,2000-04-20,1.32,bmo,5755909090.0,2025-04-25,2000-03-31,0.2045454545454545,45.12317460317461,1324623.2857142857
1999-12-31,DUK,USD,1326160,1999-12-31,1999-12-30 19:00:00,1999,Q4,6197000000.0,4464000000.0,1733000000.0,0.2796514442,0,0.0,0.0,0.0,1980000000.0,1980000000.0,6444000000.0,0.0,0.0,184000000.0,-63000000.0,-0.0101662095,-247000000.0,-0.0398579958,-108000000.0,-355000000.0,-0.0572857834,-166000000.0,-189000000.0,-0.0304986284,-0.81,-0.84,242221980,242221980,,,25.583970538098978,-0.7802760096338078,3.868352492205703,-2.3366995844060066,2.5307364756906043,49.05417749454447,45.56977034041254,38.303708028478674,39.07572714912165,10604478284.4,19456478284.4,-14.027087677777777,1.7112277367113118,11.317479492422626,-18.735827357597177,1.1429702828626858,1.1429702828626858,3.1396608495078264,-308.8329886412699,20.764651317395945,-34.37540332932863,-0.0178226589683373,-0.0533736771221107,1.0201552058633323,0.2833068933520907,-140.5079365079365,1.050204220558203,0.0,-4.957671957671957,0.0194257552776586,-1.08994708994709,0.0,0.0,0.0252626537759286,1.6040554962646745,0.2425367113119251,0.0,0.0,,-0.0046442312714357,-0.005803777061262,-75.04892825993744,295000000.0,11038000000.0,-15356000000.0,22134000000.0,3414000000.0,2425000000.0,594500000.0,47.171211876714544,46.61290322580645,12.076612903225806,1.9079433497536944,1.930795847750865,7.452420701168615,-0.0203707695624056,6.205052076611709,2000-01-20,1.11,bmo,5582882882.0,2025-04-25,1999-12-31,0.0990990990990989,45.63109375,991282.765625
1999-09-30,DUK,USD,1326160,1999-09-30,1999-09-29 20:00:00,1999,Q3,6694000000.0,4687000000.0,2007000000.0,0.299820735,0,0.0,0.0,0.0,1123000000.0,1123000000.0,5810000000.0,0.0,0.0,270000000.0,1154000000.0,0.1723931879,884000000.0,0.1320585599,-160000000.0,724000000.0,0.1081565581,283000000.0,441000000.0,0.0658798924,1.8,1.8,242221980,242221980,,,27.635807452321213,1.820644022478885,2.7825715899110395,-4.000462716059047,4.376151165141991,50.34638062160998,47.34500147344184,39.6248102670121,37.61838624223945,11662988337.0,19714988337.0,6.611671392857143,1.7423048008664477,17.30413699851632,-12.0361076749226,1.2151477742237966,1.2151477742237966,2.9451730410815657,17.08404535268631,29.25072453560831,-20.34570519814241,0.0378119215468096,-0.0830833378205409,0.9493644509272764,0.2816779498593465,6.977469670710572,1.0512906469996648,0.0,1.528344671201814,0.0176627116522512,0.4671201814058957,0.0,0.0,0.0224736467896998,2.4376854599406528,0.245443680908276,0.0,0.0,40.28908244147724,0.0196496209734668,0.013945986971096,-66.5257545991491,306000000.0,11468000000.0,-13882000000.0,21206000000.0,3003500000.0,2161500000.0,569000000.0,48.13265610994921,48.73479837849371,11.329208448901216,1.8698324022346369,1.846729708431836,7.944067796610169,0.0459470723067305,6.7830343059700855,1999-10-21,1.76,bmo,6579897727.0,2025-04-25,1999-09-30,0.0170454545454545,48.3825,1048256.21875
1999-06-30,DUK,USD,1326160,1999-06-30,1999-06-29 20:00:00,1999,Q2,4691000000.0,3167000000.0,1524000000.0,0.3248774249,0,0.0,0.0,0.0,993000000.0,993000000.0,4160000000.0,0.0,0.0,272000000.0,803000000.0,0.1711788531,531000000.0,0.1131954807,-116000000.0,415000000.0,0.0884672778,127000000.0,288000000.0,0.061394159,1.16,1.16,242666424,242666424,,,19.33106328710724,1.1868143736275605,2.3695078640133587,-0.5315939381873448,1.2362649725287087,43.78850532696686,41.2005906511401,37.84619169234554,29.270633666238066,11538788461.2,18341788461.2,10.016309428124998,2.4597715756128755,20.067458193391303,-89.44797256744185,1.256401182621951,1.256401182621951,3.909995408484331,22.84157965280199,31.898762541217387,-142.18440667596897,0.0249592928207688,-0.011179683242636,0.7734102787456446,0.2403234537826498,8.4719800747198,0.8679427376548174,0.0,1.9965277777777777,0.0177661632925611,0.7118055555555556,0.0,0.0,0.0212478007849506,1.2243478260869565,0.150074610957152,0.0,0.0,31.790235866845062,0.015127307258591,0.0099557522123893,-68.14189506497199,-821000000.0,9998000000.0,-13534000000.0,17543000000.0,2375000000.0,1663000000.0,532000000.0,46.56363248774248,50.72623934322703,15.573097568676982,1.9328388957560776,1.7742296918767506,5.779197080291971,0.0313588850174216,2.901101802200704,1999-07-22,1.15,bmo,4650208695.0,2025-04-25,1999-06-30,0.008695652173913,49.35349206349206,1223914.857142857
1999-03-31,DUK,USD,1326160,1999-03-31,1999-03-30 19:00:00,1999,Q1,4160000000.0,2589000000.0,1571000000.0,0.3776442308,0,0.0,0.0,0.0,944000000.0,944000000.0,3533000000.0,0.0,0.0,270000000.0,915000000.0,0.2199519231,645000000.0,0.1550480769,-129000000.0,516000000.0,0.1240384615,209000000.0,967000000.0,0.2324519231,3.98,3.96,241999758,242929050,,,17.190099834727935,3.9958717644668056,2.2603328388452355,-6.359510491741896,2.409093318184228,42.98351405789423,40.334751078552735,38.34714578516231,29.95870764465806,11586948413.04,18253948413.04,2.995591626949328,2.7853241377500004,21.18272104760512,-7.528881360000001,1.2485935789913796,1.2485935789913796,4.387968368519231,19.94967039676503,33.37102086478976,-11.86091514817414,0.0834559683472599,-0.1328218565526711,0.78125,0.2525164571070321,7.286338797814207,0.9184119468220724,0.0,1.781758957654723,0.0176923200736176,0.2119958634953464,0.0,0.0,0.0223259377938769,3.813528336380256,0.5014423076923077,0.0,0.0,58.716958662242575,0.0157882827285443,0.0344495903099394,-64.98250299903192,-448000000.0,9761000000.0,-13266000000.0,17735000000.0,2320500000.0,1647500000.0,529500000.0,50.25721153846154,53.56894553881808,17.937427578215527,1.7907877744296168,1.6800778715120053,5.017441860465116,0.1042025862068965,8.619843330587132,1999-04-21,1.32,bmo,4380606060.0,2025-04-25,1999-03-31,-0.053030303030303,52.32475409836066,1039629.9016393444
1998-12-31,DUK,USD,1326160,1998-12-31,1998-12-30 19:00:00,1998,Q4,4183300000.0,2594100000.0,1589200000.0,0.3798914732,0,0.0,0.0,0.0,1139200000.0,1139200000.0,3733300000.0,0.0,0.0,180700000.0,630700000.0,0.1507661416,450000000.0,0.1075705783,-97000000.0,353000000.0,0.0843831425,129300000.0,223700000.0,0.0534745297,0.89,0.87,239434789,239434789,,,17.47156299830765,0.9342836140657906,2.401071299626388,0.0760123458918077,0.3341202017222318,40.24060179492129,38.17323304676498,35.34574083969059,30.03322963230711,13398770792.44,20509770792.44,14.974039776978096,3.2029189377859586,23.306263336997738,736.1961973868132,1.5832176287888458,1.5832176287888458,4.902773119890996,32.519059445758685,35.67537100789703,1126.910483101099,0.0166955613664365,0.0013583335577521,0.8496986884083658,0.2682608371260165,11.274774060567625,0.9792977471077736,0.0,2.56995976754582,0.0152327406119343,0.9123826553419758,0.0,0.0,0.0184660150712527,0.9683423204035484,0.1330767575837257,0.0,0.0,27.258325262286863,0.0125085521392836,0.0085021473908251,-62.98583452716222,-102000000.0,9140000000.0,-12346000000.0,17268000000.0,2451900000.0,1716750000.0,532100000.0,49.869720077450815,60.8534751937088,18.838903666011333,1.804702329594478,1.4789623717217788,4.777348066298343,0.0264327070778683,2.3250589537345805,1999-01-20,0.97,bmo,4485187628.0,2025-04-25,1998-12-31,-0.0721649484536082,55.6859375,1294712.3125
1998-09-30,DUK,USD,1326160,1998-09-30,1998-09-29 20:00:00,1998,Q3,5298200000.0,3478800000.0,1819400000.0,0.3433996452,0,0.0,0.0,0.0,993600000.0,993600000.0,4472400000.0,0.0,0.0,234800000.0,1060600000.0,0.2001811936,825800000.0,0.1558642558,-123600000.0,702200000.0,0.1325355781,273500000.0,428700000.0,0.0809142728,1.77,1.77,239434789,239434789,,,22.127945659559103,1.7904666309790094,3.3061193960414834,-0.9948429006279452,1.8719084301488031,39.79998077890009,37.693770557293576,34.90595512417371,30.51269212177851,13841725152.09,20699325152.09,8.071918096623513,2.612533530650032,17.485756887430522,-58.10967738073048,1.656164393564019,1.656164393564019,3.9068599056453137,19.516618095502547,26.148717978890858,-86.89893010952981,0.0309715729281959,-0.0172088375822166,0.8741400145973175,0.2790187863534462,6.465774090137658,1.1105240712661106,0.0,1.846512712852811,0.0147091491676713,0.4749241894098437,0.0,0.0,0.0192599269016456,1.3009095502779182,0.1943678985315767,0.0,0.0,37.49938435663158,0.0222534689245243,0.0166941852676832,-58.49713844215011,466500000.0,9025200000.0,-11967100000.0,17606700000.0,2289550000.0,1416250000.0,521450000.0,43.92472915329735,43.45032769920662,13.483959986202136,2.048959702993271,2.0713307532003573,6.674597083653108,0.0512940162963494,4.300962296669429,1998-10-20,1.65,bmo,4912876363.0,2025-04-25,1998-09-30,0.0727272727272728,52.81640625,1029326.59375
1998-06-30,DUK,USD,1326160,1998-06-30,1998-06-29 20:00:00,1998,Q2,4013700000.0,2474100000.0,1539600000.0,0.3835862172,0,0.0,0.0,0.0,990800000.0,990800000.0,3464900000.0,0.0,0.0,232300000.0,781100000.0,0.194608466,548800000.0,0.1367316939,-105900000.0,442900000.0,0.1103470613,163400000.0,279500000.0,0.069636495,1.14,1.14,240701514,240701514,,,16.67500936450279,1.1611892063130105,1.88449167793768,0.7062689269166791,0.2646431214387791,36.15972270120412,34.057118560542165,32.87141766794205,28.227491747309905,12456303349.5,19187003349.5,11.141595124776387,3.103446532999477,27.46098622023809,73.27237264411765,1.574316037195723,1.574316037195723,4.780378042579167,24.56408059083344,42.29939010030864,112.86472558529412,0.0224384387693335,0.0136477087326894,0.8587245014028968,0.2671899516695439,8.616950454487261,1.0410344138099576,0.0,1.622898032200358,0.016313025967544,0.7270125223613596,0.0,0.0,0.0199023952872889,0.6252204585537919,0.0706579963624585,0.0,0.0,29.30569136405034,0.0162576444700355,0.0112145407856197,-61.92680200590679,184700000.0,8197600000.0,-12039600000.0,16592300000.0,1994600000.0,1154150000.0,490600000.0,44.69616563270798,41.94252455438341,18.97781011276828,2.013595545076005,2.145793581960104,4.742380678550892,0.035325194004196,1.178222751021001,1998-07-22,1.02,bmo,3541500000.0,2025-04-25,1998-06-30,0.1176470588235293,50.95222222222222,705046.8095238095
1998-03-31,DUK,USD,1326160,1998-03-31,1998-03-30 19:00:00,1998,Q1,4114800000.0,2633000000.0,1481800000.0,0.3601147079,0,0.0,0.0,0.0,873400000.0,873400000.0,3506400000.0,0.0,0.0,193200000.0,801600000.0,0.1948089822,608400000.0,0.1478565179,-69500000.0,538900000.0,0.1309662681,210800000.0,320100000.0,0.0777923593,1.29,1.29,243100532,243100532,,,16.926330708317824,1.316739199896115,2.257913610818425,1.0695163760480788,0.2340595453735987,34.961667628107044,32.8370322118423,32.8966783174296,28.96044670112034,12646089674.64,19629489674.64,9.87667109859419,3.0733181867016626,23.038968254035343,48.63880644092309,1.5813146694643123,1.5813146694643123,4.770460210615339,24.48788632065868,35.76150423508836,75.49803721015384,0.0253121722394485,0.0205597150336039,0.8803456209673386,0.2936566199227516,8.71182634730539,1.1412440441224465,0.0,1.6729655592807071,0.0160603004743267,0.6344892221180881,0.0,0.0,0.0215436336789769,0.5263253780287849,0.0702099737532808,0.0,0.0,31.218869013082024,0.017471528707428,0.0136456064216624,-56.32165790570956,432800000.0,7982700000.0,-11978400000.0,16762700000.0,2138350000.0,1257000000.0,449800000.0,43.65485564304462,39.48993543486517,15.706418533991643,2.0616263339846688,2.279061715571713,5.730141458106638,0.0400265092782473,1.188397234770346,1998-04-22,1.34,bmo,4114800000.0,2025-04-25,1998-03-31,0.0,48.91573770491804,755403.606557377
1997-12-31,DUK,USD,1326160,1997-12-31,1997-12-30 19:00:00,1997,Q4,4589700000.0,3094000000.0,1495700000.0,0.3258818659,0,0.0,0.0,0.0,1094000000.0,1094000000.0,4188000000.0,0.0,0.0,228900000.0,630600000.0,0.137394601,401700000.0,0.0875220603,-111400000.0,290300000.0,0.0632503214,105700000.0,184600000.0,0.0402204937,0.62,0.62,236825160,236825160,,,19.380119916312943,0.7794779912742379,2.478621781570843,0.7102285922661258,0.4619441616760651,36.043467678856416,33.917004426387805,33.90138108636768,28.615202877937463,11455232989.2,18122632989.2,15.513587471830986,2.495856589581018,19.514877324020443,68.10483346730082,1.4267855305591193,1.4267855305591193,3.948544129071616,28.73871390612115,30.873310032708684,107.74454809274673,0.0161149057530336,0.0146832456536308,0.8440718920871374,0.2820282327873218,10.573104979384713,1.1251831949193942,0.0,3.179848320693391,0.0182362069978804,1.1316359696641387,0.0,0.0,0.0209581835131175,0.713458262350937,0.0912477939734623,0.0,0.0,24.38382783094252,0.0121635102559239,0.0078469045959226,-56.80456417721833,410000000.0,8032400000.0,-11807600000.0,16649500000.0,2325900000.0,1444300000.0,454650000.0,44.72449179684947,39.52262443438914,12.801874595992244,2.0123202385128027,2.2771767130345184,7.030220404453534,0.0229925143547523,1.7683931893047176,1998-01-21,0.97,bmo,6245777319.0,2025-04-25,1997-12-31,-0.3608247422680412,44.40859375,745871.671875
1997-09-30,DUK,USD,1326160,1997-09-30,1997-09-29 20:00:00,1997,Q3,4820600000.0,3232200000.0,1588400000.0,0.3295025515,0,0.0,0.0,0.0,982100000.0,982100000.0,4214300000.0,0.0,0.0,229600000.0,835900000.0,0.1734016512,606300000.0,0.1257727254,-93100000.0,513200000.0,0.1064597768,203700000.0,309500000.0,0.0642036261,1.26,1.26,236825160,236825160,,,20.355100784055207,1.306871280061629,2.8616047382803416,1.3968110482855791,0.2199935175806489,35.46244833108104,33.41072375924923,34.9519451396127,26.96124009796932,10226110408.8,16559110408.8,8.260186113731825,2.1213356032029207,15.089435456396636,30.91327209431681,1.2354104994019934,1.2354104994019934,3.435072482429573,19.80991794329465,24.434278307215585,50.05777028053204,0.0302656618819274,0.0323485652683089,0.7713802476593175,0.2685523216689098,7.576265103481278,1.082150343619816,0.0,2.189660743134087,0.0204476571874346,0.6756058158319871,0.0,0.0,0.0204365746971736,0.5118784122768186,0.0719619964319794,0.0,0.0,32.05851055364415,0.0179393314327333,0.0132889081626957,-56.21298851861855,309600000.0,7912500000.0,-11299300000.0,16333700000.0,2044750000.0,1266400000.0,468000000.0,44.26627390781231,42.59977724150733,13.064785594950807,2.0331505693800085,2.11268710373227,6.888746803069053,0.0373905164602839,1.4647936899947624,1997-10-21,1.68,bmo,5509257142.0,2025-04-25,1997-09-30,-0.1428571428571428,43.14859375,846071.375
1997-06-30,DUK,USD,1326160,1997-06-30,1997-06-29 20:00:00,1997,Q2,3112800000.0,1780700000.0,1332100000.0,0.4279426883,0,0.0,0.0,0.0,980100000.0,980100000.0,2760800000.0,0.0,0.0,265800000.0,617800000.0,0.1984708301,352000000.0,0.1130814701,-58400000.0,293600000.0,0.0943202262,125000000.0,168600000.0,0.0541634541,0.66,0.66,238787640,238787640,,,13.035850599302377,0.7060666959144116,2.2362966525403074,0.7006225280336955,0.4769928627796648,34.56376552823253,32.50042590144113,34.281506362724635,27.492629015471657,9998038486.8,16449038486.8,14.825086724199288,3.211911618735543,18.72291851460674,59.76113859414225,1.2213582319569998,1.2213582319569998,5.284322310074531,26.62518369504694,30.803442859176027,98.3206125929468,0.0168633077600767,0.0167332822554023,0.8019667725384804,0.2942027946330139,10.441890579475558,0.9315736719011024,0.0,1.751393899639226,0.0154330272086585,0.9151838671411624,0.0,0.0,0.0220801104229593,0.6867041198501873,0.1178039064507838,0.0,0.0,23.33694867353489,0.0099854389783193,0.0077263249547464,-52.03211104226333,-204800000.0,7760700000.0,-11272600000.0,15697300000.0,1195950000.0,589750000.0,394050000.0,49.68677717810332,50.68849328915595,23.59296905711237,1.8113471050334595,1.775550902383089,3.8146958011996577,0.020596139750794,1.535674124506612,1997-07-23,1.05,bmo,3409257142.0,2025-04-25,1997-06-30,-0.0952380952380953,39.13765625,887476.34375
1997-03-31,DUK,USD,1326160,1997-03-31,1997-03-30 19:00:00,1997,Q1,3785800000.0,2301300000.0,1484500000.0,0.3921231972,0,0.0,0.0,0.0,874500000.0,874500000.0,3175800000.0,0.0,0.0,-156900000.0,453100000.0,0.1196840826,610000000.0,0.1611284273,-93800000.0,516200000.0,0.1363516298,204500000.0,311700000.0,0.0823339849,1.26,1.23,134393198,134393198,,,28.16958042772373,2.319313809319427,2.540307136675176,1.120592427601879,0.1718836990544714,41.8875365998806,41.8875365998806,41.8875365998806,28.54311123692436,5179513850.92,8992413850.92,4.154245950368944,1.3681424932431718,15.171393822261278,34.39252225046481,0.9200827532099336,0.9200827532099336,2.3753008217338474,19.846422094283824,26.339817958172237,59.71058333944223,0.060179393080421,0.0290760878983362,0.6814225317085302,0.2846710995013061,8.415140145663209,1.5362598045961195,0.0,1.9464082098061573,0.0227434472405312,0.3779274943856272,0.0,0.0,0.0,0.5588752196836555,0.0503988588937608,0.0,0.0,46.753424437956525,0.0283418965997066,0.0231313820945143,-53.25418329579448,389700000.0,5629400000.0,-6729400000.0,10245100000.0,1280700000.0,731550000.0,377400000.0,16.008769612763484,6.906531091122409,12.565506452874462,5.621918621918622,13.03114382785957,7.162464985994398,0.0553700216719366,1.4197147090732969,1997-04-22,1.37,bmo,1249111678.0,2025-04-25,1997-03-31,-0.1021897810218979,39.67524590163934,839318.344262295
1996-12-31,DUK,USD,1326160,1996-12-31,1996-12-30 19:00:00,1996,Q4,1183800000.0,285200000.0,898600000.0,0.7590809258,0,0.0,0.0,0.0,665500000.0,665500000.0,950700000.0,0.0,0.0,117900000.0,351000000.0,0.2965027876,233100000.0,0.1969082615,-38500000.0,194600000.0,0.164385876,78300000.0,116300000.0,0.0982429464,1.6,0.74,155476035,155476035,,,7.614035179119406,0.7480252503223407,2.00545376655637,1.089556985422223,1.0676886634007614,-5.067662035502771,-6.496178012257645,35.84282297911701,40.491127780561165,6281231814.0,12410631814.0,13.502218000859845,5.305990719716168,20.145066754329697,37.07929051948052,1.1271433621045452,1.1271433621045452,10.483723444838656,35.3579253960114,39.803180930083386,73.26228933884298,0.0185154764931272,0.0269692323124312,1.1296857896531305,0.4673749229752704,17.462678062678062,0.3457017676386161,0.0,2.6809974204643163,0.0186428400459604,1.0068787618228718,0.0,0.0,0.0164888601824836,0.4567030147530468,0.1202905896266261,0.0,0.0,24.56125147874799,0.013295253223939,0.0087789486397536,-80.13357171090709,-2165400000.0,-1010000000.0,-13113500000.0,7869100000.0,1277950000.0,757100000.0,379900000.0,143.53775975671564,405.9782608695652,136.79873772791024,0.6270127118644068,0.2216867469879518,0.6579008073817763,0.0208695964254311,0.9158967811341472,1997-01-23,0.84,bmo,1240171428.0,2025-04-25,1996-12-31,-0.0476190476190475,40.9125,621923.953125
1996-09-30,DUK,USD,1326160,1996-09-30,1996-09-29 20:00:00,1996,Q3,3133400000.0,1641700000.0,1491700000.0,0.4760643391,0,0.0,0.0,0.0,838600000.0,838600000.0,2480300000.0,0.0,0.0,-40700000.0,612400000.0,0.1954426502,653100000.0,0.2084317355,-83700000.0,569400000.0,0.1817195379,218200000.0,351200000.0,0.1120827216,1.41,1.41,155476035,155476035,,,20.153588300602085,2.2588690276285988,2.882759391182056,1.890323482972794,0.2456970297705366,35.852470768244125,35.852470768244125,35.852470768244125,24.77809522219936,6330984145.2,10145184145.2,4.506680057801822,2.0204838658326416,14.12535507630522,21.54128664579789,1.135765517060744,1.135765517060744,3.237755838769388,16.56627064859569,22.635395236947797,34.51917027968697,0.0554732079476571,0.0464224823912768,0.6911126260270533,0.2882497306356997,6.228282168517309,1.534997287032013,0.0,1.691320754716981,0.0186858784174482,0.3368451025056947,0.0,0.0,0.0,0.3442659526996876,0.049243633114189,0.0,0.0,42.68706835919742,0.031284485312337,0.0262779839578594,-45.59110990963977,394400000.0,5574200000.0,-6659000000.0,10154900000.0,657300000.0,230450000.0,323100000.0,19.18395353290356,12.482792227568982,17.888164707315585,4.691420871387932,7.209925340360123,5.03125957707631,0.063004556707689,0.992435908209262,1996-10-22,1.9,bmo,,2025-04-25,1996-09-30,-0.0105263157894736,42.0690625,277457.203125
1996-06-30,DUK,USD,1326160,1996-06-30,1996-06-29 20:00:00,1996,Q2,2559300000.0,1257900000.0,1301400000.0,0.5084984175,0,0.0,0.0,0.0,822200000.0,822200000.0,2080100000.0,0.0,0.0,-41500000.0,437700000.0,0.1710233267,479200000.0,0.1872386981,-89800000.0,389400000.0,0.1521509788,152300000.0,237100000.0,0.0926425194,0.93,0.93,154016940,154016940,,,16.617003298468337,1.5394410510947691,1.571255733297909,0.6577198586077609,0.2123143077638083,36.272633386950815,36.272633386950815,36.272633386950815,24.856356709852825,6878396540.4,10673996540.4,7.25263237072965,2.687608541554331,28.4231262,67.90124916485686,1.23123125700784,1.23123125700784,4.170670316258351,24.38655823714873,44.10742372066115,105.37015340967424,0.0344702429712218,0.0147272695613023,0.6852647406293632,0.2877901732018282,8.671692940370116,1.7119445319886544,0.0,1.5374841168996187,0.016820780732899,0.4879797553774778,0.0,0.0,0.0,0.5814049586776859,0.0549759699917946,0.0,0.0,35.4456001431999,0.0227119316520426,0.0178238513350974,-45.69708371040225,451800000.0,5586600000.0,-6629400000.0,10213600000.0,640000000.0,223800000.0,325950000.0,22.74176532645645,16.684951108991175,22.8881469115192,3.957476418741302,5.394082332761578,3.9321663019693656,0.0424408405828231,0.9135358746901476,1996-07-22,0.99,bmo,,2025-04-25,1996-06-30,0.0808080808080808,42.34253968253968,322193.14285714284
1996-03-31,DUK,USD,1326160,1996-03-31,1996-03-30 19:00:00,1996,Q1,1162100000.0,285800000.0,876300000.0,0.7540659152,0,0.0,0.0,0.0,518800000.0,518800000.0,804600000.0,0.0,0.0,145100000.0,502600000.0,0.4324929008,357500000.0,0.3076327338,-39700000.0,317800000.0,0.2734704414,126500000.0,191300000.0,0.1646157818,1.17,1.17,154016940,154016940,,,7.545273915973139,1.2420711643797104,3.121085252050846,1.7634423849740164,0.2356883599946863,36.001234669381176,36.001234669381176,36.001234669381176,24.42588458126749,6827570950.2,10553270950.2,8.92259664166231,5.87520088649858,14.203392864988558,25.13833192268041,1.2313466581662096,1.2313466581662096,9.081207254281043,20.997355651014725,21.953964947368423,38.8559313335788,0.0280187494784504,0.0397798868706071,0.6784735247439042,0.2833407394575704,7.412853163549542,1.892048356887451,0.0,2.512807109252483,0.0169459974629206,0.6048092002090957,0.0,0.0,0.0,0.4349906386519659,0.1799328801307977,0.0,0.0,31.71927092416175,0.0168939992013869,0.014408049829408,-45.80811045849891,523900000.0,5544800000.0,-6621300000.0,10239900000.0,661500000.0,279050000.0,336900000.0,49.04655365286981,67.51574527641708,104.54863540937718,1.834991315332386,1.3330223880597014,0.8608433734939759,0.0345007935362862,1.3576428670768292,1996-04-19,1.38,bmo,,2025-04-25,1996-03-31,-0.0434782608695651,43.10380952380952,350357.2698412698
1995-12-31,DUK,USD,1326160,1995-12-31,1995-12-30 19:00:00,1995,Q4,1133300000.0,294600000.0,838700000.0,0.740051178,0,0.0,0.0,0.0,627200000.0,627200000.0,921800000.0,0.0,0.0,156900000.0,368400000.0,0.3250683844,211500000.0,0.186623136,-54300000.0,157200000.0,0.1387099621,66700000.0,90500000.0,0.0798552899,0.59,0.59,135721257,135721257,,,8.350202651011404,0.6668078530985018,2.0011603635530726,0.7640660150973992,0.3345091329356019,40.297298454876525,40.297298454876525,40.297298454876525,28.579163542524515,5660933629.47,9494333629.47,15.6379382029558,4.995088352130945,20.842907325,54.58952391002893,1.0350569789859578,1.0350569789859578,8.377599602461839,25.77180681180782,34.957045763880714,91.55577270462877,0.0159867622416327,0.0183185330879261,0.7092079280333504,0.2903619418347868,10.405537459283387,1.529121164846594,0.0,3.0011049723756904,0.0225581164448232,1.4110497237569062,0.0,0.0,0.0,0.6181885125184094,0.148151416218124,0.0,0.0,24.58836084488411,0.0095448271248211,0.0067747127297226,-52.723686459815205,407000000.0,5469200000.0,-6713100000.0,10122200000.0,656800000.0,297500000.0,331050000.0,54.77190505603106,105.0,104.41955193482688,1.643178193417428,0.8571428571428571,0.8619075482738443,0.0165472098295911,1.2370943484556731,1996-01-23,0.67,bmo,,2025-04-25,1995-12-31,0.1492537313432835,39.46682539682539,234936.6031746032
1995-09-30,DUK,USD,1326160,1995-09-30,1995-09-29 20:00:00,1995,Q3,1380000000.0,345000000.0,1035000000.0,0.75,0,0.0,0.0,0.0,530500000.0,530500000.0,875500000.0,0.0,0.0,133000000.0,637500000.0,0.4619565217,504500000.0,0.3655797101,-37400000.0,467100000.0,0.3384782609,181900000.0,285200000.0,0.2066666667,2.01,2.01,135721257,135721257,,,10.167898754430192,2.10136574258224,3.5897103428683983,2.3408271262916465,0.2630391199515636,40.48076271501081,40.48076271501081,40.48076271501081,28.01182426419761,5142478427.7300005,8908578427.73,4.507782633003156,3.726433643282609,10.555169186637931,16.186586174787536,0.9360001506579786,0.9360001506579786,6.4554916142971015,13.97424067094902,18.285259498624796,28.04085120468996,0.055459639550864,0.0617795493874807,0.6919786680257003,0.2885178720497837,5.907607843137255,1.6815189098147298,0.0,1.7082748948106592,0.0202626032300141,0.3653576437587658,0.0,0.0,0.0,0.3479064039408867,0.1228260869565217,0.0,0.0,43.74882832791974,0.0243878437797273,0.0216437732412537,-51.71721184397813,445100000.0,5494100000.0,-6584700000.0,10084600000.0,584950000.0,242200000.0,337450000.0,40.689130434782605,65.55652173913043,83.55652173913043,2.211892931559545,1.372861122164743,1.0771152044957852,0.0519102309750459,1.2488832165767518,1995-10-24,1.71,bmo,,2025-04-25,1995-09-30,0.2105263157894736,36.03063492063492,294223.9523809524
1995-06-30,DUK,USD,1326160,1995-06-30,1995-06-29 20:00:00,1995,Q2,1052400000.0,289300000.0,763100000.0,0.725104523,0,0.0,0.0,0.0,499300000.0,499300000.0,788600000.0,0.0,0.0,128700000.0,392500000.0,0.3729570506,263800000.0,0.2506651463,-37800000.0,226000000.0,0.2147472444,88500000.0,137500000.0,0.1306537438,0.93,0.93,134193414,134193414,,,7.842411699876717,1.024640449195219,1.783246978126661,0.5849765473587251,0.2228127231340876,40.41480008847528,40.41480008847528,40.41480008847528,28.94851456719031,4864511257.5,8719311257.5,8.844565922727273,4.622302601197263,20.32808716046803,61.96829627388535,0.8969486406128996,0.8969486406128996,8.285168431679969,22.21480575159236,36.436737390305055,111.07402875796178,0.028265943426075,0.0161372840650682,0.7162849872773537,0.2980595858301428,9.821146496815286,1.4144329896907215,0.0,1.7403636363636363,0.0231883521342637,0.8203636363636364,0.0,0.0,0.0,0.6719598829920602,0.1527936145952109,0.0,0.0,30.524406228914287,0.0127352917342944,0.0105498991046012,-52.11284064954186,301500000.0,5423400000.0,-6580900000.0,9904800000.0,557700000.0,231550000.0,349550000.0,46.69327251995439,72.51641894227446,110.3145523677843,1.9274725274725275,1.2410982410982412,0.8158488437676255,0.0253530995316591,1.1982704307679362,1995-07-24,0.98,bmo,,2025-04-25,1995-06-30,-0.0612244897959183,35.3368253968254,277630.7301587302
1995-03-31,DUK,USD,1326160,1995-03-31,1995-03-30 19:00:00,1995,Q1,1111100000.0,283700000.0,827400000.0,0.7446674467,0,0.0,0.0,0.0,458000000.0,458000000.0,741700000.0,0.0,0.0,135100000.0,504500000.0,0.4540545405,369400000.0,0.3324633246,-38800000.0,330600000.0,0.2975429754,129300000.0,201300000.0,0.1811718117,1.38,1.38,136666530,136666530,,,8.13000813000813,1.4729283021965949,2.2946364409779045,0.7207324280495012,0.2414636560978024,39.50418584564926,39.50418584564926,39.50418584564926,27.82173513880831,4566028767.299999,8335328767.299999,5.6706765614754095,4.109466985239852,14.560040712053569,46.35562200304568,0.8457331618107391,0.8457331618107391,7.501870909279092,16.52195989554014,26.57949224266581,84.62262707918781,0.044086450230368,0.021572356421715,0.7042730926670248,0.2928969241316622,7.471357779980179,1.4550059992001068,0.0,1.5578738201689022,0.0248136851023382,0.5628415300546448,0.0,0.0,0.0,0.685905612244898,0.1935919359193592,0.0,0.0,36.18292071149102,0.0180501757767814,0.0155064436861119,-50.857367930538665,341300000.0,5398900000.0,-6491400000.0,9923600000.0,561150000.0,286850000.0,331950000.0,46.12186121861218,72.96439901304196,109.28798026083892,1.9513523006673688,1.2334782608695651,0.8235123367198839,0.0372853729463409,1.5739040129284032,1995-04-25,1.13,bmo,,2025-04-25,1995-03-31,0.2212389380530973,34.037301587301585,279295.1111111111
1994-12-31,DUK,USD,1326160,1994-12-31,1994-12-30 19:00:00,1994,Q4,1185900000.0,287300000.0,898600000.0,0.75773674,0,0.0,0.0,0.0,679400000.0,679400000.0,966700000.0,0.0,0.0,151800000.0,371000000.0,0.3128425668,219200000.0,0.1848385193,-52500000.0,166700000.0,0.1405683447,73100000.0,93600000.0,0.0789273969,0.6,0.6,135204543,135204543,,,8.771154975169733,0.6922844301171153,1.7085224717633931,-0.3446629748232646,0.2766179239997875,39.29083950973452,39.29083950973452,39.29083950973452,27.868886032919768,4502311281.9,8232911281.9,12.025404064903844,3.796535358714899,19.490525029870128,-96.61612192918454,0.8475257952111138,0.8475257952111138,6.942331800236107,22.191135530727763,35.64030857965368,-176.67191592060084,0.0207893222257392,-0.0103502394841821,0.709297291192139,0.2929514391006204,10.055525606469002,1.377375683415777,0.0,2.467948717948718,0.0250982202084244,1.2072649572649572,0.0,0.0,0.0,1.2017316017316018,0.2340838181971498,0.0,0.0,24.738832225338385,0.0100105006449116,0.0072771376591873,-51.31576828746058,289900000.0,5312300000.0,-6491800000.0,9855800000.0,566200000.0,350400000.0,304050000.0,41.96053630154314,107.6679429168117,100.05569091541943,2.144872490504612,0.83590340413151,0.8994990607388854,0.0176194868512696,2.053185446586658,1995-01-24,0.69,bmo,,2025-04-25,1994-12-31,-0.1304347826086956,34.404761904761905,368356.3492063492
1994-09-30,DUK,USD,1326160,1994-09-30,1994-09-29 20:00:00,1994,Q3,1272500000.0,344600000.0,927900000.0,0.729194499,0,0.0,0.0,172400000.0,324700000.0,497100000.0,841700000.0,0.0,0.0,112600000.0,543400000.0,0.4270333988,430800000.0,0.338546169,-36100000.0,394700000.0,0.3101768173,151000000.0,243700000.0,0.1915127701,1.71,1.71,135204543,135204543,,,9.411665997051593,1.8024542267044976,3.0265255214094395,1.6826357676457662,0.073962011764649,39.43432581255794,39.43432581255794,39.43432581255794,26.17589558362695,4605066734.58,8134166734.58,4.724114417911367,3.6189129544833007,11.253828774633432,20.242051580571427,0.8637145253071253,0.8637145253071253,6.39227248297053,14.969022330842842,19.87821782644184,35.7545790530989,0.0529199714240897,0.0494021070947083,0.6637845340135416,0.2804847120734201,6.494479205005521,1.3944,0.0,1.6791136643414033,0.0245164742461211,0.4632745178498153,0.0,0.0,0.0,0.4440371456500488,0.1427897838899803,0.0,0.0,39.990845988262926,0.022165586758781,0.0193139850053099,-49.53328380393253,295800000.0,5331700000.0,-6240300000.0,9702700000.0,575850000.0,313150000.0,285850000.0,40.986247544204325,93.26465467208357,75.40046430644225,2.195858498705781,0.9649957994959396,1.1936266020090058,0.0457077479978243,1.3438897537636734,1994-10-24,1.55,bmo,,2025-04-25,1994-09-30,0.096774193548387,32.8703125,286593.71875
1994-06-30,DUK,USD,1326160,1994-06-30,1994-06-29 20:00:00,1994,Q2,1083300000.0,323000000.0,760300000.0,0.7018369796,0,0.0,0.0,208300000.0,309600000.0,517900000.0,840900000.0,0.0,0.0,103800000.0,346200000.0,0.319579064,242400000.0,0.2237607311,-32300000.0,210100000.0,0.1939444291,82100000.0,128000000.0,0.1181574818,0.84,0.84,137618910,137618910,,,7.871737975544204,0.93010473633311,0.8676133243607292,-0.2674051116957691,0.0704844995502435,37.79204471245994,37.79204471245994,37.79204471245994,26.10324409632368,4297838559.3,7880438559.3,8.394215936132813,3.9673576657435614,35.99529781658291,-116.7890912853261,0.826364390643927,0.826364390643927,7.274474807809471,22.76267637001733,66.00032294221106,-214.1423521548913,0.0297824123065357,-0.008562443538129,0.6907073775692668,0.2884755916387611,10.34835355285962,1.2366612520304885,0.0,0.9328125,0.0252917829509408,0.84921875,0.0,0.0,0.0,1.3082077051926295,0.1441890519708298,0.0,0.0,28.12272382100216,0.0124595657031467,0.0102788953399664,-48.47771283757443,189400000.0,5200900000.0,-6262100000.0,9893600000.0,527400000.0,264050000.0,277750000.0,47.538078094710606,75.0092879256966,78.85448916408669,1.8932191541419083,1.199851411589896,1.1413427561837457,0.0246111249975965,1.1350184360564983,1994-07-22,0.81,bmo,,2025-04-25,1994-06-30,0.0370370370370369,31.31612903225807,408748.3064516129
1994-03-31,DUK,USD,1326160,1994-03-31,1994-03-30 19:00:00,1994,Q1,1099000000.0,306200000.0,792800000.0,0.7213830755,0,0.0,0.0,165000000.0,301900000.0,466900000.0,772400000.0,0.0,0.0,113600000.0,440200000.0,0.4005459509,326600000.0,0.2971792539,-39900000.0,286700000.0,0.2608735214,113100000.0,173600000.0,0.1579617834,1.2,1.2,134416532,134416532,,,8.176077627118069,1.2915078035192873,2.0138891844047877,0.886051724649465,0.1539989143597307,38.55329342970997,38.55329342970997,38.55329342970997,25.431395596488088,4240841584.6,7638541584.6,6.107202742799539,3.858818548316651,15.666204597709642,35.60740205373636,0.8183477257921347,0.8183477257921347,6.950447301728845,17.352434313039527,28.21773766014038,64.13552967758187,0.0409352711099615,0.0280840483248641,0.6596426228242831,0.2796511723032118,7.718537028623353,1.118343195266272,0.0,1.5593317972350231,0.0257024455701947,0.6278801843317973,0.0,0.0,0.0,0.6446250461765792,0.1587807097361237,0.0,0.0,33.4711410711733,0.0170710767305512,0.0142018030399712,-48.52602505769156,96000000.0,5182200000.0,-6134400000.0,9759400000.0,,,,39.5213830755232,76.09732201175703,80.09470934030047,2.277248238707004,1.182696021629973,1.1236697247706422,0.0334992860175215,1.2982034084914496,1994-04-25,0.99,bmo,,2025-04-25,1994-03-31,0.202020202020202,34.74523809523809,305429.8888888889
1993-12-31,DUK,USD,1326160,1993-12-31,1993-12-30 19:00:00,1993,Q4,996900000.0,0.0,996900000.0,1.0,0,0.0,0.0,996900000.0,0.0,996900000.0,0.0,0.0,0.0,0.0,996900000.0,1.0,996900000.0,1.0,-996900000.0,0.0,0.0,-120800000.0,120800000.0,0.1211756445,-0.24,-0.24,136190340,136190340,,,7.3199024247975295,0.886993893986901,,,,,,,,5040404483.4,,10.43130066928808,5.056078326211255,0.0,0.0,0.0,0.0,,,0.0,0.0,0.0239663305589543,,0.0,0.0,,0.0,0.0,0.0,0.0110694406917049,0.4618746563841059,0.0,0.0,0.0,0.0,,0.0,,,0.0,0.0,,,,,,,,,,0.0,0.0,0.0,0.0,0.0,0.0,,1994-01-24,0.8,bmo,,2025-04-25,1993-12-31,-0.025,36.93609375,230217.03125
1993-09-30,DUK,USD,1326160,1993-09-30,1993-09-29 20:00:00,1993,Q3,1290000000.0,0.0,1290000000.0,1.0,0,0.0,0.0,1290000000.0,0.0,1290000000.0,0.0,0.0,0.0,0.0,1290000000.0,1.0,1290000000.0,1.0,-1290000000.0,0.0,0.0,-241400000.0,241400000.0,0.1871317829,1.68,1.68,136190340,136190340,,,9.472037444065416,1.7725192550367377,,,,,,,,5160251982.6,,5.344088631524441,4.000195335348837,0.0,0.0,0.0,0.0,,,0.0,0.0,0.0467806612572377,,0.0,0.0,,0.0,0.0,0.0,0.0108123515439429,0.2311286598641259,0.0,0.0,0.0,0.0,,0.0,,,0.0,0.0,,,,,,,,,,0.0,0.0,0.0,0.0,0.0,0.0,,1993-10-22,1.57,bmo,,2025-04-25,1993-09-30,0.0700636942675158,37.159375,220451.140625
1993-06-30,DUK,USD,1326160,1993-06-30,1993-06-29 20:00:00,1993,Q2,987200000.0,0.0,987200000.0,1.0,0,0.0,0.0,987200000.0,0.0,987200000.0,0.0,0.0,0.0,0.0,987200000.0,1.0,987200000.0,1.0,-987200000.0,0.0,0.0,-122500000.0,122500000.0,0.1240883306,0.81,0.81,134567767,134567767,,,7.336080712404182,0.910322008984514,,,,,,,,4686995324.61,,9.565296580836732,4.747766738867504,0.0,0.0,0.0,0.0,,,0.0,0.0,0.0261361472576662,,0.0,0.0,,0.0,0.0,0.0,0.0112615561297731,0.4308804973720816,0.0,0.0,0.0,0.0,,0.0,,,0.0,0.0,,,,,,,,,,0.0,0.0,0.0,0.0,0.0,0.0,,1993-07-23,0.86,bmo,,2025-04-25,1993-06-30,-0.069767441860465,34.34619047619047,203276.17460317464
1993-03-31,DUK,USD,1326160,1993-03-31,1993-03-30 19:00:00,1993,Q1,1007800000.0,0.0,1007800000.0,1.0,0,0.0,0.0,1007800000.0,0.0,1007800000.0,0.0,0.0,0.0,0.0,1007800000.0,1.0,1007800000.0,1.0,-1007800000.0,0.0,0.0,-141700000.0,141700000.0,0.1406032943,0.96,0.96,133645700,133645700,,,7.54083371182163,1.0602660616839898,,,,,,,,4581374596.0,,8.08287684544813,4.545916447707879,0.0,0.0,0.0,0.0,,,0.0,0.0,0.0309295817294046,,0.0,0.0,,0.0,0.0,0.0,0.0114422403733955,0.3699448790966831,0.0,0.0,0.0,0.0,,0.0,,,0.0,0.0,,,,,,,,,,0.0,0.0,0.0,0.0,0.0,0.0,,1993-04-23,0.78,bmo,,2025-04-25,1993-03-31,0.2179487179487178,32.88145161290323,262292.67741935485
1992-12-31,DUK,USD,1326160,1992-12-31,1992-12-30 19:00:00,1992,Q4,941400000.0,0.0,941400000.0,1.0,0,0.0,0.0,941400000.0,0.0,941400000.0,0.0,0.0,0.0,0.0,941400000.0,1.0,941400000.0,1.0,-941400000.0,0.0,0.0,-124300000.0,124300000.0,0.1320373911,0.84,0.84,131980041,135813818,,,7.132896708222723,0.9418090724793758,,,,,,,,4163970293.55,,8.37483968936042,4.423167934512429,0.0,0.0,0.0,0.0,,,0.0,0.0,0.0298513176697108,,0.0,0.0,,0.0,0.0,0.0,0.0124323296354992,0.416475070650362,0.0,0.0,0.0,0.0,,0.0,,,0.0,0.0,,,,,,,,,,0.0,0.0,0.0,0.0,0.0,0.0,,1992-12-30,,bmo,,2025-04-25,1992-12-31,,31.15390625,251728.0625
1992-09-30,DUK,USD,1326160,1992-09-30,1992-09-29 20:00:00,1992,Q3,1139500000.0,0.0,1139500000.0,1.0,0,0.0,0.0,1139500000.0,0.0,1139500000.0,0.0,0.0,0.0,0.0,1139500000.0,1.0,1139500000.0,1.0,-1139500000.0,0.0,0.0,-190500000.0,190500000.0,0.1671785871,1.29,1.29,135813818,135813818,,,8.390162479638118,1.4026555088820196,,,,,,,,4269986437.92,,5.603656742677166,3.747245667327775,0.0,0.0,0.0,0.0,,,0.0,0.0,0.0446137248372143,,0.0,0.0,,0.0,0.0,0.0,0.0124758269720101,0.2796410077287139,0.0,0.0,0.0,0.0,,0.0,,,0.0,0.0,,,,,,,,,,0.0,0.0,0.0,0.0,0.0,0.0,,1993-01-25,0.77,bmo,,2025-04-25,1992-09-30,0.0779220779220778,31.26578125,205674.9375
1992-06-30,DUK,USD,1326160,1992-06-30,1992-06-29 20:00:00,1992,Q2,899300000.0,0.0,899300000.0,1.0,0,0.0,0.0,899300000.0,0.0,899300000.0,0.0,0.0,0.0,0.0,899300000.0,1.0,899300000.0,1.0,-899300000.0,0.0,0.0,-86900000.0,86900000.0,0.0966307128,0.54,0.54,134259125,134259125,,,6.698241180999801,0.6472558196696128,,,,,,,,4017033020.0,,11.55648164556962,4.466844234404537,0.0,0.0,0.0,0.0,,,0.0,0.0,0.0216328816734496,,0.0,0.0,,0.0,0.0,0.0,0.0125270721925133,0.5790755194620253,0.0,0.0,0.0,0.0,,0.0,,,0.0,0.0,,,,,,,,,,0.0,0.0,0.0,0.0,0.0,0.0,,1992-06-29,,bmo,,2025-04-25,1992-06-30,,29.483015873015876,276760.28571428574
1992-03-31,DUK,USD,1326160,1992-03-31,1992-03-30 19:00:00,1992,Q1,981300000.0,0.0,981300000.0,1.0,0,0.0,0.0,981300000.0,0.0,981300000.0,0.0,0.0,0.0,0.0,981300000.0,1.0,981300000.0,1.0,-981300000.0,0.0,0.0,-106400000.0,106400000.0,0.108427596,0.69,0.69,134927401,134927401,,,7.272799985230576,0.7885722189223818,,,,,,,,3771220857.95,,8.860951263980263,3.8430865769387546,0.0,0.0,0.0,0.0,,,0.0,0.0,0.0282136750956129,,0.0,0.0,,0.0,0.0,0.0,0.0134100178890876,0.4753020598572368,0.0,0.0,0.0,0.0,,0.0,,,0.0,0.0,,,,,,,,,,0.0,0.0,0.0,0.0,0.0,0.0,,1992-03-30,,bmo,,2025-04-25,1992-03-31,,28.295079365079363,302831.9365079365
1991-12-31,DUK,USD,1326160,1991-12-31,1991-12-30 19:00:00,1991,Q4,940300000.0,0.0,940300000.0,1.0,0,0.0,0.0,940300000.0,0.0,940300000.0,0.0,0.0,0.0,0.0,940300000.0,1.0,940300000.0,1.0,-940300000.0,0.0,0.0,-100000000.0,100000000.0,0.1063490375,0.63,0.63,134930421,134930421,,,6.9687768927957325,0.7411227153882518,,,,,,,,4124822969.97,,10.312057424925,4.386709528841859,0.0,0.0,0.0,0.0,,,0.0,0.0,0.0242434646839467,,0.0,0.0,,0.0,0.0,0.0,0.0122607131174353,0.5057327109501,0.0,0.0,0.0,0.0,,0.0,,,0.0,0.0,,,,,,,,,,0.0,0.0,0.0,0.0,0.0,0.0,,1991-12-30,,bmo,,2025-04-25,1991-12-31,,27.7903125,281334.640625
1991-09-30,DUK,USD,1326160,1991-09-30,1991-09-29 20:00:00,1991,Q3,1096400000.0,0.0,1096400000.0,1.0,0,0.0,0.0,1096400000.0,0.0,1096400000.0,0.0,0.0,0.0,0.0,1096400000.0,1.0,1096400000.0,1.0,-1096400000.0,0.0,0.0,-207800000.0,207800000.0,0.1895293688,1.44,1.44,134930421,134930421,,,8.125669451516794,1.5400530025767871,,,,,,,,3815832305.88,,4.590751089846006,3.4803286263042685,0.0,0.0,0.0,0.0,,,0.0,0.0,0.0544573197516544,,0.0,0.0,,0.0,0.0,0.0,0.0132535360678925,0.2433747405919634,0.0,0.0,0.0,0.0,,0.0,,,0.0,0.0,,,,,,,,,,0.0,0.0,0.0,0.0,0.0,0.0,,1991-09-29,,bmo,,2025-04-25,1991-09-30,,25.8790625,267948.125
1991-06-30,DUK,USD,1326160,1991-06-30,1991-06-29 20:00:00,1991,Q2,893600000.0,0.0,893600000.0,1.0,0,0.0,0.0,893600000.0,0.0,893600000.0,0.0,0.0,0.0,0.0,893600000.0,1.0,893600000.0,1.0,-893600000.0,0.0,0.0,-138400000.0,138400000.0,0.1548791406,0.93,0.93,134085887,134085887,,,6.6643851936483065,1.0321742511201049,,,,,,,,3264991348.4500003,,5.897744487807081,3.6537503899395705,0.0,0.0,0.0,0.0,,,0.0,0.0,0.0423890862882999,,0.0,0.0,,0.0,0.0,0.0,0.014676796714579,0.3462399876882948,0.0,0.0,0.0,0.0,,0.0,,,0.0,0.0,,,,,,,,,,0.0,0.0,0.0,0.0,0.0,0.0,,1991-06-29,,bmo,,2025-04-25,1991-06-30,,24.52625,263645.09375
1991-03-31,DUK,USD,1326160,1991-03-31,1991-03-30 19:00:00,1991,Q1,886600000.0,0.0,886600000.0,1.0,0,0.0,0.0,886600000.0,0.0,886600000.0,0.0,0.0,0.0,0.0,886600000.0,1.0,886600000.0,1.0,-886600000.0,0.0,0.0,-137400000.0,137400000.0,0.1549740582,0.93,0.93,132688039,132688039,,,6.681838142170449,1.0355115731267983,,,,,,,,3288009606.42,,5.982550230021834,3.7085603501240696,0.0,0.0,0.0,0.0,,,0.0,0.0,0.041788199076949,,0.0,0.0,,0.0,0.0,0.0,0.0144221146085552,0.3451241002752547,0.0,0.0,0.0,0.0,,0.0,,,0.0,0.0,,,,,,,,,,0.0,0.0,0.0,0.0,0.0,0.0,,1991-03-30,,bmo,,2025-04-25,1991-03-31,,24.86377049180328,386976.68852459016
1990-12-31,DUK,USD,1326160,1990-12-31,1990-12-30 19:00:00,1990,Q4,850800000.0,0.0,850800000.0,1.0,0,0.0,0.0,850800000.0,0.0,850800000.0,0.0,0.0,0.0,0.0,850800000.0,1.0,850800000.0,1.0,-850800000.0,0.0,0.0,-80400000.0,80400000.0,0.0944992948,0.48,0.48,133933199,133933199,,,6.352420507778658,0.6002992581398732,,,,,,,,3582713073.25,,11.140276969060944,4.210993268982135,0.0,0.0,0.0,0.0,,,0.0,0.0,0.0224410937622382,,0.0,0.0,,0.0,0.0,0.0,0.0133599999999999,0.5953364012266169,0.0,0.0,0.0,0.0,,0.0,,,0.0,0.0,,,,,,,,,,0.0,0.0,0.0,0.0,0.0,0.0,,1990-12-30,,bmo,,2025-04-25,1990-12-31,,26.581875,431638.21875
1990-09-30,DUK,USD,1326160,1990-09-30,1990-09-29 20:00:00,1990,Q3,1105000000.0,0.0,1105000000.0,1.0,0,0.0,0.0,1105000000.0,0.0,1105000000.0,0.0,0.0,0.0,0.0,1105000000.0,1.0,1105000000.0,1.0,-1105000000.0,0.0,0.0,-213800000.0,213800000.0,0.1934841629,1.5,1.5,133933199,133933199,,,8.25038159508159,1.5963181764963292,,,,,,,,3333597323.11,,3.89803241710711,3.016830156660633,0.0,0.0,0.0,0.0,,,0.0,0.0,0.0641349207109814,,0.0,0.0,,0.0,0.0,0.0,0.0143583768581759,0.2238776738008419,0.0,0.0,0.0,0.0,,0.0,,,0.0,0.0,,,,,,,,,,0.0,0.0,0.0,0.0,0.0,0.0,,1990-09-29,,bmo,,2025-04-25,1990-09-30,,24.52523809523809,378290.0634920635
1990-06-30,DUK,USD,1326160,1990-06-30,1990-06-29 20:00:00,1990,Q2,870300000.0,0.0,870300000.0,1.0,0,0.0,0.0,870300000.0,0.0,870300000.0,0.0,0.0,0.0,0.0,870300000.0,1.0,870300000.0,1.0,-870300000.0,0.0,0.0,-116900000.0,116900000.0,0.1343214983,0.78,0.78,133204995,133204995,,,6.533538776079681,0.8775947178257092,,,,,,,,3250201878.0,,6.950816676646706,3.7345764426059977,0.0,0.0,0.0,0.0,,,0.0,0.0,0.0359669966322011,,0.0,0.0,,0.0,0.0,0.0,0.0139319672131147,0.3873542001736527,0.0,0.0,0.0,0.0,,0.0,,,0.0,0.0,,,,,,,,,,0.0,0.0,0.0,0.0,0.0,0.0,,1990-06-29,,bmo,,2025-04-25,1990-06-30,,24.04968253968254,372870.6031746032
1990-03-31,DUK,USD,1326160,1990-03-31,1990-03-30 19:00:00,1990,Q1,855400000.0,0.0,855400000.0,1.0,0,0.0,0.0,855400000.0,0.0,855400000.0,0.0,0.0,0.0,0.0,855400000.0,1.0,855400000.0,1.0,-855400000.0,0.0,0.0,-127000000.0,127000000.0,0.1484685527,0.87,0.87,131034352,131034352,,,6.528059145894811,0.9692114934868375,,,,,,,,3147445135.04,,6.19575813984252,3.6795009761982698,0.0,0.0,0.0,0.0,,,0.0,0.0,0.0403501870727243,,0.0,0.0,,0.0,0.0,0.0,0.0141523730224812,0.350738721408504,0.0,0.0,0.0,0.0,,0.0,,,0.0,0.0,,,,,,,,,,0.0,0.0,0.0,0.0,0.0,0.0,,1990-03-30,,bmo,,2025-04-25,1990-03-31,,23.64031746031746,404751.3650793651
1989-12-31,DUK,USD,1326160,1989-12-31,1989-12-30 19:00:00,1989,Q4,887500000.0,0.0,887500000.0,1.0,0,0.0,0.0,887500000.0,0.0,887500000.0,0.0,0.0,0.0,0.0,887500000.0,1.0,887500000.0,1.0,-887500000.0,0.0,0.0,-122200000.0,122200000.0,0.1376901408,0.81,0.81,134666532,134666532,,,6.59035312500659,0.9074266500009074,,,,,,,,3293943372.7200003,,6.738836687234043,3.711485490388733,0.0,0.0,0.0,0.0,,,0.0,0.0,0.0370983912510591,,0.0,0.0,,0.0,0.0,0.0,0.013897792313982,0.3746198108680851,0.0,0.0,0.0,0.0,,0.0,,,0.0,0.0,,,,,,,,,,0.0,0.0,0.0,0.0,0.0,0.0,,1989-12-30,,bmo,,2025-04-25,1989-12-31,,,
1989-09-30,DUK,USD,1326160,1989-09-30,1989-09-29 20:00:00,1989,Q3,1011300000.0,0.0,1011300000.0,1.0,0,0.0,0.0,1011300000.0,0.0,1011300000.0,0.0,0.0,0.0,0.0,1011300000.0,1.0,1011300000.0,1.0,-1011300000.0,0.0,0.0,-194800000.0,194800000.0,0.1926233561,1.35,1.35,134666532,134666532,,,7.50966097500751,1.4465361000014465,,,,,,,,3021916978.0800004,,3.878230208008214,2.988150873212697,0.0,0.0,0.0,0.0,,,0.0,0.0,0.0644623930481928,,0.0,0.0,,0.0,0.0,0.0,0.0151488413547237,0.2350027766328542,0.0,0.0,0.0,0.0,,0.0,,,0.0,0.0,,,,,,,,,,0.0,0.0,0.0,0.0,0.0,0.0,,1989-09-29,,bmo,,2025-04-25,1989-09-30,,,
1989-06-30,DUK,USD,1326160,1989-06-30,1989-06-29 20:00:00,1989,Q2,877300000.0,0.0,877300000.0,1.0,0,0.0,0.0,877300000.0,0.0,877300000.0,0.0,0.0,0.0,0.0,877300000.0,1.0,877300000.0,1.0,-877300000.0,0.0,0.0,-127300000.0,127300000.0,0.1451042973,0.84,0.84,135833198,135833198,,,6.458656741631011,0.9371788478395392,,,,,,,,2928563748.88,,5.751303513118617,3.3381554187621107,0.0,0.0,0.0,0.0,,,0.0,0.0,0.0434684066715927,,0.0,0.0,,0.0,0.0,0.0,0.0149587198515769,0.3441285521365279,0.0,0.0,0.0,0.0,,0.0,,,0.0,0.0,,,,,,,,,,0.0,0.0,0.0,0.0,0.0,0.0,,1989-06-29,,bmo,,2025-04-25,1989-06-30,,,
1989-03-31,DUK,USD,1326160,1989-03-31,1989-03-30 19:00:00,1989,Q1,863200000.0,0.0,863200000.0,1.0,0,0.0,0.0,863200000.0,0.0,863200000.0,0.0,0.0,0.0,0.0,863200000.0,1.0,863200000.0,1.0,-863200000.0,0.0,0.0,-127300000.0,0.0,0.0,0.87,0.87,135031864,135031864,,,6.392565239268266,0.0,,,,,,,,2623669117.52,,0.0,3.0394683937905467,0.0,0.0,0.0,0.0,,,0.0,0.0,0.0,,0.0,0.0,,0.0,0.0,0.0,0.0165985589294904,0.0,0.0,0.0,0.0,0.0,,0.0,,,0.0,0.0,,,,,,,,,,0.0,0.0,0.0,0.0,0.0,0.0,,1989-03-30,,bmo,,2025-04-25,1989-03-31,,,
1988-12-31,DUK,USD,1326160,1988-12-31,1988-12-30 19:00:00,1988,Q4,850100000.0,0.0,850100000.0,1.0,0,0.0,0.0,850100000.0,0.0,850100000.0,0.0,0.0,0.0,0.0,850100000.0,1.0,850100000.0,1.0,-850100000.0,0.0,0.0,-24200000.0,0.0,0.0,0.0,0.0,135027864,135027864,,,6.295737596797058,0.0,,,,,,,,2727562852.8,,0.0,3.208520000941065,0.0,0.0,0.0,0.0,,,0.0,0.0,0.0,,0.0,0.0,,0.0,0.0,0.0,0.0159658415841584,0.0,0.0,0.0,0.0,0.0,,0.0,,,0.0,0.0,,,,,,,,,,0.0,0.0,0.0,0.0,0.0,0.0,,1988-12-30,,bmo,,2025-04-25,1988-12-31,,,
1988-09-30,DUK,USD,1326160,1988-09-30,1988-09-29 20:00:00,1988,Q3,1029500000.0,0.0,1029500000.0,1.0,0,0.0,0.0,1029500000.0,0.0,1029500000.0,0.0,0.0,0.0,0.0,1029500000.0,1.0,1029500000.0,1.0,-1029500000.0,0.0,0.0,-192900000.0,0.0,0.0,1.35,1.35,135027864,135027864,,,7.62435225961954,0.0,,,,,,,,2683003657.6800003,,0.0,2.6061230283438563,0.0,0.0,0.0,0.0,,,0.0,0.0,0.0,,0.0,0.0,,0.0,0.0,0.0,0.0162310015098137,0.0,0.0,0.0,0.0,0.0,,0.0,,,0.0,0.0,,,,,,,,,,0.0,0.0,0.0,0.0,0.0,0.0,,1988-09-29,,bmo,,2025-04-25,1988-09-30,,,
1988-06-30,DUK,USD,1326160,1988-06-30,1988-06-29 20:00:00,1988,Q2,830000000.0,0.0,830000000.0,1.0,0,0.0,0.0,830000000.0,0.0,830000000.0,0.0,0.0,0.0,0.0,830000000.0,1.0,830000000.0,1.0,-830000000.0,0.0,0.0,-95800000.0,0.0,0.0,0.63,0.63,135022531,135022531,,,6.14712221621738,0.0,,,,,,,,2690999042.83,,0.0,3.242167521481928,0.0,0.0,0.0,0.0,,,0.0,0.0,0.0,,0.0,0.0,,0.0,0.0,0.0,0.0153075765178123,0.0,0.0,0.0,0.0,0.0,,0.0,,,0.0,0.0,,,,,,,,,,0.0,0.0,0.0,0.0,0.0,0.0,,1988-06-29,,bmo,,2025-04-25,1988-06-30,,,
1988-03-31,DUK,USD,1326160,1988-03-31,1988-03-30 19:00:00,1988,Q1,917400000.0,0.0,917400000.0,1.0,0,0.0,0.0,917400000.0,0.0,917400000.0,0.0,0.0,0.0,0.0,917400000.0,1.0,917400000.0,1.0,-917400000.0,0.0,0.0,-135200000.0,0.0,0.0,0.9,0.9,135011864,135011864,,,6.794958404544359,0.0,,,,,,,,2601678619.28,,0.0,2.8359261165031606,0.0,0.0,0.0,0.0,,,0.0,0.0,0.0,,0.0,0.0,,0.0,0.0,0.0,0.015831862999481,0.0,0.0,0.0,0.0,0.0,,0.0,,,0.0,0.0,,,,,,,,,,0.0,0.0,0.0,0.0,0.0,0.0,,1988-03-30,,bmo,,2025-04-25,1988-03-31,,,
1987-12-31,DUK,USD,1326160,1987-12-31,1987-12-30 19:00:00,1987,Q4,898700000.0,0.0,898700000.0,1.0,0,0.0,0.0,898700000.0,0.0,898700000.0,0.0,0.0,0.0,0.0,898700000.0,1.0,898700000.0,1.0,-898700000.0,0.0,0.0,-92700000.0,0.0,0.0,0.0,0.0,134997198,134997198,,,6.65717521040696,0.0,,,,,,,,2527147546.56,,0.0,2.812003501235117,0.0,0.0,0.0,0.0,,,0.0,0.0,0.0,,0.0,0.0,,0.0,0.0,0.0,0.0162970085470085,0.0,0.0,0.0,0.0,0.0,,0.0,,,0.0,0.0,,,,,,,,,,0.0,0.0,0.0,0.0,0.0,0.0,,1987-12-30,,bmo,,2025-04-25,1987-12-31,,,
1987-09-30,DUK,USD,1326160,1987-09-30,1987-09-29 20:00:00,1987,Q3,1036700000.0,0.0,1036700000.0,1.0,0,0.0,0.0,1036700000.0,0.0,1036700000.0,0.0,0.0,0.0,0.0,1036700000.0,1.0,1036700000.0,1.0,-1036700000.0,0.0,0.0,-165000000.0,0.0,0.0,1.14,1.14,134997198,134997198,,,7.679418649859681,0.0,,,,,,,,2697244016.04,,0.0,2.6017594444294394,0.0,0.0,0.0,0.0,,,0.0,0.0,0.0,,0.0,0.0,,0.0,0.0,0.0,0.0152692692692692,0.0,0.0,0.0,0.0,0.0,,0.0,,,0.0,0.0,,,,,,,,,,0.0,0.0,0.0,0.0,0.0,0.0,,1987-09-29,,bmo,,2025-04-25,1987-09-30,,,
1987-06-30,DUK,USD,1326160,1987-06-30,1987-06-29 20:00:00,1987,Q2,857800000.0,0.0,857800000.0,1.0,0,0.0,0.0,857800000.0,0.0,857800000.0,0.0,0.0,0.0,0.0,857800000.0,1.0,857800000.0,1.0,-857800000.0,0.0,0.0,-102800000.0,0.0,0.0,0.66,0.66,134981198,134981198,,,6.354959155126183,0.0,,,,,,,,2630783549.02,,0.0,3.066896186780135,0.0,0.0,0.0,0.0,,,0.0,0.0,0.0,,0.0,0.0,,0.0,0.0,0.0,0.0149820420728578,0.0,0.0,0.0,0.0,0.0,,0.0,,,0.0,0.0,,,,,,,,,,0.0,0.0,0.0,0.0,0.0,0.0,,1987-06-29,,bmo,,2025-04-25,1987-06-30,,,
1987-03-31,DUK,USD,1326160,1987-03-31,1987-03-30 19:00:00,1987,Q1,912600000.0,0.0,912600000.0,1.0,0,0.0,0.0,912600000.0,0.0,912600000.0,0.0,0.0,0.0,0.0,912600000.0,1.0,912600000.0,1.0,-912600000.0,0.0,0.0,-139700000.0,0.0,0.0,0.93,0.93,134981198,134981198,,,6.760941623884535,0.0,,,,,,,,2741468131.38,,0.0,3.0040194295200524,0.0,0.0,0.0,0.0,,,0.0,0.0,0.0,,0.0,0.0,,0.0,0.0,0.0,0.0143771541112752,0.0,0.0,0.0,0.0,0.0,,0.0,,,0.0,0.0,,,,,,,,,,0.0,0.0,0.0,0.0,0.0,0.0,,1987-03-30,,bmo,,2025-04-25,1987-03-31,,,
1986-12-31,DUK,USD,1326160,1986-12-31,1986-12-30 19:00:00,1986,Q4,842900000.0,0.0,842900000.0,1.0,0,0.0,0.0,842900000.0,0.0,842900000.0,0.0,0.0,0.0,0.0,842900000.0,1.0,842900000.0,1.0,-842900000.0,0.0,0.0,-92100000.0,0.0,0.0,0.0,0.0,134970531,134970531,,,6.24506693242542,0.0,,,,,,,,2667017692.5600004,,0.0,3.164097393000356,0.0,0.0,0.0,0.0,,,0.0,0.0,0.0,,0.0,0.0,,0.0,0.0,0.0,0.0147773279352226,0.0,0.0,0.0,0.0,0.0,,0.0,,,0.0,0.0,,,,,,,,,,0.0,0.0,0.0,0.0,0.0,0.0,,1986-12-30,,bmo,,2025-04-25,1986-12-31,,,
1986-09-30,DUK,USD,1326160,1986-09-30,1986-09-29 20:00:00,1986,Q3,940600000.0,0.0,940600000.0,1.0,0,0.0,0.0,940600000.0,0.0,940600000.0,0.0,0.0,0.0,0.0,940600000.0,1.0,940600000.0,1.0,-940600000.0,0.0,0.0,-152500000.0,0.0,0.0,1.05,1.05,134970531,134970531,,,6.9689286470985286,0.0,,,,,,,,2660269166.01,,0.0,2.8282683032213485,0.0,0.0,0.0,0.0,,,0.0,0.0,0.0,,0.0,0.0,,0.0,0.0,0.0,0.0148148148148148,0.0,0.0,0.0,0.0,0.0,,0.0,,,0.0,0.0,,,,,,,,,,0.0,0.0,0.0,0.0,0.0,0.0,,1986-09-29,,bmo,,2025-04-25,1986-09-30,,,
1986-06-30,DUK,USD,1326160,1986-06-30,1986-06-29 20:00:00,1986,Q2,784000000.0,0.0,784000000.0,1.0,0,0.0,0.0,784000000.0,0.0,784000000.0,0.0,0.0,0.0,0.0,784000000.0,1.0,784000000.0,1.0,-784000000.0,0.0,0.0,-89800000.0,0.0,0.0,0.57,0.57,134925198,134925198,,,5.810627011271831,0.0,,,,,,,,2659375652.58,,0.0,3.3920607813520407,0.0,0.0,0.0,0.0,,,0.0,0.0,0.0,,0.0,0.0,,0.0,0.0,0.0,0.014372907153729,0.0,0.0,0.0,0.0,0.0,,0.0,,,0.0,0.0,,,,,,,,,,0.0,0.0,0.0,0.0,0.0,0.0,,1986-06-29,,bmo,,2025-04-25,1986-06-30,,,
1986-03-31,DUK,USD,1326160,1986-03-31,1986-03-30 19:00:00,1986,Q1,833400000.0,0.0,833400000.0,1.0,0,0.0,0.0,833400000.0,0.0,833400000.0,0.0,0.0,0.0,0.0,833400000.0,1.0,833400000.0,1.0,-833400000.0,0.0,0.0,-133400000.0,0.0,0.0,0.9,0.9,134925198,134925198,,,6.176755805094316,0.0,,,,,,,,2459686359.54,,0.0,2.951387520446364,0.0,0.0,0.0,0.0,,,0.0,0.0,0.0,,0.0,0.0,,0.0,0.0,0.0,0.015539769610532,0.0,0.0,0.0,0.0,0.0,,0.0,,,0.0,0.0,,,,,,,,,,0.0,0.0,0.0,0.0,0.0,0.0,,1986-03-30,,bmo,,2025-04-25,1986-03-31,,,
1985-12-31,DUK,USD,1326160,1985-12-31,1985-12-30 19:00:00,1985,Q4,718000000.0,0.0,718000000.0,1.0,0,0.0,0.0,718000000.0,0.0,718000000.0,0.0,0.0,0.0,0.0,718000000.0,1.0,718000000.0,1.0,-718000000.0,0.0,0.0,-89500000.0,0.0,0.0,0.0,0.0,134903865,134903865,,,5.322308593604786,0.0,,,,,,,,2084264714.25,,0.0,2.902875646587744,0.0,0.0,0.0,0.0,,,0.0,0.0,0.0,,0.0,0.0,,0.0,0.0,0.0,0.018335922330097,0.0,0.0,0.0,0.0,0.0,,0.0,,,0.0,0.0,,,,,,,,,,0.0,0.0,0.0,0.0,0.0,0.0,,1985-12-30,,bmo,,2025-04-25,1985-12-31,,,
1985-09-30,DUK,USD,1326160,1985-09-30,1985-09-29 20:00:00,1985,Q3,751200000.0,0.0,751200000.0,1.0,0,0.0,0.0,751200000.0,0.0,751200000.0,0.0,0.0,0.0,0.0,751200000.0,1.0,751200000.0,1.0,-751200000.0,0.0,0.0,-119400000.0,0.0,0.0,0.78,0.78,134903865,134903865,,,5.568409770913532,0.0,,,,,,,,1848182950.5,,0.0,2.460307442092652,0.0,0.0,0.0,0.0,,,0.0,0.0,0.0,,0.0,0.0,,0.0,0.0,0.0,0.0197233576642335,0.0,0.0,0.0,0.0,0.0,,0.0,,,0.0,0.0,,,,,,,,,,0.0,0.0,0.0,0.0,0.0,0.0,,1985-09-29,,bmo,,2025-04-25,1985-09-30,,,
