date,symbol,reportedCurrency,cik,fillingDate,acceptedDate,calendarYear,period,revenue,costOfRevenue,grossProfit,grossProfitRatio,researchAndDevelopmentExpenses,generalAndAdministrativeExpenses,sellingAndMarketingExpenses,sellingGeneralAndAdministrativeExpenses,otherExpenses,operatingExpenses,costAndExpenses,interestIncome,interestExpense,depreciationAndAmortization,ebitda,ebitdaratio,operatingIncome,operatingIncomeRatio,totalOtherIncomeExpensesNet,incomeBeforeTax,incomeBeforeTaxRatio,incomeTaxExpense,netIncome,netIncomeRatio,eps,epsdiluted,weightedAverageShsOut,weightedAverageShsOutDil,link,finalLink,revenuePerShare,netIncomePerShare,operatingCashFlowPerShare,freeCashFlowPerShare,cashPerShare,bookValuePerShare,tangibleBookValuePerShare,shareholdersEquityPerShare,interestDebtPerShare,marketCap,enterpriseValue,peRatio,priceToSalesRatio,pocfratio,pfcfRatio,pbRatio,ptbRatio,evToSales,enterpriseValueOverEBITDA,evToOperatingCashFlow,evToFreeCashFlow,earningsYield,freeCashFlowYield,debtToEquity,debtToAssets,netDebtToEBITDA,currentRatio,interestCoverage,incomeQuality,dividendYield,payoutRatio,salesGeneralAndAdministrativeToRevenue,researchAndDdevelopementToRevenue,intangiblesToTotalAssets,capexToOperatingCashFlow,capexToRevenue,capexToDepreciation,stockBasedCompensationToRevenue,grahamNumber,roic,returnOnTangibleAssets,grahamNetNet,workingCapital,tangibleAssetValue,netCurrentAssetValue,investedCapital,averageReceivables,averagePayables,averageInventory,daysSalesOutstanding,daysPayablesOutstanding,daysOfInventoryOnHand,receivablesTurnover,payablesTurnover,inventoryTurnover,roe,capexPerShare,report_date,epsEstimated,time,revenueEstimated,updatedFromDate,fiscalDateEnding,surprise(%),QuarterAvgPrice,QuarterAvgVolume
2025-03-31,DXCM,USD,1093557,2025-05-01,2025-05-01 17:15:34,2025,Q1,1036000000.0,447000000.0,589000000.0,0.5685328185,145200000,0.0,0.0,310100000.0,0.0,455300000.0,902300000.0,0.0,0.0,0.0,133700000.0,0.1290540531,133700000.0,0.1290540541,20600000.0,154300000.0,0.1489382239,48900000.0,105400000.0,0.1017374517,0.27,0.27,391100000,407500000,https://www.sec.gov/Archives/edgar/data/1093557/000109355725000113/0001093557-25-000113-index.htm,https://www.sec.gov/Archives/edgar/data/1093557/000109355725000113/dxcm-20250331.htm,2.648938890309384,0.2694962925083099,0.469956532856047,0.2475070314497571,6.907184863206341,5.795448734339043,5.492968550242905,5.795448734339043,6.604960368192279,26708219000.000004,28386519000.000004,63.3496655597723,25.78013416988417,145.31131120783462,275.9113533057852,11.78338436424601,11.78338436424601,27.400114864864868,212.3150277660062,154.4424319912949,293.24916322314056,0.0039463507469367,0.0036243524886477,1.1396805788405542,0.3825999377934446,12.552730086407854,1.4993908662869184,0.0,1.743833017077799,0.0,0.0,0.0,0.1401544401544401,0.0175215131004043,0.4733405875952122,0.0839768339768339,1.45,0.033011583011583,5.928040891799149,0.0185630706049605,0.0158892875448487,-1.6573766300178985,1516700000.0,2148300000.0,68700000.0,3058800000.0,1094399999.5,172650000.0,540400000.0,100.35521235521234,0.0,108.36241610738254,0.896814404432133,0.0,0.830546265328874,0.0465013676872849,0.2224495014062899,2025-05-01,0.3272,amc,1017411706.0,2025-05-11,2025-03-31,-0.02200488997555,81.61083333333333,3910239.7666666666
2024-12-31,DXCM,USD,1093557,2024-12-31,2024-12-31 00:00:00,2024,Q4,1113500000.0,459500000.0,654000000.0,0.587337225,139500000,0.0,0.0,327400000.0,-1800000.0,465100000.0,924600000.0,29700000.0,4900000.0,57800000.0,274000000.0,0.2460709475,188900000.0,0.1696452627,22400000.0,211300000.0,0.1897620117,59600000.0,151700000.0,0.1362370903,0.39,0.38,399330325,406700000,,,2.788418335121431,0.3798860003932834,0.7547636158110457,0.4427412318360745,6.4593141029296985,5.265315124765444,4.949286032810055,5.265315124765444,6.49161818602181,31055919375.25,33037219375.25,51.17982757951549,27.890363156937585,103.03888312956204,175.65565257494345,14.77024606451536,14.77024606451536,29.66970756645712,120.57379334032846,109.6125394002986,186.8621005387444,0.00488473705019,0.00569295656212,1.2305716731665557,0.3990130310740998,7.231021897810219,1.4670532060027286,38.55102040816327,1.98681608437706,0.0,0.0,0.0,0.1252806466097889,0.019461793507595,0.4134041141340411,0.1118994162550516,2.1557093425605536,0.0388863942523574,6.708572041056252,0.0283755744527591,0.0238585785508705,-1.89316952262516,1369400000.0,1976400000.0,-80500000.0,2898300000.0,1033649999.5,335950000.0,564450000.0,83.5419846519982,67.63220892274211,106.27638737758431,1.0773026326212294,1.3307269041413263,0.8468485071876152,0.0721487681917625,0.3120223839749711,2025-02-13,0.4792,amc,1109148460.0,2025-05-11,2024-12-31,-0.0609348914858096,74.0359375,4026574.234375
2024-09-30,DXCM,USD,1093557,2024-10-24,2024-10-24 17:13:02,2024,Q3,994200000.0,400400000.0,593800000.0,0.597264132,135400000,0.0,0.0,306400000.0,0.0,441800000.0,842200000.0,32000000.0,4700000.0,55300000.0,237400000.0,0.2387849527,152000000.0,0.1528867431,25400000.0,177400000.0,0.1784349226,42800000.0,134600000.0,0.1353852344,0.35,0.34,394200000,410200000,https://www.sec.gov/Archives/edgar/data/1093557/000109355724000180/0001093557-24-000180-index.htm,https://www.sec.gov/Archives/edgar/data/1093557/000109355724000180/dxcm-20240930.htm,2.5220700152207,0.341451040081177,0.5060882800608828,0.223997970573313,6.322425164890919,5.02029426686961,4.690512430238457,5.02029426686961,6.58523592085236,26427168000.000004,28397168000.000004,49.08463595839525,26.58133977066989,132.467007518797,299.2884258210646,13.353798888327438,13.353798888327438,28.562832428082885,119.61738837405224,142.341694235589,321.59873159682905,0.005093243437965,0.0033412585109384,1.3093481556341586,0.4078189429947433,8.298230834035383,2.457653502450274,32.340425531914896,1.4821693907875186,0.0,0.0,0.0,0.136189901428284,0.0204601970474361,0.5573934837092732,0.1118487225910279,2.0108499095840866,0.0436531884932609,6.210407049949662,0.024727818382325,0.0216266589543365,-2.0651319127346524,2528300000.0,1849000000.0,-112000000.0,4044600000.0,1016200000.0,316800000.0,578300000.0,93.57573928786964,73.41158841158841,131.78571428571428,0.9617877527329012,1.2259644825474587,0.6829268292682927,0.0680141485598787,0.2820903094875697,2024-10-24,0.44,amc,990443312.0,2025-04-06,2024-09-30,0.0227272727272727,82.11796875,5448961.15625
2024-06-30,DXCM,USD,1093557,2024-07-25,2024-07-25 17:18:18,2024,Q2,1004300000.0,377600000.0,626700000.0,0.6240167281,136000000,0.0,0.0,332700000.0,-1600000.0,468700000.0,846300000.0,36200000.0,4800000.0,52100000.0,244700000.0,0.2436522951,158000000.0,0.1573235089,29800000.0,187800000.0,0.1869959176,44300000.0,143500000.0,0.142885592,0.36,0.35,399200000,416800000,https://www.sec.gov/Archives/edgar/data/1093557/000109355724000144/0001093557-24-000144-index.htm,https://www.sec.gov/Archives/edgar/data/1093557/000109355724000144/dxcm-20240630.htm,2.5157815631262523,0.3594689378757515,0.6998997995991983,0.5343186397795591,7.817384769539078,6.097945891783567,5.752755511022044,6.097945891783567,6.510771543086173,44778264000.0,46433364000.0,78.01091289198607,44.58654186995918,160.26579813886903,209.93091322113963,18.394718810335625,18.394718810335625,46.234555411729566,189.7562893338782,166.1895633500358,217.6904068556474,0.0032046798419876,0.0047634718710845,1.065727313806844,0.3815595952464995,6.763792398855742,2.815236325630008,32.916666666666664,1.9470383275261325,0.0,0.0,0.0,0.1354177038733446,0.0202670902459112,0.2365783786685755,0.0658169859603704,1.2687139923224569,0.0445086129642537,7.022855401560175,0.0235790593077455,0.0215420181943735,-0.5261147294589178,3126200000.0,2296500000.0,483500000.0,4518300000.0,991750000.0,288350000.0,579700000.0,89.49815792093996,73.17266949152541,135.92955508474574,1.0056072894763193,1.2299674267100975,0.6621076626337016,0.058949184570513,0.1655811598196392,2024-07-25,0.39,amc,1037198568.0,2025-04-06,2024-06-30,0.1025641025641025,126.42603174603175,2811126.031746032
2024-03-31,DXCM,USD,1093557,2024-04-25,2024-04-25 17:17:02,2024,Q1,921000000.0,359100000.0,561900000.0,0.6100977199,141500000,0.0,0.0,319300000.0,-300000.0,460800000.0,819900000.0,36300000.0,4600000.0,52500000.0,189600000.0,0.2058631922,101100000.0,0.109771987,31400000.0,132500000.0,0.1438653637,-13900000.0,146400000.0,0.1589576547,0.38,0.36,390200000,416700000,https://www.sec.gov/Archives/edgar/data/1093557/000109355724000079/0001093557-24-000079-index.htm,https://www.sec.gov/Archives/edgar/data/1093557/000109355724000079/dxcm-20240331.htm,2.360328036904152,0.3751922091235264,0.5361353152229625,0.3903126601742696,7.424397744746284,5.7580727831881084,5.382624295233214,5.7580727831881084,6.649666837519221,53824188000.0,55563088000.0,91.9128893442623,58.44102931596091,257.285793499044,353.4089822718319,23.95593199216664,23.95593199216664,60.32908577633008,293.05426160337555,265.5979349904398,364.8265791201576,0.0027199667183088,0.0028295828633773,1.152795086345024,0.3995711332572275,9.171413502109704,2.898444360807929,21.97826086956522,1.4289617486338797,0.0,0.0,0.0,0.1536373507057546,0.0226003517324365,0.2719885277246654,0.0617806731813246,1.0838095238095238,0.0423452768729641,6.971989750129727,0.0227567303490029,0.0231071546948245,-0.7822911327524347,3026500000.0,2100300000.0,385300000.0,4349600000.0,986150000.0,273050000.0,574350000.0,96.2345276872964,67.59398496240601,147.64411027568923,0.9352152721364744,1.331479421579533,0.6095739263282974,0.0651593377247641,0.145822655048693,2024-04-25,0.27,amc,909927344.0,2025-04-06,2024-03-31,0.1851851851851851,125.69934426229509,3115603.62295082
2023-12-31,DXCM,USD,1093557,2024-02-08,2024-02-08 17:14:40,2023,Q4,1034500000.0,377900000.0,656600000.0,0.634702755,136100000,128000000.0,180800000.0,308800000.0,-500000.0,439700000.0,817600000.0,33800000.0,4900000.0,52500000.0,303600000.0,0.2934751087,216900000.0,0.2096665056,29300000.0,246200000.0,0.2379893668,-10100000.0,256300000.0,0.2477525375,0.67,0.62,384100000,415900000,https://www.sec.gov/Archives/edgar/data/1093557/000109355724000021/0001093557-24-000021-index.htm,https://www.sec.gov/Archives/edgar/data/1093557/000109355724000021/dxcm-20231231.htm,2.693309034105701,0.667274147357459,0.3478260869565217,0.2111429315282478,7.0921634990887785,5.385576672741474,4.969799531372039,5.385576672741474,6.766206717000781,47662969000.0,49690669000.0,46.49138607101053,46.07343547607539,356.75875,587.7061528976573,23.041172290437977,23.041172290437977,48.033512808119866,163.67150527009224,371.9361452095808,612.7086189889026,0.0053773402156294,0.0017015305949572,1.2539882045828097,0.4140793359406177,6.678853754940712,2.844408740359897,44.265306122448976,0.5212641435817401,0.0,0.0,0.1237312711454809,0.1315611406476558,0.0254928565727512,0.3929640718562874,0.0507491541807636,1.0,0.0356694055099081,8.992066606318328,0.0477414601125195,0.0419833573581444,-1.1751497005988023,2869900000.0,1908900000.0,230000000.0,4214100000.0,886600000.0,259400000.0,529100000.0,85.91106814886419,65.82693834347711,133.2733527388198,1.0475949367088608,1.3672214182344429,0.6753037884203003,0.1239002223726191,0.1366831554282739,2024-02-08,0.43,amc,1014100000.0,2025-04-06,2023-12-31,0.1627906976744186,102.16,4485657.476190476
2023-09-30,DXCM,USD,1093557,2023-10-26,2023-10-26 17:14:39,2023,Q3,975000000.0,351700000.0,623300000.0,0.6392820513,131400000,0.0,0.0,284700000.0,33900000.0,417800000.0,769500000.0,41500000.0,4900000.0,48200000.0,293500000.0,0.301025641,205500000.0,0.2107692308,34900000.0,240400000.0,0.2465641026,119700000.0,120700000.0,0.1237948718,0.31,0.29,386600000,426800000,https://www.sec.gov/Archives/edgar/data/1093557/000109355723000220/0001093557-23-000220-index.htm,https://www.sec.gov/Archives/edgar/data/1093557/000109355723000220/dxcm-20230930.htm,2.52198654940507,0.3122090015519917,0.6963269529229178,0.5659596482152095,8.381531298499741,5.866270046559752,5.427056389032592,5.866270046559752,6.895757889291257,36069780000.0,38087080000.0,74.7095691797846,36.99464615384616,133.98878157503714,164.85274223034736,15.904484324705674,15.904484324705674,39.063671794871794,129.7685860306644,141.48246656760773,174.0725776965265,0.0033462915493246,0.0060660198093805,1.1733321575025353,0.4034140868985173,6.873253833049404,2.798999165971643,41.93877551020408,2.230323115161557,0.0,0.0,0.0,0.1347692307692307,0.0257420939328704,0.1872213967310549,0.0516923076923076,1.045643153526971,0.04,6.419408233364853,0.0203795158105377,0.0187818996638864,-0.6451758923952405,3019800000.0,2098100000.0,370100000.0,4341900000.0,768150000.0,255750000.0,459850000.0,72.52615384615385,62.03013932328689,127.59169746943417,1.2409316533027874,1.4509075907590758,0.7053750501403931,0.0532210414921292,0.1303673047077082,2023-10-26,0.34,amc,939240000.0,2025-04-06,2023-09-30,0.4705882352941175,112.72563492063492,3849363.365079365
2023-06-30,DXCM,USD,1093557,2023-07-27,2023-07-27 17:08:03,2023,Q2,871300000.0,324900000.0,546400000.0,0.6271089177,119300000,0.0,0.0,297300000.0,-300000.0,418300000.0,743200000.0,37100000.0,5900000.0,43700000.0,208900000.0,0.2397566854,128100000.0,0.1470216917,31200000.0,159300000.0,0.1828302536,43400000.0,115900000.0,0.1330196258,0.3,0.28,386700000,431500000,https://www.sec.gov/Archives/edgar/data/1093557/000109355723000174/0001093557-23-000174-index.htm,https://www.sec.gov/Archives/edgar/data/1093557/000109355723000174/dxcm-20230630.htm,2.253167830359452,0.299715541763641,0.4921127489009568,0.3395396948538919,9.403154900439617,5.431600724075511,4.966123610033618,5.431600724075511,8.582880786139127,49694817000.0,51813017000.0,107.1933067299396,57.035254217835416,261.13934314240674,378.4829931454684,23.65969196343553,23.65969196343553,59.46633421324458,248.0278458592628,272.27018917498685,394.61551408987054,0.0023322351705209,0.002642126642704,1.577366215958865,0.4857419326462093,10.139779798946863,2.4172102237039184,21.71186440677966,1.641932700603969,0.0,0.0,0.0,0.1369218409273499,0.0263902531998182,0.3100367840252233,0.0677149087570297,1.3501144164759726,0.0455640996212555,6.052151762584257,0.0168031205285971,0.0174529793545861,-0.8032066201189553,2933200000.0,1920400000.0,282600000.0,4267100000.0,701550000.0,267650000.0,393550000.0,77.53242281648112,74.54293628808864,116.64819944598338,1.160804689581668,1.2073578595317729,0.7715507005461886,0.055179965720815,0.1525730540470649,2023-07-27,0.23,amc,841620000.0,2025-04-06,2023-06-30,0.4782608695652174,120.94693548387096,2482245.1612903224
2023-03-31,DXCM,USD,1093557,2023-04-27,2023-04-27 17:10:57,2023,Q1,741500000.0,278900000.0,462600000.0,0.6238705327,119000000,0.0,0.0,296400000.0,0.0,415400000.0,694300000.0,22300000.0,4600000.0,41600000.0,110700000.0,0.1492919757,47200000.0,0.0636547539,17300000.0,64500000.0,0.0869858395,15900000.0,48600000.0,0.0655428186,0.13,0.12,386700000,418500000,https://www.sec.gov/Archives/edgar/data/1093557/000109355723000118/0001093557-23-000118-index.htm,https://www.sec.gov/Archives/edgar/data/1093557/000109355723000118/dxcm-20230331.htm,1.917507111455909,0.1256788207913111,0.4018619084561676,0.208688906128782,6.638220843030774,5.774502198086372,5.284975433152314,5.774502198086372,5.553141970519783,44926806000.0,46446406000.0,231.1049691358025,60.58908428860418,289.1042857142857,556.7138289962825,20.119483206448724,20.119483206448724,62.63844369521241,419.5700632339657,298.88292149292147,575.5440644361834,0.0010817595179145,0.0017962550019692,0.9596059113300492,0.3884769484580939,13.727190605239386,2.020053619302949,10.26086956521739,3.197530864197531,0.0,0.0,0.0,0.1604855023600809,0.0343189687992893,0.4806949806949807,0.1007417397167902,1.7956730769230769,0.0474713418745785,4.040913771107645,0.0079987070514339,0.009124019074081,-0.1125549521592966,1902400000.0,2043700000.0,484500000.0,3245200000.0,682900000.0,252050000.0,336350000.0,79.1975724881996,85.90175690211545,118.10684833273574,1.13639846743295,1.0477084898572502,0.7620218579234973,0.0217644424540976,0.1931730023273855,2023-04-27,0.15,amc,720740000.0,2025-04-06,2023-03-31,0.1333333333333334,111.93983870967745,2491488.709677419
2022-12-31,DXCM,USD,1093557,2023-02-09,2023-02-09 17:06:55,2022,Q4,815200000.0,273900000.0,541300000.0,0.6640088322,116300000,164800000.0,133000000.0,297800000.0,1800000.0,415900000.0,689800000.0,12500000.0,4700000.0,36300000.0,174200000.0,0.2136898921,125400000.0,0.1538272816,7800000.0,133200000.0,0.1633954858,41400000.0,91800000.0,0.1126104024,0.24,0.22,386300000,425900000,https://www.sec.gov/Archives/edgar/data/1093557/000109355723000024/0001093557-23-000024-index.htm,https://www.sec.gov/Archives/edgar/data/1093557/000109355723000024/dxcm-20221231.htm,2.110276986797825,0.2376391405643282,0.3429976702045043,0.1786176546725343,6.358270774009837,5.518508930882733,5.003365260160497,5.518508930882733,5.410561739580637,43744612000.0,45187712000.0,119.13020697167757,53.66120215897939,330.1480150943396,633.979884057971,20.520035650623885,20.520035650623885,55.43144259077527,259.4013318025258,341.0393358490566,654.8943768115942,0.0020985441589926,0.0015773371129683,0.9782343559433344,0.3867796798783315,8.284156142365097,1.994671886043604,26.680851063829788,1.443355119825708,0.0,0.0,0.2021589793915603,0.1426643768400392,0.0369085817089229,0.4792452830188679,0.0778949950932286,1.7493112947658402,0.0417075564278704,5.43201700010776,0.0198882348002127,0.0176786642786989,-0.2986668392441108,1829500000.0,1932800000.0,408900000.0,3164100000.0,655200000.0,218000000.0,308850000.0,78.75,78.17086527929901,100.77765607886089,1.1428571428571428,1.1513240857503153,0.8930551027062276,0.0430622009569378,0.1643800155319699,2023-02-09,0.26,amc,810098659.0,2025-04-06,2022-12-31,0.3076923076923077,109.7884126984127,2876574.603174603
2022-09-30,DXCM,USD,1093557,2022-10-27,2022-10-27 17:11:18,2022,Q3,769600000.0,275400000.0,494200000.0,0.6421517672,110300000,0.0,0.0,234600000.0,1800000.0,346700000.0,622100000.0,3300000.0,4600000.0,39200000.0,190000000.0,0.2468814969,147500000.0,0.1916580042,-1300000.0,146200000.0,0.189968815,45000000.0,101200000.0,0.1314968815,0.24,0.24,414336365,425800000,https://www.sec.gov/Archives/edgar/data/1093557/000109355722000171/0001093557-22-000171-index.htm,https://www.sec.gov/Archives/edgar/data/1093557/000109355722000171/dxcm-20220930.htm,1.85742808261592,0.2442460004687254,0.7076376219113666,0.4464971352442115,5.724575973436462,4.4034271527192645,4.284924399527423,4.4034271527192645,5.157162586972061,33370650837.1,34804750837.100006,82.43737855014824,43.36103279248961,113.8153166340382,180.38189641675675,18.29029917078652,18.29029917078652,45.224468343425166,183.1828991426316,118.7065171797408,188.1337883086487,0.0030326049226313,0.0055437935838615,1.1686489449164157,0.4352139124755062,7.547894736842105,3.774014436424209,32.06521739130435,2.897233201581028,0.0,0.0,0.0,0.1433212058212058,0.0100220444154147,0.369031377899045,0.1405925155925156,2.760204081632653,0.04002079002079,4.919267027124978,0.0252691160007658,0.0208655491639347,-0.2400827163698267,2498000000.0,1775400000.0,323800000.0,3622700000.0,604550000.0,208850000.0,325250000.0,69.82718295218295,64.73856209150327,101.63398692810458,1.2888963322726512,1.3902069661786975,0.8855305466237942,0.0554672513017265,0.261140486667155,2022-10-27,0.24,amc,751800713.0,2025-04-06,2022-09-30,0.1666666666666668,84.69546875,2542092.1875
2022-06-30,DXCM,USD,1093557,2022-07-28,2022-07-28 17:14:28,2022,Q2,696200000.0,246700000.0,449500000.0,0.6456478024,121700000,0.0,0.0,248900000.0,1900000.0,372500000.0,619200000.0,3000000.0,4700000.0,43600000.0,123600000.0,0.177535191,77000000.0,0.1106004022,-1700000.0,75300000.0,0.1081585751,24400000.0,50900000.0,0.0731111749,0.12,0.12,408559686,421400000,https://www.sec.gov/Archives/edgar/data/1093557/000109355722000146/0001093557-22-000146-index.htm,https://www.sec.gov/Archives/edgar/data/1093557/000109355722000146/dxcm-20220630.htm,1.7040349889049011,0.1245840001942825,0.4229492187342243,0.1989917331197478,6.74271127181158,5.521592260084124,5.390399678347119,5.521592260084124,5.243297548451709,30449953397.58,31852053397.58,149.55772788595286,43.73736483421431,176.21500808784722,374.53817217195575,13.4979180804025,13.4979180804025,45.75129761215168,257.70269739142395,184.32901271747687,391.7841746319803,0.001671595333346,0.0026699548251676,0.947515404051598,0.409686817188638,11.343851132686083,4.719578686493184,16.382978723404257,3.3948919449901767,0.0,0.0,0.0,0.1748060902039643,0.0102733162111396,0.5295138888888888,0.131427750646366,2.0986238532110093,0.0468256248204538,3.9341830348967055,0.0116890803059173,0.0098570819938804,1.0330192000392324,3001700000.0,2202300000.0,847200000.0,4076100000.0,578250000.0,184850000.0,340850000.0,79.11519678253374,80.11349817592217,123.85488447507096,1.1375816993464052,1.123406193078324,0.7266568483063328,0.0225630568730883,0.2239574856144764,2022-07-28,0.17,amc,697495099.0,2025-04-06,2022-06-30,0.0,91.26387096774194,3655441.935483871
2022-03-31,DXCM,USD,1093557,2022-04-28,2022-04-28 17:28:26,2022,Q1,628800000.0,230700000.0,398100000.0,0.633110687,135900000,0.0,0.0,220900000.0,0.0,356800000.0,587500000.0,0.0,5400000.0,36800000.0,77500000.0,0.1232506361,41300000.0,0.0656806616,-5200000.0,36100000.0,0.0574109415,-61200000.0,97300000.0,0.1547391858,0.23,0.23,416709493,428800000,https://www.sec.gov/Archives/edgar/data/1093557/000109355722000098/0001093557-22-000098-index.htm,https://www.sec.gov/Archives/edgar/data/1093557/000109355722000098/dxcm-20220331.htm,1.508964903758504,0.2334960005338779,0.1703824875427064,-0.0734324523775607,6.451016943835258,5.253779999679537,5.114594305630566,5.253779999679537,5.152510408492182,53297144154.700005,54722844154.700005,136.94024705729703,84.76008930454836,750.6640021788733,-1741.7367370816994,24.344376812086058,24.344376812086058,87.02742391014631,706.1012148993549,770.7442838690141,-1788.3282403496733,0.0018256137649247,-0.0005741395807471,0.9782578906499796,0.4235119636147914,18.396129032258063,5.266516727579421,7.648148148148148,0.7297019527235354,0.0,0.0,0.0,0.2161259541984732,0.0114692505438006,1.4309859154929578,0.1615776081424936,2.760869565217391,0.0462786259541984,5.253720005503351,0.0253716352430537,0.0194638927785557,0.9598413444351268,3035200000.0,2131300000.0,878900000.0,4032000000.0,529400000.0,169750000.0,349750000.0,77.93416030534351,58.55656697009103,133.49804941482444,1.1548209366391184,1.5369753497668222,0.67416715371128,0.0444434294066596,0.2438149399202671,2022-04-28,0.13,amc,623865471.0,2025-04-06,2022-03-31,-0.3846153846153846,109.38564516129031,3552561.290322581
2021-12-31,DXCM,USD,1093557,2022-02-14,2022-02-14 16:31:44,2021,Q4,698200000.0,225600000.0,472600000.0,0.6768834145,236900000,108700000.0,126400000.0,235100000.0,-1000000.0,472000000.0,697600000.0,0.0,26200000.0,32100000.0,42600000.0,0.0610140361,600000.0,0.0008593526,-15300000.0,-14700000.0,-0.0210541392,4700000.0,-19400000.0,-0.0277857347,-0.05,-0.05,388000000,388000000,https://www.sec.gov/Archives/edgar/data/1093557/000109355722000014/0001093557-22-000014-index.htm,https://www.sec.gov/Archives/edgar/data/1093557/000109355722000014/dxcm-20211231.htm,1.7994845360824745,-0.05,0.272680412371134,0.0659793814432989,7.039175257731959,5.802835051546392,5.626288659793815,5.802835051546392,4.762886597938144,52085120000.0,52854320000.0,-671.2,74.59914064737897,492.297920604915,2034.575,23.133519875638463,23.133519875638463,75.70083070753365,1240.711737089202,499.5682419659735,2064.621875,-0.0003724672228843,0.0004915031394763,0.8091494559182767,0.3745785015215067,18.056338028169016,5.111542730299667,0.0229007633587786,-5.453608247422681,0.0,0.0,0.155686049842452,0.3393010598682326,0.0140842174520931,0.7580340264650284,0.114866800343741,2.498442367601246,0.0376682898882841,,0.0001901944934772,-0.0040457967508498,1.7615335051546392,2963600000.0,2183000000.0,1072300000.0,3922000000.0,521700000.0,199700000.0,354300000.0,66.29475794901174,75.55851063829788,142.53989361702128,1.3575734007388685,1.191129883843717,0.6314021830394626,-0.0086164779036198,0.206701030927835,2022-02-10,0.22,amc,697474517.0,2025-04-06,2021-12-31,-0.2272727272727272,143.69234375,2661775.0
2021-09-30,DXCM,USD,1093557,2021-10-28,2021-10-28 17:14:33,2021,Q3,650200000.0,203300000.0,446900000.0,0.6873269763,128800000,0.0,0.0,199800000.0,-1700000.0,328600000.0,531900000.0,0.0,25100000.0,25500000.0,143800000.0,0.2211627192,118300000.0,0.1819440172,-27600000.0,90700000.0,0.1394955398,19800000.0,70900000.0,0.1090433713,0.23,0.21,387400000,430300000,https://www.sec.gov/Archives/edgar/data/1093557/000109355721000248/0001093557-21-000248-index.htm,https://www.sec.gov/Archives/edgar/data/1093557/000109355721000248/dxcm-20210930.htm,1.6783686112545173,0.1830149716055756,0.6383582860092927,0.3593185338151781,6.964119772844605,5.513939081053175,5.333505420753743,5.513939081053175,4.926690758905524,52961454000.0,53400654000.0,186.74701692524684,81.45409720086127,214.15873028710072,380.4702155172414,24.79352745657975,24.79352745657975,82.12958166717932,371.3536439499305,215.9347108774768,383.6253879310345,0.0013387094697211,0.0026283266316668,0.8817471092177332,0.3943759291442451,3.054242002781641,4.975098652877943,4.713147410358566,3.4880112834978845,0.0,0.0,0.0,0.1980928944940018,0.0146359848405536,0.4371209057824504,0.1662565364503229,4.23921568627451,0.0422946785604429,4.765029023831961,0.0226676297144379,0.0150658733531661,1.6277103768714507,2921300000.0,2066200000.0,1016400000.0,3824700000.0,506300000.0,187950000.0,335300000.0,73.237465395263,92.96606000983768,155.51893753074273,1.228879228879229,0.968095238095238,0.578707657272986,0.0331913299939141,0.2790397521941146,2021-10-28,0.16,amc,617690000.0,2025-04-06,2021-09-30,0.375,126.10671875,2347293.75
2021-06-30,DXCM,USD,1093557,2021-07-29,2021-07-29 17:19:32,2021,Q2,595100000.0,178000000.0,417100000.0,0.7008906066,129100000,0.0,0.0,187000000.0,0.0,316100000.0,494100000.0,900000.0,25200000.0,23500000.0,125400000.0,0.2107208872,101000000.0,0.1697193749,-24300000.0,76700000.0,0.1288859015,13800000.0,62900000.0,0.1056965216,0.2,0.19,386900000,427100000,https://www.sec.gov/Archives/edgar/data/1093557/000109355721000191/0001093557-21-000191-index.htm,https://www.sec.gov/Archives/edgar/data/1093557/000109355721000191/dxcm-20210630.htm,1.5381235461359524,0.1625743086068751,0.15921426725252,-0.1023520289480486,6.681054536055829,5.163091238046007,5.113724476608943,5.163091238046007,4.960454897906436,41301575000.0,42036775000.0,164.15570349761526,69.40274743740548,670.4801136363636,-1042.9690656565656,20.675598217861435,20.675598217861435,70.63817005545286,335.2214912280702,682.4151785714286,-1061.5347222222222,0.0015229443429215,-0.0009588012079442,0.948137765318382,0.4205337714818598,5.862838915470494,5.783585816547362,4.007936507936508,0.9793322734499204,0.0,0.0,0.0,0.2169383296924886,0.0042408632710155,1.6428571428571428,0.1700554528650646,4.306382978723405,0.0531003192740715,4.34582382716324,0.0210185756116036,0.0140254643565901,1.553308348410442,2873500000.0,1978500000.0,968000000.0,3663400000.0,463450000.0,159050000.0,304500000.0,73.12216434212738,83.88202247191012,161.4438202247191,1.2308169596690797,1.07293550331525,0.557469464453492,0.0314877853424108,0.2615662962005686,2021-07-29,0.11,amc,513792730.0,2025-04-06,2021-06-30,0.7272727272727273,96.03285714285714,3217041.26984127
2021-03-31,DXCM,USD,1093557,2021-04-29,2021-04-29 17:17:13,2021,Q1,505000000.0,161100000.0,343900000.0,0.680990099,109400000,0.0,0.0,188600000.0,0.0,298000000.0,459100000.0,100000.0,24800000.0,20900000.0,66900000.0,0.1324752475,45900000.0,0.0908910891,-24700000.0,21200000.0,0.041980198,-19100000.0,40300000.0,0.0798019802,0.15,0.14,385200000,418400000,https://www.sec.gov/Archives/edgar/data/1093557/000109355721000126/0001093557-21-000126-index.htm,https://www.sec.gov/Archives/edgar/data/1093557/000109355721000126/dxcm-20210331.htm,1.3110072689511942,0.1046209761163032,0.0721703011422637,-0.1866562824506749,6.834371754932502,4.940809968847352,4.891744548286605,4.940809968847352,4.925493250259605,34610220000.0,35748920000.0,214.7035980148883,68.5350891089109,1244.971942446043,-481.3660639777469,18.18527742749054,18.18527742749054,70.7899405940594,534.3635276532137,1285.9323741007197,-497.2033379694019,0.0011643959500979,-0.0020774210623336,0.9838692728036992,0.426557018542986,17.020926756352765,5.702863764277438,1.8508064516129032,0.6898263027295285,0.0,0.0,0.0,0.2166336633663366,0.0043054353273497,3.5863309352517985,0.1974257425742574,4.770334928229665,0.0554455445544554,3.4103560135687245,0.0228286287346726,0.0092200690933217,1.618380062305296,2841000000.0,1884300000.0,958500000.0,3548600000.0,435950000.0,157750000.0,262200000.0,79.02178217821782,85.02793296089385,161.84357541899442,1.1389264772214704,1.0584756898817345,0.5560925094925785,0.0211748633879781,0.2588265835929387,2021-04-29,0.08,amc,484550000.0,2025-04-06,2021-03-31,0.0,93.86868852459015,3541704.918032787
2020-12-31,DXCM,USD,1093557,2021-02-11,2021-02-11 17:18:05,2020,Q4,568900000.0,169800000.0,399100000.0,0.701529267,119200000,99400000.0,76500000.0,175900000.0,0.0,295100000.0,464900000.0,1900000.0,24600000.0,20400000.0,126300000.0,0.2220073827,104000000.0,0.1828089295,-22700000.0,81300000.0,0.1429073651,-273900000.0,355200000.0,0.6243628054,0.23,0.23,377600000,390000000,https://www.sec.gov/Archives/edgar/data/1093557/000109355721000024/0001093557-21-000024-index.htm,https://www.sec.gov/Archives/edgar/data/1093557/000109355721000024/dxcm-20201231.htm,1.5066207627118644,0.940677966101695,0.4555084745762712,0.2960805084745763,7.170815677966102,4.837129237288136,4.786016949152542,4.837129237288136,4.936705508474576,34901568000.0,35923468000.0,24.56472972972973,61.34921427315873,202.91609302325585,312.1786046511628,19.10844128113879,19.10844128113879,63.14548778344173,284.42967537608865,208.8573720930233,321.31903398926653,0.0101771931851313,0.0032032944766263,1.00711743772242,0.4287379093345764,8.091053048297704,5.576941866145579,4.227642276422764,0.4842342342342342,0.0,0.0,0.1747231499384777,0.2095271576727017,0.004498310220254,0.35,0.1058182457373879,2.950980392156863,0.0599402355422745,10.118254300314014,0.1230405328505612,0.083161640756696,1.8072695974576272,2810700000.0,1807200000.0,960800000.0,3438600000.0,399250000.0,155450000.0,217700000.0,67.78871506415891,86.5547703180212,124.39929328621908,1.327654609101517,1.0398040416411511,0.7234767788666383,0.1944702983848891,0.1594279661016949,2021-02-11,0.23,amc,575083695.0,2025-04-06,2020-12-31,0.0,89.28734375,4529475.0
2020-09-30,DXCM,USD,1093557,2020-10-27,2020-10-27 17:11:18,2020,Q3,500900000.0,160500000.0,340400000.0,0.6795767618,87700000,0.0,0.0,158600000.0,0.0,246300000.0,406800000.0,5900000.0,24400000.0,18400000.0,117900000.0,0.2353763226,94100000.0,0.1878618487,-19000000.0,75100000.0,0.1499301258,2900000.0,72200000.0,0.144140547,0.19,0.18,383200000,398000000,https://www.sec.gov/Archives/edgar/data/1093557/000109355720000294/0001093557-20-000294-index.htm,https://www.sec.gov/Archives/edgar/data/1093557/000109355720000294/dxcm-20200930.htm,1.307150313152401,0.1884133611691023,0.3851774530271398,0.261482254697286,6.794885177453027,3.912578288100209,3.862995824634656,3.912578288100209,4.809237995824635,39492592000.0,40637592000.0,136.74720221606648,78.84326612098224,267.56498644986453,394.13764471057885,26.34068698726072,26.34068698726072,81.12915152725095,344.6784732824427,275.32243902439023,405.5647904191617,0.0018281909680681,0.0025371846952967,1.2128993530314147,0.4744078054888865,9.71162001696353,6.3923775671406,3.85655737704918,2.044321329639889,0.0,0.0,0.0,0.1750848472749051,0.0049566941458833,0.3211382113821138,0.0946296666001197,2.5760869565217392,0.0612896785785586,4.072664433415769,0.0269373247929233,0.0189292643280373,1.6903705636743216,2730700000.0,1480300000.0,903200000.0,3305800000.0,333250000.0,128000000.0,183000000.0,66.48033539628668,82.76635514018692,112.54205607476636,1.3537837837837838,1.0873983739837398,0.7997010463378177,0.0481558060428199,0.1236951983298538,2020-10-27,0.16,amc,346436170.0,2025-04-06,2020-09-30,0.4999999999999999,104.4771875,3285568.75
2020-06-30,DXCM,USD,1093557,2020-07-28,2020-07-28 17:15:04,2020,Q2,451800000.0,167700000.0,284100000.0,0.6288180611,79900000,0.0,0.0,136400000.0,0.0,216300000.0,384000000.0,4100000.0,20300000.0,15300000.0,81800000.0,0.1810535635,67800000.0,0.1500664011,-21600000.0,46200000.0,0.1022576361,-100000.0,46300000.0,0.102478973,0.12,0.12,375200000,388000000,https://www.sec.gov/Archives/edgar/data/1093557/000109355720000217/0001093557-20-000217-index.htm,https://www.sec.gov/Archives/edgar/data/1093557/000109355720000217/dxcm-2020x10qasof63020.htm,1.2041577825159917,0.1234008528784648,0.4107142857142857,0.2555970149253731,6.686567164179104,3.608475479744136,3.55863539445629,3.608475479744136,4.711886993603412,38026520000.0,39244120000.0,205.32678185745132,84.16671093404162,246.76521739130436,396.5226277372263,28.086653371740898,28.086653371740898,86.86170872067287,479.7569682151589,254.66658014276445,409.2191866527633,0.0012175713160183,0.0025219241729193,1.2907895708693404,0.4962235220625816,14.885085574572129,7.580604848787803,3.3399014778325125,3.32829373650108,0.0,0.0,0.0,0.1768481629039398,0.0053097847691521,0.3776768332251785,0.1288180610889774,3.803921568627451,0.0679504205400619,3.165280621889268,0.0215573949829478,0.0132168650623733,1.7215485074626866,2632900000.0,1335200000.0,865100000.0,3107500000.0,298600000.0,109300000.0,153600000.0,59.06374501992032,58.17531305903399,88.71198568872988,1.5237774030354132,1.5470479704797049,1.014519056261343,0.0341975035083831,0.1551172707889125,2020-07-28,0.08,amc,431307642.0,2025-04-06,2020-06-30,1.5,89.45206349206349,7384577.777777778
2020-03-31,DXCM,USD,1093557,2020-04-28,2020-04-28 17:16:42,2020,Q1,405100000.0,148600000.0,256500000.0,0.6331769933,73100000,0.0,0.0,149800000.0,0.0,222900000.0,371500000.0,4200000.0,15400000.0,13000000.0,50800000.0,0.1254011355,33600000.0,0.0829424833,-11200000.0,22400000.0,0.0552949889,2500000.0,19900000.0,0.0491236732,0.055,0.0525,367200000,376400000,https://www.sec.gov/Archives/edgar/data/1093557/000109355720000141/0001093557-20-000141-index.htm,https://www.sec.gov/Archives/edgar/data/1093557/000109355720000141/dxcm-2020x10qasof33120.htm,1.1032135076252725,0.054193899782135,0.0051742919389978,-0.085239651416122,4.113562091503268,2.544934640522876,2.494281045751634,2.544934640522876,3.251089324618736,24719904000.0,25313704000.0,310.5515577889447,61.02173290545544,13010.475789473683,-789.7732907348242,26.45254574638844,26.45254574638844,62.48754381634164,498.3012598425196,13323.002105263156,-808.7445367412139,0.0008050193075183,-0.0012661861470012,1.2609951845906902,0.4813922137342211,11.688976377952756,5.821761960326721,2.1818181818181817,0.0954773869346733,0.0,0.0,0.0,0.1804492717847445,0.0075983496057845,17.473684210526315,0.0819550728215255,2.5538461538461537,0.0589977783263391,1.7615897619375134,0.0139871608640644,0.0081916601490141,0.7994961873638344,1652900000.0,915900000.0,482300000.0,2091400000.0,293500000.0,106250000.0,130850000.0,66.80572698099235,66.74293405114402,85.9421265141319,1.3471898902560693,1.3484573502722323,1.0472163495419309,0.021294810058855,0.0904139433551198,2020-04-28,0.03587,amc,128895454.0,2025-04-06,2020-03-31,2.066629495400056,62.22532258064516,4622303.225806451
2019-12-31,DXCM,USD,1093557,2020-02-13,2020-02-13 17:17:25,2019,Q4,462800000.0,153500000.0,309300000.0,0.6683232498,78800000,95900000.0,33100000.0,129000000.0,0.0,207800000.0,361300000.0,8100000.0,15300000.0,14300000.0,123900000.0,0.2677182368,101500000.0,0.2193171997,-7200000.0,94300000.0,0.2037597234,1600000.0,92700000.0,0.2003025065,0.25,0.25,366400000,371200000,https://www.sec.gov/Archives/edgar/data/1093557/000109355720000029/0001093557-20-000029-index.htm,https://www.sec.gov/Archives/edgar/data/1093557/000109355720000029/dxcm-12312019x10kasof1.htm,1.2631004366812226,0.2530021834061135,0.3921943231441048,0.2718340611353712,4.184770742358078,2.408842794759825,2.3580786026200875,2.408842794759825,3.1686681222707422,20038416000.0,20737916000.0,54.04103559870551,43.29821953327571,139.4461795407098,201.1889156626506,22.70384772263765,22.70384772263765,44.80967156439066,167.3762389023406,144.313959638135,208.21200803212847,0.0046261141599216,0.0049704527543494,1.298096532970768,0.4783716075156576,5.645682001614205,5.4675180455302606,6.633986928104576,1.5501618122977343,0.0,0.0,0.2072169403630077,0.1702679343128781,0.0077661795407098,0.3068893528183716,0.0952895419187554,3.083916083916084,0.0509939498703543,3.7030333441001058,0.0487101331241019,0.0390085844133984,0.806563864628821,1609200000.0,864000000.0,457000000.0,2020600000.0,260600000.0,101850000.0,120100000.0,55.67631806395852,59.98045602605863,70.24104234527688,1.6164862032832692,1.500488758553275,1.2813021702838063,0.1050305914343983,0.1203602620087336,2020-02-13,0.18,amc,297801739.0,2025-04-06,2019-12-31,0.611111111111111,47.42984375,3830318.75
2019-09-30,DXCM,USD,1093557,2019-11-06,2019-11-06 17:12:22,2019,Q3,396300000.0,149400000.0,246900000.0,0.623012869,66700000,0.0,0.0,124200000.0,0.0,190900000.0,340300000.0,4900000.0,15100000.0,12900000.0,73800000.0,0.1862225587,56000000.0,0.1413070906,-10200000.0,45800000.0,0.1155690134,4900000.0,45800000.0,0.1155690134,0.13,0.13,365200000,370000000,https://www.sec.gov/Archives/edgar/data/1093557/000109355719000237/0001093557-19-000237-index.htm,https://www.sec.gov/Archives/edgar/data/1093557/000109355719000237/dxcm-2019x10qasof93019.htm,1.0851588170865278,0.1254107338444688,0.258762322015334,0.1226725082146768,3.9153888280394304,2.0928258488499454,2.0424424972617743,2.0928258488499454,3.082694414019715,13625612000.0,14340712000.0,74.37561135371179,34.38206409285895,144.18637037037038,304.143125,17.827570325788304,17.827570325788304,36.18650517284885,194.31859078590787,151.75356613756614,320.1051785714285,0.0033613169081873,0.0032879257093185,1.4532251733612456,0.5081667200439218,9.68970189701897,5.631823821339951,3.708609271523178,2.0633187772925763,0.0,0.0,0.0,0.1683068382538481,0.0084183556755272,0.5259259259259259,0.1254100428967953,3.852713178294574,0.0615695180418874,2.43010567137342,0.0264191101613683,0.0211322844091727,0.6705230010952903,1493300000.0,745900000.0,394300000.0,1847300000.0,226100000.0,99250000.0,119150000.0,53.34595003785011,61.08433734939759,72.53012048192771,1.6871008939974457,1.4733727810650887,1.2408637873754154,0.0599241135679706,0.1360898138006571,2019-11-06,0.05,amc,121938461.0,2025-04-06,2019-09-30,2.2,38.8490625,3482737.5
2019-06-30,DXCM,USD,1093557,2019-07-31,2019-07-31 17:13:13,2019,Q2,336400000.0,129900000.0,206500000.0,0.6138525565,69000000,0.0,0.0,138300000.0,0.0,207300000.0,337200000.0,6500000.0,15000000.0,11600000.0,17300000.0,0.0514268728,-800000.0,-0.0023781213,-8500000.0,-9300000.0,-0.0276456599,1200000.0,-10500000.0,-0.0312128419,-0.03,-0.0288,350000000,364400000,https://www.sec.gov/Archives/edgar/data/1093557/000109355719000181/0001093557-19-000181-index.htm,https://www.sec.gov/Archives/edgar/data/1093557/000109355719000181/dxcm-2019x10qasof63019.htm,0.9611428571428572,-0.03,0.1842857142857142,0.0502857142857142,3.9357142857142855,1.9665714285714289,1.913142857142857,1.9665714285714289,3.145714285714286,13251000000.0,13627800000.0,-315.5,39.39060642092747,205.4418604651163,752.8977272727273,19.25177974720325,19.25177974720325,40.51070154577883,787.7341040462428,211.28372093023256,774.3068181818181,-0.0007923930269413,0.0013282016451588,1.5778003777422636,0.5256788808751633,21.78034682080925,6.05204718945177,-0.0533333333333333,-6.142857142857143,0.0,0.0,0.0,0.2051129607609988,0.0090517450021782,0.7271317829457364,0.1394173602853745,4.043103448275862,0.0882877526753864,,-0.0005001527252071,-0.0051289566236811,0.6337857142857143,1456000000.0,669600000.0,366600000.0,1763700000.0,211000000.0,93700000.0,109500000.0,58.13614744351962,67.27482678983834,81.68591224018476,1.548090197883111,1.337796086508754,1.1017811704834606,-0.0152549760278948,0.134,2019-07-31,0.00319,amc,42049999.0,2025-04-06,2019-06-30,5.269592476489027,31.43285714285714,4864622.222222222
2019-03-31,DXCM,USD,1093557,2019-05-01,2019-05-01 17:13:15,2019,Q1,280500000.0,111700000.0,168800000.0,0.6017825312,59000000,0.0,0.0,124200000.0,0.0,183200000.0,294900000.0,6900000.0,14900000.0,9900000.0,-1800000.0,-0.0064171123,-14400000.0,-0.0513368984,-12200000.0,-26600000.0,-0.0948306595,300000.0,-26900000.0,-0.0959001783,-0.075,-0.0745,358666666,361200000,https://www.sec.gov/Archives/edgar/data/1093557/000109355719000119/0001093557-19-000119-index.htm,https://www.sec.gov/Archives/edgar/data/1093557/000109355719000119/dxcm-2019x10qasof33119.htm,0.7820631984796713,-0.0750000001394052,0.0328996283139398,-0.0766728625960462,3.786245360197482,1.8641263975169635,1.8122676613610924,1.8641263975169635,3.051022310503759,10326013314.14,10120313314.14,-95.96666648828996,36.81288169033868,875.0858740796609,-375.49139324145455,15.44423169928208,15.44423169928208,36.07954835700534,-5622.396285633333,857.6536706898305,-368.0113932414545,-0.0026050712101217,-0.0026631768876709,1.6144181872569547,0.5468085106382978,114.27777777777776,7.182667799490229,-0.9664429530201344,-0.4386617100371747,0.0,0.0,0.0,0.2103386809269162,0.0094224924012158,3.330508474576271,0.1401069518716577,3.9696969696969697,0.089126559714795,,-0.0082590778215957,-0.0137567761071903,0.7156366184305514,1455400000.0,650000000.0,385400000.0,1723100000.0,215700000.0,82900000.0,85900000.0,65.67914438502675,72.75738585496867,81.45926589077888,1.3702979970688811,1.2369878183831673,1.1048466864490605,-0.0402333233622494,0.109572490909986,2019-05-01,-0.00595,amc,897599999.0,2025-04-06,2019-03-31,0.6806722689075629,35.14,5661501.639344262
2018-12-31,DXCM,USD,1093557,2019-02-21,2019-02-21 17:12:49,2018,Q4,338000000.0,115200000.0,222800000.0,0.6591715976,275300000,86700000.0,25400000.0,112100000.0,0.0,387400000.0,502600000.0,800000.0,8200000.0,8600000.0,-160100000.0,-0.4736686391,-164600000.0,-0.4869822485,-12300000.0,-176900000.0,-0.5233727811,2800000.0,-179700000.0,-0.5316568047,-0.51,-0.51,354800000,354800000,https://www.sec.gov/Archives/edgar/data/1093557/000109355719000041/0001093557-19-000041-index.htm,https://www.sec.gov/Archives/edgar/data/1093557/000109355719000041/dxcm-12312018x10k.htm,0.9526493799323562,-0.5064825253664036,0.0949830890642615,0.0450958286358511,3.9052987598647126,1.8695039458850056,1.816798196166855,1.8695039458850056,2.8706313416009017,10626260000.0,10499560000.0,-14.783333333333331,31.43863905325444,315.31928783382784,664.14125,16.020292477008894,16.020292477008894,31.06378698224852,-65.58126171143036,311.559643916914,656.2225,-0.0169109357384441,0.0015057037941853,1.5231418664254486,0.5272964509394572,0.7913803872579638,7.641636690647482,-20.07317073170732,-0.1875347801892042,0.0,0.0,0.256508875739645,0.8144970414201184,0.0097599164926931,0.5252225519287834,0.0523668639053254,2.058139534883721,0.0727810650887574,,-0.0987277478369002,-0.0947135402941021,0.953424464487035,1477100000.0,644600000.0,446800000.0,1678900000.0,198250000.0,66600000.0,62950000.0,60.36390532544379,58.984375,55.234375,1.49095721217468,1.5258278145695363,1.6294200848656295,-0.2709181365897783,0.0498872604284103,2019-02-21,0.04364,amc,106407407.0,2025-04-06,2018-12-31,2.208065994500459,31.720476190476187,6259949.206349206
2018-09-30,DXCM,USD,1093557,2018-11-06,2018-11-06 17:18:13,2018,Q3,266700000.0,98100000.0,168600000.0,0.6321709786,50100000,0.0,0.0,104600000.0,-1600000.0,154700000.0,252800000.0,2500000.0,4900000.0,7800000.0,57500000.0,0.2155980502,13900000.0,0.0521184852,30900000.0,44800000.0,0.1679790026,-1800000.0,46600000.0,0.174728159,0.13,0.13,354000000,361200000,https://www.sec.gov/Archives/edgar/data/1093557/000109355718000230/0001093557-18-000230-index.htm,https://www.sec.gov/Archives/edgar/data/1093557/000109355718000230/dxcm-93018x10q.htm,0.7533898305084745,0.131638418079096,0.1604519774011299,0.0932203389830508,1.8889830508474577,1.588135593220339,1.5361581920903955,1.588135593220339,0.9915254237288136,11837760000.0,11816460000.0,63.507296137339054,44.38605174353206,208.4112676056338,358.72,21.05613660618997,21.05613660618997,44.30618672665917,205.50365217391305,208.0362676056338,358.07454545454544,0.0039365555645662,0.0027876895628902,0.6156172180718605,0.3105985820694606,-0.3704347826086956,4.714285714285714,2.836734693877551,1.2188841201716738,0.0,0.0,0.0,0.1878515185601799,0.0165126088127075,0.4190140845070422,0.0892388451443569,3.051282051282051,0.1016122984626921,2.168834315179291,0.0157089114981064,0.0425221279313806,0.767090395480226,720200000.0,543800000.0,362000000.0,908200000.0,165900000.0,58800000.0,50700000.0,57.30033745781777,52.93577981651376,50.642201834862384,1.5706713780918728,1.7001733102253034,1.7771739130434785,0.0828886517253646,0.0672316384180791,2018-11-06,0.01081,amc,156882352.0,2025-04-06,2018-09-30,2.700277520814061,31.002222222222223,4144857.142857143
2018-06-30,DXCM,USD,1093557,2018-08-01,2018-08-01 17:22:06,2018,Q2,242500000.0,88900000.0,153600000.0,0.6334020619,47200000,0.0,0.0,111300000.0,-5600000.0,158500000.0,247400000.0,2200000.0,4800000.0,6700000.0,41100000.0,0.1694845361,-4900000.0,-0.0202061856,34500000.0,29600000.0,0.1220618557,-600000.0,30200000.0,0.1245360825,0.085,0.085,352800000,357600000,https://www.sec.gov/Archives/edgar/data/1093557/000109355718000159/0001093557-18-000159-index.htm,https://www.sec.gov/Archives/edgar/data/1093557/000109355718000159/dxcm-63018x10q.htm,0.687358276643991,0.0856009070294784,0.1173469387755102,0.0881519274376417,1.71797052154195,1.3664965986394555,1.332766439909297,1.3664965986394555,0.983843537414966,8379000000.0,8421100000.0,69.36258278145696,34.55257731958763,202.3913043478261,269.42122186495175,17.380211574362168,17.380211574362168,34.72618556701031,204.89294403892944,203.4082125603865,270.7749196141479,0.0036042487170306,0.0037116601026375,0.7100186683260734,0.3397518610421836,1.024330900243309,4.894613583138173,-1.0208333333333333,1.3708609271523178,0.0,0.0,0.0,0.1946391752577319,0.0118114143920595,0.2487922705314009,0.0424742268041237,1.537313432835821,0.1055670103092783,1.622313267117445,-0.0059750499872407,0.030333467255926,0.6386054421768708,665200000.0,470200000.0,310600000.0,833900000.0,142950000.0,49400000.0,48900000.0,60.123711340206185,60.64116985376828,46.77165354330709,1.4969135802469136,1.4841402337228715,1.9242424242424243,0.0626426052686164,0.0291950113378684,2018-08-01,-0.05,amc,436499999.0,2025-04-06,2018-06-30,-0.4000000000000001,21.200625,4282843.75
2018-03-31,DXCM,USD,1093557,2018-05-02,2018-05-02 17:21:15,2018,Q1,184400000.0,65500000.0,118900000.0,0.6447939262,44800000,0.0,0.0,104800000.0,2600000.0,149600000.0,215100000.0,1500000.0,4800000.0,6000000.0,-13200000.0,-0.0715835141,-30700000.0,-0.1664859002,6700000.0,-24000000.0,-0.1301518438,200000.0,-24200000.0,-0.1312364425,-0.0693,-0.0693,349200000,349200000,https://www.sec.gov/Archives/edgar/data/1093557/000109355718000084/0001093557-18-000084-index.htm,https://www.sec.gov/Archives/edgar/data/1093557/000109355718000084/dxcm-33118x10q.htm,0.5280641466208477,-0.0693012600229095,-0.024914089347079,-0.0687285223367697,1.5289232531500572,1.2076174112256586,1.1723940435280642,1.2076174112256586,0.9624856815578464,6474168000.0,6385068000.0,-66.88190082644627,35.10937093275488,-744.1572413793102,-269.757,15.352544462888307,15.352544462888307,34.62618221258135,-483.7172727272727,-733.9158620689656,-266.0445,-0.0037379320400706,-0.0037070400397394,0.7856295944984586,0.3694246208742194,6.75,5.829736211031175,-6.395833333333333,0.359504132231405,0.0,0.0,0.0,0.2429501084598698,0.0137154326494201,-1.7586206896551724,0.0829718004338394,2.55,0.1334056399132321,,-0.0401138179776251,-0.0273600904465799,0.5083762886597938,604200000.0,409400000.0,254200000.0,768900000.0,129100000.0,42800000.0,48400000.0,60.47180043383947,53.45038167938932,70.90076335877863,1.4882970137207423,1.6838046272493574,1.2693798449612403,-0.0573867678444391,0.0438144329896907,2018-05-02,-0.08,amc,190162500.0,2025-04-06,2018-03-31,-0.0,14.787213114754095,5159895.081967213
2017-12-31,DXCM,USD,1093557,2018-02-27,2018-02-27 17:22:24,2017,Q4,221000000.0,67500000.0,153500000.0,0.6945701357,48700000,70900000.0,21900000.0,92800000.0,-100000.0,141500000.0,209000000.0,1400000.0,4700000.0,4200000.0,17500000.0,0.0791855204,12000000.0,0.0542986425,-3400000.0,8600000.0,0.0389140271,18000000.0,-9400000.0,-0.0425339367,-0.0278,-0.027,338421658,347600000,https://www.sec.gov/Archives/edgar/data/1093557/000109355718000018/0001093557-18-000018-index.htm,https://www.sec.gov/Archives/edgar/data/1093557/000109355718000018/dxcm-12312017x10k.htm,0.6530314912646636,-0.0277760000809404,0.1217416173760368,0.0697354895649143,1.6210546430216946,1.239282386590045,1.2035281737198982,1.239282386590045,0.9819111517975012,4856350792.3,4742450792.3,-129.15826575265956,21.974437974208147,117.8725920461165,205.77757594491527,11.579281812827848,11.579281812827848,21.45905335882353,270.9971881314286,115.1080289393204,200.95130475847452,-0.001935609761738,0.004859615997555,0.7811158798283262,0.3623492976440659,-6.508571428571429,5.361411087113031,2.5531914893617023,-4.382978723404255,0.0,0.0,0.3208144796380091,0.2203619909502262,0.0133834752792832,0.4271844660194174,0.0796380090497737,4.190476190476191,0.1126696832579185,,-0.0171409815339355,-0.0105381165919282,0.5532299590589441,605800000.0,407300000.0,260000000.0,763500000.0,122400000.0,35000000.0,44250000.0,54.69230769230769,62.266666666666666,60.266666666666666,1.6455696202531649,1.4453961456102784,1.4933628318584071,-0.0224129709108249,0.0520061278111225,2018-02-27,0.00776,amc,66299999.0,2025-04-06,2017-12-31,2.8659793814432986,12.998412698412698,6849904.761904762
2017-09-30,DXCM,USD,1093557,2017-11-01,2017-11-01 17:20:15,2017,Q3,184600000.0,57600000.0,127000000.0,0.6879739978,43300000,0.0,0.0,84200000.0,1300000.0,127500000.0,185100000.0,1200000.0,4500000.0,4300000.0,6300000.0,0.034127844,-500000.0,-0.002708559,-2000000.0,-2500000.0,-0.0135427952,-500000.0,-2000000.0,-0.0108342362,-0.0058,-0.0058,346800000,346800000,https://www.sec.gov/Archives/edgar/data/1093557/000109355717000221/0001093557-17-000221-index.htm,https://www.sec.gov/Archives/edgar/data/1093557/000109355717000221/dxcm-93017x10q.htm,0.5322952710495963,-0.0057670126874279,0.1043829296424452,0.0654555940023068,1.5161476355247985,1.1072664359861593,1.0726643598615917,1.1072664359861593,0.966551326412918,4241364000.0,4169964000.0,-530.1705,22.97596966413868,117.16475138121548,186.84422907488988,11.04521875,11.04521875,22.589187432286025,661.8990476190476,115.19237569060772,183.69885462555067,-0.0004715464176147,0.0053520518399269,0.8611979166666667,0.3923359829161229,-11.333333333333334,5.862098138747885,-0.1111111111111111,-18.1,0.0,0.0,0.0,0.2345612134344528,0.0142365642424961,0.3729281767955801,0.0731310942578548,3.13953488372093,0.1375947995666305,,-0.0005519525320822,-0.002407028523288,0.4943050749711649,574700000.0,372000000.0,234000000.0,722800000.0,106100000.0,20050000.0,43050000.0,53.87323943661972,36.40625,67.65625,1.6705882352941177,2.4721030042918457,1.3302540415704387,-0.0052083333333333,0.0389273356401384,2017-11-01,-0.00572,amc,738400000.0,2025-04-06,2017-09-30,0.7482517482517482,17.675873015873016,6934584.126984127
2017-06-30,DXCM,USD,1093557,2017-08-01,2017-08-01 17:21:24,2017,Q2,170600000.0,53100000.0,117500000.0,0.6887456038,45300000,0.0,0.0,85800000.0,1800000.0,131100000.0,184200000.0,500000.0,3100000.0,3900000.0,-7400000.0,-0.0433763189,-13600000.0,-0.0797186401,-800000.0,-14400000.0,-0.0844079719,-17300000.0,2900000.0,0.0169988277,0.0075,0.0075,345600000,349600000,https://www.sec.gov/Archives/edgar/data/1093557/000109355717000171/0001093557-17-000171-index.htm,https://www.sec.gov/Archives/edgar/data/1093557/000109355717000171/dxcm-63017x10q.htm,0.4936342592592592,0.0083912037037037,0.0413773148148148,0.0066550925925925,1.4369212962962965,1.0234375,0.9890046296296297,1.0234375,0.9557291666666666,6321024000.0,6252324000.0,544.9158620689655,37.05172332942555,442.0296503496503,2748.271304347826,17.87114503816794,17.87114503816794,36.64902696365768,-844.9086486486486,437.22545454545457,2718.401739130434,0.000458786424478,0.0003638650952757,0.9250777495052304,0.4112619406737053,9.283783783783784,6.249286393910562,-4.387096774193548,4.931034482758621,0.0,0.0,0.0,0.2655334114888628,0.0149572649572649,0.8391608391608392,0.0703399765533411,3.076923076923077,0.1483001172332942,0.4395760823355364,0.0039665298897739,0.0037003955595253,0.4408998842592592,551700000.0,341800000.0,214900000.0,688600000.0,93800000.0,17350000.0,44650000.0,53.65181711606096,28.47457627118644,72.54237288135593,1.6774827925270404,3.1607142857142856,1.2406542056074767,0.0081990387333898,0.0347222222222222,2017-08-01,-0.06,amc,223912500.0,2025-04-06,2017-06-30,-0.3333333333333333,18.46761904761905,4410450.793650794
2017-03-31,DXCM,USD,1093557,2017-05-02,2017-05-02 17:20:31,2017,Q1,142300000.0,48200000.0,94100000.0,0.6612789881,48100000,0.0,0.0,86400000.0,400000.0,134500000.0,182700000.0,200000.0,500000.0,3700000.0,-36100000.0,-0.2536893886,-40400000.0,-0.2839072382,100000.0,-40300000.0,-0.2832044975,1400000.0,-41700000.0,-0.2930428672,-0.12,-0.12,340800000,340800000,https://www.sec.gov/Archives/edgar/data/1093557/000109355717000119/0001093557-17-000119-index.htm,https://www.sec.gov/Archives/edgar/data/1093557/000109355717000119/dxcm-33117x10q.htm,0.4175469483568075,-0.1223591549295774,0.0008802816901408,-0.0663145539906103,0.5313967136150235,0.8151408450704225,0.7816901408450704,0.8151408450704225,0.2411971830985915,7218144000.0,7146344000.0,-43.27424460431654,50.72483485593816,24060.48,-319.38690265486724,25.983239740820736,25.983239740820736,50.2202670414617,-197.9596675900277,23821.146666666667,-316.2099115044248,-0.0057771083536155,-0.0031309987719834,0.2940964722822174,0.1748715753424657,1.988919667590028,1.924868957483984,-80.8,-0.0071942446043165,0.0,0.0,0.0,0.3380182712579058,0.0244006849315068,76.33333333333333,0.1609276177090653,6.1891891891891895,0.2150386507378777,,-0.1128298891913884,-0.0914874945151382,0.2329078638497652,158800000.0,266400000.0,141100000.0,293600000.0,93800000.0,18950000.0,45950000.0,54.32888264230499,33.42323651452283,86.82572614107885,1.6565774155995343,2.6927374301675977,1.0365591397849463,-0.1501079913606911,0.0671948356807511,2017-05-02,-0.14,amc,145204081.0,2025-04-06,2017-03-31,-0.1428571428571429,19.517419354838708,4760451.612903226
2016-12-31,DXCM,USD,1093557,2017-02-28,2017-02-28 17:18:02,2016,Q4,171200000.0,54500000.0,116700000.0,0.6816588785,43700000,67200000.0,11900000.0,79100000.0,-700000.0,122800000.0,177300000.0,100000.0,300000.0,3600000.0,-3100000.0,-0.0181074766,-6100000.0,-0.0356308411,-900000.0,-7000000.0,-0.0408878505,400000.0,-7400000.0,-0.0432242991,-0.0219,-0.0219,338400000,338400000,https://www.sec.gov/Archives/edgar/data/1093557/000109355717000048/0001093557-17-000048-index.htm,https://www.sec.gov/Archives/edgar/data/1093557/000109355717000048/dxcm-12312016x10k.htm,0.5059101654846335,-0.0218676122931442,0.0393026004728132,-0.0127068557919621,0.3655437352245863,0.8386524822695035,0.8046690307328606,0.8386524822695035,0.0206855791962174,5052312000.0,4964512000.0,-170.68621621621622,29.511168224299063,379.8730827067669,-1174.956279069767,17.802367864693448,17.802367864693448,28.998317757009342,-1601.4554838709678,373.2715789473684,-1154.5376744186046,-0.0014646759740886,-0.0008510954984569,0.0236081747709654,0.0166335650446871,28.32258064516129,2.734375,-20.33333333333333,-1.7972972972972974,0.0,0.0,0.3925233644859813,0.2552570093457944,0.0285501489572989,1.3233082706766917,0.102803738317757,4.888888888888889,0.1699766355140187,,-0.0214666159406505,-0.0189113212369026,0.3063682033096926,177600000.0,272300000.0,161000000.0,298500000.0,89250000.0,23150000.0,45050000.0,53.46378504672897,33.02752293577982,74.97247706422019,1.6833824975417897,2.725,1.2004405286343611,-0.0260747004933051,0.0520094562647754,2017-02-28,-0.01871,amc,190222222.0,2025-04-06,2016-12-31,0.0689470871191875,17.714761904761904,5064577.777777778
2016-09-30,DXCM,USD,1093557,2016-11-01,2016-11-01 17:21:01,2016,Q3,148600000.0,47500000.0,101100000.0,0.6803499327,43900000,0.0,0.0,75700000.0,0.0,119600000.0,167100000.0,100000.0,200000.0,4100000.0,-14300000.0,-0.0962314939,-18500000.0,-0.1244952894,-100000.0,-18600000.0,-0.1251682369,200000.0,-18800000.0,-0.1265141319,-0.0559,-0.0559,336400000,336400000,https://www.sec.gov/Archives/edgar/data/1093557/000109355716000746/0001093557-16-000746-index.htm,https://www.sec.gov/Archives/edgar/data/1093557/000109355716000746/dxcm-093016x10q.htm,0.4417360285374554,-0.0558858501783591,0.0683709869203329,0.0205112960760998,0.3784185493460166,0.7782401902497027,0.7384066587395958,0.7782401902497027,0.0184304399524375,7373888000.000001,7282188000.000001,-98.05702127659576,49.62239569313594,320.60382608695653,1068.6794202898552,28.166111535523303,28.166111535523303,49.00530282637955,-509.2439160839161,316.6168695652174,1055.3895652173917,-0.0025495369606915,0.000935734310041,0.0229182582123758,0.0165791655153357,6.4125874125874125,3.0034843205574915,-92.5,-1.2234042553191489,0.0,0.0,0.0,0.2954239569313593,0.0370268029842497,0.7,0.1083445491251682,3.926829268292683,0.1951547779273216,,-0.0677988568933386,-0.0539454806312769,0.3185196195005945,172500000.0,248400000.0,158500000.0,274300000.0,75300000.0,24350000.0,43800000.0,46.514131897711984,49.83157894736842,84.69473684210527,1.9348958333333333,1.806083650190114,1.0626398210290828,-0.0718105423987777,0.047859690844233,2016-11-01,-0.03545,amc,113164614.0,2025-04-06,2016-09-30,0.6925246826516218,22.23921875,3380475.0
2016-06-30,DXCM,USD,1093557,2016-08-02,2016-08-02 17:21:34,2016,Q2,137300000.0,51800000.0,85500000.0,0.6227239621,36300000,0.0,0.0,69300000.0,0.0,105600000.0,157400000.0,100000.0,100000.0,3900000.0,-16100000.0,-0.1172614712,-20100000.0,-0.146394756,0.0,-20100000.0,-0.146394756,100000.0,-20200000.0,-0.1471230881,-0.0604,-0.0604,334400000,334400000,https://www.sec.gov/Archives/edgar/data/1093557/000109355716000624/0001093557-16-000624-index.htm,https://www.sec.gov/Archives/edgar/data/1093557/000109355716000624/dxcm-063016x10q.htm,0.4105861244019139,-0.0604066985645933,0.0601076555023923,0.0287081339712918,0.3456937799043062,0.7368421052631579,0.6961722488038278,0.7368421052631579,0.0182416267942583,6631151999.999999,6549651999.999999,-82.06871287128712,48.29680990531682,329.9080597014925,690.7449999999999,26.912142857142857,26.912142857142857,47.70321922796795,-406.8106832298136,325.8533333333333,682.2554166666665,-0.0030462278650828,0.0014477122527126,0.0243506493506493,0.0180288461538461,5.062111801242236,3.261163734776725,-201.0,-0.995049504950495,0.0,0.0,0.0,0.2643845593590677,0.0408653846153846,0.5223880597014925,0.0764748725418791,2.6923076923076925,0.201019664967225,,-0.0780224024719969,-0.0632832080200501,0.3169856459330143,167100000.0,232800000.0,154600000.0,257700000.0,70550000.0,21950000.0,44500000.0,48.37581937363438,38.91891891891892,74.53667953667954,1.8604336043360432,2.3125,1.2074592074592074,-0.0819805194805194,0.0313995215311004,2016-08-02,-0.02912,amc,68650000.0,2025-04-06,2016-06-30,1.0604395604395604,17.025625,3596881.25
2016-03-31,DXCM,USD,1093557,2016-04-27,2016-04-27 17:21:18,2016,Q1,116200000.0,41100000.0,75100000.0,0.6462994836,32200000,0.0,0.0,62100000.0,0.0,94300000.0,135400000.0,100000.0,100000.0,3400000.0,-15700000.0,-0.1351118761,-19200000.0,-0.165232358,0.0,-19200000.0,-0.165232358,100000.0,-19200000.0,-0.165232358,-0.0585,-0.0585,328400000,328400000,https://www.sec.gov/Archives/edgar/data/1093557/000109355716000511/0001093557-16-000511-index.htm,https://www.sec.gov/Archives/edgar/data/1093557/000109355716000511/dxcm-03312016x10q.htm,0.353836784409257,-0.0584652862362971,-0.0006090133982947,-0.0356272838002436,0.324299634591961,0.7040194884287454,0.6866626065773447,0.7040194884287454,0.0054811205846528,5576232000.0,5500032000.0,-72.60718750000001,47.988227194492254,-27881.160000000003,-476.6010256410256,24.118650519031146,24.118650519031146,47.33246127366609,-350.32050955414013,-27500.16,-470.0882051282051,-0.0034431852907124,-0.0020981910365278,0.0073529411764705,0.0056780227120908,4.853503184713376,3.547581903276131,-192.0,0.0104166666666666,0.0,0.0,0.0,0.2771084337349397,0.0190380761523046,-57.5,0.0989672977624784,3.3823529411764706,0.2160068846815834,,-0.0814345991561181,-0.0653728294177732,0.340514616321559,163300000.0,225500000.0,159200000.0,234900000.0,70700000.0,20250000.0,40650000.0,52.12564543889845,47.08029197080292,100.94890510948905,1.7265973254086182,1.911627906976744,0.8915401301518439,-0.0830449826989619,0.0350182704019488,2016-04-27,-0.06,amc,101043478.0,2025-04-06,2016-03-31,-0.0,16.704426229508197,4085790.1639344255
2015-12-31,DXCM,USD,1093557,2016-02-23,2016-02-23 17:21:02,2015,Q4,130800000.0,39600000.0,91200000.0,0.6972477064,28500000,0.0,0.0,61100000.0,0.0,89600000.0,129200000.0,0.0,0.0,3100000.0,4600000.0,0.0351681957,1600000.0,0.0122324159,0.0,1600000.0,0.0122324159,100000.0,1500000.0,0.0114678899,0.005,0.005,325600000,340000000,https://www.sec.gov/Archives/edgar/data/1093557/000109355716000432/0001093557-16-000432-index.htm,https://www.sec.gov/Archives/edgar/data/1093557/000109355716000432/dxcm-12312015x10k.htm,0.4017199017199017,0.0046068796068796,0.0347051597051597,-0.0009213759213759,0.3538083538083538,0.6793611793611793,0.6612407862407862,0.6793611793611793,0.007063882063882,6668288000.0,6584488000.0,1111.3813333333333,50.98079510703363,590.1139823008849,-22227.626666666667,30.14596745027125,30.14596745027125,50.34012232415902,1431.4104347826087,582.6980530973451,-21948.29333333333,0.0002249452933046,-4.498905866093366e-05,0.0103978300180831,0.0078767123287671,-18.217391304347824,3.457399103139013,0.0,7.533333333333333,0.0,0.0,0.0,0.2178899082568807,0.0202054794520547,1.0265486725663715,0.0886850152905198,3.741935483870967,0.1796636085626911,0.2653658628485504,0.0065963060686015,0.0052429220552254,0.3611025798525799,164400000.0,215300000.0,160500000.0,225000000.0,64950000.0,17850000.0,32900000.0,50.98623853211009,43.18181818181818,80.0,1.7651821862348178,2.0842105263157893,1.125,0.0067811934900542,0.0356265356265356,2016-02-23,0.0028,amc,65400000.0,2025-04-06,2015-12-31,2.571428571428571,20.806875,3347750.0
2015-09-30,DXCM,USD,1093557,2015-11-04,2015-11-04 17:20:42,2015,Q3,105200000.0,30500000.0,74700000.0,0.7100760456,64800000,0.0,0.0,52300000.0,0.0,117100000.0,147600000.0,0.0,100000.0,2700000.0,-39700000.0,-0.3773764259,-42400000.0,-0.4030418251,-100000.0,-42500000.0,-0.4039923954,0.0,-42500000.0,-0.4039923954,-0.13,-0.13,322000000,322000000,https://www.sec.gov/Archives/edgar/data/1093557/000109355715000354/0001093557-15-000354-index.htm,https://www.sec.gov/Archives/edgar/data/1093557/000109355715000354/dxcm-09302015x10q.htm,0.3267080745341615,-0.1319875776397515,0.0555900621118012,0.0326086956521739,0.3518633540372671,0.6003105590062112,0.5813664596273292,0.6003105590062112,0.0093167701863354,6913340000.0,6830940000.0,-40.666705882352936,65.7161596958175,386.22011173184353,658.4133333333333,35.764821520951884,35.764821520951884,64.9328897338403,-172.0639798488665,381.6167597765363,650.5657142857143,-0.0061475350554146,0.0015188027783965,0.0150025866528711,0.0112972341254382,2.075566750629723,3.4642857142857144,-424.0,-0.4211764705882353,0.0,0.0,0.0,0.6159695817490495,0.0237631476431632,0.4134078212290503,0.0703422053231939,2.740740740740741,0.214828897338403,,-0.2115768463073852,-0.1695929768555467,0.3324534161490683,144900000.0,187200000.0,140300000.0,197600000.0,50650000.0,14200000.0,26500000.0,47.73764258555133,49.278688524590166,90.29508196721312,1.885304659498208,1.8263473053892216,0.9967320261437908,-0.2198654940506983,0.0229813664596273,2015-11-04,,amc,,2025-04-06,2015-09-30,,22.31109375,3998337.5
2015-06-30,DXCM,USD,1093557,2015-08-05,2015-08-05 17:20:02,2015,Q2,93200000.0,27200000.0,66000000.0,0.7081545064,24400000,0.0,0.0,45200000.0,0.0,69600000.0,96800000.0,0.0,100000.0,2600000.0,-1000000.0,-0.0107296137,-3600000.0,-0.0386266094,-100000.0,-3700000.0,-0.0396995708,0.0,-3700000.0,-0.0396995708,-0.0116,-0.0116,318400000,318400000,https://www.sec.gov/Archives/edgar/data/1093557/000109355715000242/0001093557-15-000242-index.htm,https://www.sec.gov/Archives/edgar/data/1093557/000109355715000242/dxcm-06302015x10q.htm,0.292713567839196,-0.0116206030150753,0.0515075376884422,0.0317211055276381,0.3062185929648241,0.5361180904522613,0.5166457286432161,0.5361180904522613,0.0113065326633165,6368000000.0,6303800000.0,-430.2702702702703,68.32618025751073,388.2926829268293,630.4950495049505,37.30521382542472,37.30521382542472,67.63733905579399,-6303.8,384.3780487804878,624.1386138613861,-0.0005810301507537,0.0015860552763819,0.0205038078500292,0.016025641025641,64.2,3.8552036199095023,-36.0,-4.4324324324324325,0.0,0.0,0.0,0.2618025751072961,0.0283882783882783,0.3841463414634146,0.0675965665236051,2.423076923076923,0.2221030042918454,,-0.0203850509626274,-0.0174363807728557,0.2987594221105528,126200000.0,164500000.0,122700000.0,173000000.0,42850000.0,11300000.0,20400000.0,43.93776824034335,38.713235294117645,74.11764705882352,2.048351648351648,2.324786324786325,1.2142857142857142,-0.0216754540128881,0.019786432160804,2015-08-05,-0.00562,amc,76889999.0,2025-04-06,2015-06-30,0.7793594306049823,17.562698412698413,3370507.936507937
2015-03-31,DXCM,USD,1093557,2015-04-29,2015-04-29 17:21:30,2015,Q1,72800000.0,26300000.0,46500000.0,0.6387362637,19800000,0.0,0.0,39400000.0,0.0,59200000.0,85500000.0,0.0,200000.0,2400000.0,-10300000.0,-0.1414835165,-12700000.0,-0.1744505495,-200000.0,-12900000.0,-0.1771978022,-2400000.0,-12900000.0,-0.1771978022,-0.0415,-0.0415,311200000,311200000,https://www.sec.gov/Archives/edgar/data/1093557/000109355715000128/0001093557-15-000128-index.htm,https://www.sec.gov/Archives/edgar/data/1093557/000109355715000128/dxcm-03312015x10q.htm,0.2339331619537275,-0.041452442159383,0.0109254498714652,-0.0147814910025706,0.269280205655527,0.4775064267352185,0.4588688946015424,0.4775064267352185,0.0138174807197943,4851608000.0,4801508000.0,-94.02341085271318,66.64296703296704,1426.9435294117643,-1054.6973913043478,32.64877523553162,32.64877523553162,65.95478021978022,-466.1658252427184,1412.2082352941177,-1043.8060869565218,-0.0026589122616666,-0.0009481392560981,0.0275908479138627,0.0216587427363972,4.864077669902913,3.951351351351352,-63.5,-0.2635658914728682,0.0,0.0,0.0,0.2719780219780219,0.0306391970417327,2.3529411764705883,0.1098901098901098,3.333333333333333,0.2184065934065934,,-0.0668210038935073,-0.0702997275204359,0.2649421593830334,109200000.0,142800000.0,105500000.0,150700000.0,41300000.0,10400000.0,17200000.0,49.6978021978022,37.30038022813688,62.965779467680605,1.8109452736318408,2.412844036697248,1.4293478260869563,-0.0868102288021534,0.0257069408740359,2015-04-29,-0.02488,amc,47105882.0,2025-04-06,2015-03-31,0.6077170418006431,15.109180327868852,2697980.3278688523
2014-12-31,DXCM,USD,1093557,2015-02-25,2015-02-25 17:18:16,2014,Q4,84300000.0,24900000.0,59400000.0,0.7046263345,21600000,0.0,0.0,36200000.0,0.0,57800000.0,82700000.0,0.0,200000.0,2400000.0,4000000.0,0.0474495848,1600000.0,0.0189798339,-200000.0,1400000.0,0.0166073547,100000.0,1300000.0,0.0154211151,0.005,0.005,307200000,326800000,https://www.sec.gov/Archives/edgar/data/1093557/000109355715000040/0001093557-15-000040-index.htm,https://www.sec.gov/Archives/edgar/data/1093557/000109355715000040/dxcm-12312014x10k.htm,0.2744140625,0.0042317708333333,0.02734375,0.0123697916666666,0.2721354166666667,0.4563802083333333,0.4371744791666667,0.4563802083333333,0.015625,4227072000.0,4159872000.0,812.8984615384616,50.143202846975086,503.2228571428571,1112.3873684210523,30.150299572039945,30.150299572039945,49.34604982206406,1039.968,495.2228571428571,1094.703157894737,0.0003075414849806,0.0008989674176356,0.0328102710413694,0.0249187432286023,-16.8,3.5935960591133007,8.0,6.461538461538462,0.0,0.0,0.0,0.2562277580071174,0.0319609967497291,0.5476190476190477,0.0545670225385527,1.9166666666666667,0.1696322657176749,0.2084566387214635,0.010155258275559,0.0072747621712367,0.2571614583333333,105300000.0,134300000.0,101500000.0,142400000.0,36900000.0,8900000.0,15150000.0,45.26690391459075,35.78313253012048,57.831325301204814,1.9882075471698115,2.515151515151515,1.55625,0.0092724679029957,0.0149739583333333,2015-02-25,0.00371,amc,126450000.0,2025-04-06,2014-12-31,1.6954177897574123,12.2425,2538475.0
2014-09-30,DXCM,USD,1093557,2014-11-06,2014-11-06 17:20:01,2014,Q3,69000000.0,21800000.0,47200000.0,0.684057971,18500000,0.0,0.0,33700000.0,0.0,52200000.0,74000000.0,0.0,200000.0,2200000.0,-2800000.0,-0.0405797101,-5000000.0,-0.0724637681,-200000.0,-5200000.0,-0.0753623188,0.0,-5200000.0,-0.0753623188,-0.0172,-0.0171,303200000,304400000,https://www.sec.gov/Archives/edgar/data/1093557/000109355714000329/0001093557-14-000329-index.htm,https://www.sec.gov/Archives/edgar/data/1093557/000109355714000329/dxcm-09302014x10q.htm,0.2275725593667546,-0.0171503957783641,0.037598944591029,0.025395778364116,0.2470316622691293,0.379287598944591,0.358509234828496,0.379287598944591,0.0178100263852242,3032000000.0,2974000000.0,-145.76923076923077,43.94202898550725,265.9649122807017,393.76623376623377,26.36521739130435,26.36521739130435,43.10144927536232,-1062.142857142857,260.87719298245617,386.23376623376623,-0.0017150395778364,0.0025395778364116,0.0452173913043478,0.0326223337515683,20.714285714285715,3.039408866995074,-25.0,-2.1923076923076925,0.0,0.0,0.0,0.2681159420289855,0.0395232120451693,0.3245614035087719,0.0536231884057971,1.681818181818182,0.2,,-0.0412881915772089,-0.0339647289353363,0.2018469656992084,82800000.0,108700000.0,79000000.0,117100000.0,30000000.0,7450000.0,12950000.0,40.95652173913044,32.61467889908257,59.03669724770642,2.1974522292993632,2.759493670886076,1.5244755244755244,-0.0452173913043478,0.0122031662269129,2014-11-06,-0.01657,amc,59142857.0,2025-04-06,2014-09-30,0.2070006035003016,10.22203125,2635931.25
2014-06-30,DXCM,USD,1093557,2014-08-06,2014-08-06 17:20:40,2014,Q2,58800000.0,18900000.0,39900000.0,0.6785714286,14800000,0.0,0.0,30900000.0,0.0,45700000.0,64600000.0,0.0,200000.0,1900000.0,-3900000.0,-0.0663265306,-5800000.0,-0.0986394558,-200000.0,-6000000.0,-0.1020408163,0.0,-6000000.0,-0.1020408163,-0.02,-0.0199,300000000,301200000,https://www.sec.gov/Archives/edgar/data/1093557/000109355714000220/0001093557-14-000220-index.htm,https://www.sec.gov/Archives/edgar/data/1093557/000109355714000220/dxcm-06302014x10q.htm,0.196,-0.02,0.0206666666666666,0.0073333333333333,0.2043333333333333,0.332,0.3103333333333333,0.332,0.02,2973000000.0,2929300000.0,-123.875,50.56122448979592,479.5161290322581,1351.3636363636365,29.849397590361445,29.849397590361445,49.81802721088435,-751.1025641025641,472.46774193548384,1331.5,-0.0020181634712411,0.0007399932727884,0.0582329317269076,0.0415175375805297,11.205128205128204,2.963483146067416,-29.0,-1.0333333333333334,0.0,0.0,0.0,0.2517006802721088,0.0465282748747315,0.6451612903225806,0.0680272108843537,2.1052631578947367,0.2244897959183673,,-0.0545112781954887,-0.045045045045045,0.1615,69900000.0,93100000.0,65400000.0,102400000.0,26200000.0,5900000.0,10250000.0,43.77551020408163,33.333333333333336,55.23809523809524,2.055944055944056,2.7,1.6293103448275863,-0.0602409638554216,0.0133333333333333,2014-08-06,-0.02639,amc,65333333.0,2025-04-06,2014-06-30,0.136794240242516,8.86063492063492,3745765.0793650793
2014-03-31,DXCM,USD,1093557,2014-05-01,2014-05-01 17:21:11,2014,Q1,47100000.0,17300000.0,29800000.0,0.6326963907,14500000,0.0,0.0,27600000.0,0.0,42100000.0,59400000.0,0.0,200000.0,1900000.0,-10400000.0,-0.2208067941,-12300000.0,-0.2611464968,-200000.0,-12500000.0,-0.2653927813,0.0,-12500000.0,-0.2653927813,-0.0426,-0.0426,293200000,293200000,https://www.sec.gov/Archives/edgar/data/1093557/000109355714000137/0001093557-14-000137-index.htm,https://www.sec.gov/Archives/edgar/data/1093557/000109355714000137/dxcm-03312014x10q.htm,0.1606412005457025,-0.0426330150068212,-0.0081855388813096,-0.0214870395634379,0.1957708049113233,0.3069577080491132,0.2844474761255116,0.3069577080491132,0.022169167803547,3031688000.0,2992288000.0,-60.63376,64.36704883227176,-1263.2033333333334,-481.2203174603175,33.68542222222222,33.68542222222222,63.53053078556263,-287.72,-1246.7866666666666,-474.9663492063492,-0.0041231155712593,-0.0020780502479146,0.07,0.0504403522818254,3.7884615384615374,3.1515151515151514,-61.5,0.192,0.0,0.0,0.0,0.3078556263269639,0.0528422738190552,-1.625,0.0828025477707006,2.0526315789473686,0.1847133757961783,,-0.1262833675564681,-0.1056635672020287,0.1527967257844474,63900000.0,83400000.0,58700000.0,93400000.0,24950000.0,4500000.0,8950000.0,45.47770700636943,24.971098265895957,46.30057803468208,1.9789915966386555,3.6041666666666665,1.9438202247191008,-0.1388888888888889,0.0133015006821282,2014-05-01,-0.01916,amc,32786015.0,2025-04-06,2014-03-31,1.0876826722338204,10.336065573770492,3531652.4590163934
2013-12-31,DXCM,USD,1093557,2014-02-20,2014-02-20 17:22:00,2013,Q4,51700000.0,17600000.0,34100000.0,0.6595744681,12600000,0.0,0.0,23800000.0,0.0,36400000.0,54000000.0,0.0,300000.0,1900000.0,-400000.0,-0.0077369439,-2300000.0,-0.0444874275,-300000.0,-2600000.0,-0.0502901354,0.0,-2600000.0,-0.0502901354,-0.0091,-0.0091,284400000,284400000,https://www.sec.gov/Archives/edgar/data/1093557/000109355714000028/0001093557-14-000028-index.htm,https://www.sec.gov/Archives/edgar/data/1093557/000109355714000028/dxcm-12312013x10k.htm,0.1817862165963431,-0.0091420534458509,0.0154711673699015,0.0073839662447257,0.1919831223628691,0.2957102672292546,0.2718002812939522,0.2957102672292546,0.0249648382559774,2516940000.0,2480540000.0,-242.0134615384615,48.68355899419729,572.0318181818182,1198.5428571428572,29.927942925089177,29.927942925089177,47.97949709864603,-6201.35,563.7590909090909,1181.2095238095235,-0.0010330003893616,0.0008343464683305,0.0808561236623067,0.0555102040816326,91.0,2.9003115264797508,-7.666666666666667,-1.6923076923076923,0.0,0.0,0.0,0.2437137330754352,0.0555102040816326,0.5227272727272727,0.0444874274661508,1.2105263157894737,0.1276595744680851,,-0.0248380129589632,-0.0224719101123595,0.1416139240506329,61000000.0,77300000.0,54700000.0,88500000.0,23850000.0,4000000.0,9500000.0,45.43520309477755,21.477272727272727,46.02272727272727,1.9808429118773947,4.190476190476191,1.9555555555555555,-0.0309155766944114,0.0080872011251758,2014-02-20,-0.00692,amc,90475000.0,2025-04-06,2013-12-31,0.4450867052023122,7.91375,2308587.5
2013-09-30,DXCM,USD,1093557,2013-11-06,2013-11-06 17:21:56,2013,Q3,42900000.0,15300000.0,27600000.0,0.6433566434,11800000,0.0,0.0,21600000.0,0.0,33400000.0,48700000.0,0.0,200000.0,1700000.0,-4100000.0,-0.0955710956,-5800000.0,-0.1351981352,-200000.0,-6000000.0,-0.1398601399,0.0,-6000000.0,-0.1398601399,-0.021,-0.021,285600000,285600000,https://www.sec.gov/Archives/edgar/data/1093557/000109355713000116/0001093557-13-000116-index.htm,https://www.sec.gov/Archives/edgar/data/1093557/000109355713000116/dxcm-09302013x10q.htm,0.1502100840336134,-0.0210084033613445,0.0056022408963585,-0.0021008403361344,0.1666666666666666,0.2615546218487395,0.2373949579831932,0.2615546218487395,0.0252100840336134,2016336000.0,1989936000.0,-84.01399999999998,47.00083916083916,1260.2099999999998,-3360.56,26.992449799196784,26.992449799196784,46.38545454545454,-485.3502439024391,1243.71,-3316.56,-0.0029756945271026,-0.0002975694527102,0.0937081659973226,0.0635785649409627,6.439024390243903,2.9817518248175183,-29.0,-0.2666666666666666,0.0,0.0,0.0,0.275058275058275,0.0626702997275204,1.375,0.0512820512820512,1.2941176470588236,0.1538461538461538,,-0.0686390532544378,-0.0581395348837209,0.1169467787114846,54300000.0,67800000.0,46300000.0,80900000.0,19650000.0,3300000.0,8650000.0,45.31468531468531,22.352941176470587,58.8235294117647,1.9861111111111112,4.026315789473684,1.53,-0.0803212851405622,0.0077030812324929,2013-11-06,-0.01444,amc,69712500.0,2025-04-06,2013-09-30,0.3850415512465374,6.33609375,2356712.5
2013-06-30,DXCM,USD,1093557,2013-08-07,2013-08-07 17:21:20,2013,Q2,35800000.0,13900000.0,21900000.0,0.6117318436,11100000,0.0,0.0,20700000.0,0.0,31800000.0,45700000.0,0.0,200000.0,1600000.0,-8300000.0,-0.2318435754,-9900000.0,-0.2765363128,-200000.0,-10100000.0,-0.282122905,0.0,-10100000.0,-0.282122905,-0.0356,-0.0356,283600000,283600000,https://www.sec.gov/Archives/edgar/data/1093557/000109355713000083/0001093557-13-000083-index.htm,https://www.sec.gov/Archives/edgar/data/1093557/000109355713000083/dxcm-06302013x10q.htm,0.1262341325811001,-0.0356135401974612,0.0031734837799717,-0.0038787023977433,0.1636107193229901,0.2549365303244005,0.229901269393512,0.2549365303244005,0.0253878702397743,1619356000.0,1598156000.0,-40.083069306930696,45.23340782122905,1799.2844444444445,-1472.1418181818185,22.397731673582296,22.397731673582296,44.64122905027933,-192.5489156626506,1775.7288888888888,-1452.8690909090908,-0.0062370473200457,-0.0006792823813911,0.0968188105117565,0.0684261974584555,2.5542168674698797,3.5165876777251186,-49.5,-0.0891089108910891,0.0,0.0,0.0,0.3100558659217877,0.0694037145650048,2.2222222222222223,0.0558659217877094,1.25,0.1787709497206704,,-0.1201456310679611,-0.1060924369747899,0.1175070521861777,53100000.0,65200000.0,44200000.0,79300000.0,17000000.0,2500000.0,7400000.0,44.49720670391062,18.1294964028777,47.26618705035971,2.022598870056497,4.964285714285714,1.904109589041096,-0.1396957123098202,0.007052186177715,2013-08-07,-0.03639,amc,40914285.0,2025-04-06,2013-06-30,0.0992030777686178,4.7896875,2262268.75
2013-03-31,DXCM,USD,1093557,2013-05-01,2013-05-01 17:21:09,2013,Q1,29600000.0,13100000.0,16500000.0,0.5574324324,9300000,0.0,0.0,18100000.0,0.0,27400000.0,40500000.0,0.0,200000.0,1800000.0,-9100000.0,-0.3074324324,-10900000.0,-0.3682432432,-200000.0,-11100000.0,-0.375,0.0,-11100000.0,-0.375,-0.0398,-0.0398,279200000,279200000,https://www.sec.gov/Archives/edgar/data/1093557/000109355713000036/0001093557-13-000036-index.htm,https://www.sec.gov/Archives/edgar/data/1093557/000109355713000036/dxcm-03312013x10q.htm,0.1060171919770773,-0.039756446991404,-0.0161174785100286,-0.0211318051575931,0.1622492836676217,0.2636103151862464,0.2378223495702005,0.2636103151862464,0.0257879656160458,1194976000.0,1183076000.0,-26.91387387387388,40.37081081081081,-265.55022222222226,-202.53830508474576,16.236086956521742,16.236086956521742,39.968783783783785,-130.00835164835163,-262.90577777777776,-200.5213559322034,-0.0092888894839728,-0.0049373376536432,0.0951086956521739,0.0708502024291498,1.3076923076923077,4.401234567901234,-54.5,0.4054054054054054,0.0,0.0,0.0,0.3141891891891892,0.0728744939271255,-0.3111111111111111,0.0472972972972973,0.7777777777777778,0.1689189189189189,,-0.1308523409363745,-0.12117903930131,0.129208452722063,55100000.0,66400000.0,46100000.0,80600000.0,17900000.0,3050000.0,7450000.0,49.560810810810814,15.114503816793892,51.52671755725191,1.8159509202453987,5.954545454545454,1.7466666666666666,-0.1508152173913043,0.0050143266475644,2013-05-01,-0.03745,amc,31450000.0,2025-04-06,2013-03-31,0.068090787716956,3.8131666666666666,1487373.3333333333
2012-12-31,DXCM,USD,1093557,2013-02-21,2013-02-21 17:22:34,2012,Q4,33266000.0,15698000.0,17568000.0,0.5281067757,8705000,0.0,0.0,17195000.0,0.0,25900000.0,41598000.0,35000.0,198000.0,1751000.0,-6546000.0,-0.1967774905,-8332000.0,-0.2504659412,-163000.0,-8495000.0,-0.255365839,-13000.0,-8482000.0,-0.2549750496,-0.0309,-0.0309,274800000,274800000,https://www.sec.gov/Archives/edgar/data/1093557/000119312513069590/0001193125-13-069590-index.htm,https://www.sec.gov/Archives/edgar/data/1093557/000119312513069590/d449646d10k.htm,0.1210553129548762,-0.0308660844250363,-0.0384170305676855,-0.0435262008733624,0.1772197962154294,0.2802037845705968,0.2532751091703056,0.2802037845705968,0.0261935953420669,934320000.0,933220000.0,-27.53831643480311,28.08633439547887,-88.5024154589372,-78.1138700777527,12.134025974025974,12.134025974025974,28.05326760055312,-142.56339749465323,-88.39821919105806,-78.02190452303319,-0.0090782601250107,-0.012801823786283,0.0909090909090909,0.0660377358490566,0.1680415520928811,3.979487179487179,-42.08080808080808,1.2446356991275642,0.0,0.0,0.0,0.2616785907533217,0.0698113207547169,-0.1329923273657289,0.0422052546143209,0.8018275271273558,0.1365358023206878,,-0.0959544341504908,-0.086024340770791,0.1383733624454148,58100000.0,69600000.0,48600000.0,84400000.0,15928500.0,3848000.0,7270500.0,52.75656826790116,22.359536246655622,42.425786724423496,1.705948717948718,4.025128205128206,2.1213513513513518,-0.1101558441558441,0.0051091703056768,2013-02-21,-0.0319,amc,44354666.0,2025-04-06,2012-12-31,0.2539184952978057,3.355483870967742,1719438.7096774194
2012-09-30,DXCM,USD,1093557,2012-11-01,2012-11-01 17:25:14,2012,Q3,23089000.0,14687000.0,8402000.0,0.3638962276,10582000,0.0,0.0,15142000.0,0.0,25724000.0,40411000.0,17000.0,1000.0,2199000.0,-15200000.0,-0.6583221447,-17322000.0,-0.750227381,16000.0,-17306000.0,-0.7495344103,-43000.0,-17263000.0,-0.7476720516,-0.0625,-0.0625,276400000,276400000,https://www.sec.gov/Archives/edgar/data/1093557/000119312512446973/0001193125-12-446973-index.htm,https://www.sec.gov/Archives/edgar/data/1093557/000119312512446973/d409818d10q.htm,0.0835347322720694,-0.0624565846599131,-0.0218885672937771,-0.0323589001447178,0.193143994211288,0.2903509406657019,0.2633068017366136,0.2903509406657019,3.61794500723589e-06,1033736000.0,1028992000.0,-14.970399119504142,44.7717960933778,-170.86545454545455,-115.57871198568871,12.880963951503372,12.880963951503372,44.566330287149725,-67.69684210526316,-170.0813223140496,-115.04830053667264,-0.0166996215668217,-0.0086521123381598,0.0,0.0,0.3121052631578947,3.7037345618506174,-17322.0,0.350460522504779,0.0,0.0,0.0,0.458313482610767,0.0727168372310206,-0.4783471074380165,0.1253410715059119,1.3160527512505684,0.2113127463294209,,-0.2097164803015066,-0.181103849099359,0.1580327424023155,55167000.0,72778000.0,53028000.0,81255000.0,12628500.0,2908500.0,7259500.0,48.16709255489627,23.261387621706277,43.75910669299381,1.868495589544388,3.869072708113804,2.056714745833917,-0.2151072234059786,0.0104703328509406,2012-11-01,-0.06,amc,20318320.0,2025-04-06,2012-09-30,-0.0,3.238253968253968,1797352.380952381
2012-06-30,DXCM,USD,1093557,2012-08-06,2012-08-06 17:18:17,2012,Q2,23450000.0,12207000.0,11243000.0,0.479445629,10498000,0.0,0.0,15394000.0,0.0,25892000.0,38099000.0,23000.0,1000.0,1468000.0,-13200000.0,-0.5628997868,-14649000.0,-0.6246908316,22000.0,-14627000.0,-0.6237526652,64000.0,-14691000.0,-0.6264818763,-0.0535,-0.0535,274400000,274400000,https://www.sec.gov/Archives/edgar/data/1093557/000119312512338041/0001193125-12-338041-index.htm,https://www.sec.gov/Archives/edgar/data/1093557/000119312512338041/d370079d10q.htm,0.0854591836734693,-0.0535386297376093,-0.0230648688046647,-0.0335677842565597,0.2229883381924198,0.3327551020408163,0.3049708454810496,0.3327551020408163,3.644314868804665e-06,889056000.0,883071000.0,-15.129262813967737,37.91283582089552,-140.47337652077738,-96.5211160568885,9.736890524379026,9.736890524379026,37.65761194029851,-66.89931818181819,-139.52772949913097,-95.87134947345564,-0.0165242684375337,-0.0103604272396789,0.0,0.0,0.4534090909090909,4.952125464300454,-14649.0,0.4308079776734055,0.0,0.0,0.0,0.4476759061833689,0.0689817411917989,-0.455364196555538,0.1228997867803838,1.9632152588555856,0.2060980810234541,,-0.1572567229971939,-0.1427724542751073,0.2016690962099125,67032000.0,83684000.0,64779000.0,92424000.0,12721500.0,1986500.0,7711000.0,49.50959488272921,14.90046694519538,54.3966576554436,1.817829457364341,6.040079168728353,1.654513418270534,-0.1608949927717177,0.010502915451895,2012-08-06,-0.05,amc,22333333.0,2025-04-06,2012-06-30,-0.0,2.7039682539682537,2029060.3174603172
2012-03-31,DXCM,USD,1093557,2012-05-02,2012-05-02 17:25:32,2012,Q1,20095000.0,10708000.0,9387000.0,0.4671311271,9715000,0.0,0.0,15069000.0,0.0,24784000.0,35492000.0,25000.0,25000.0,1182000.0,-14200000.0,-0.7066434436,-15397000.0,-0.7662105001,0.0,-15372000.0,-0.7649664096,-1308000.0,-14064000.0,-0.6998755909,-0.0519,-0.0519,271200000,271200000,https://www.sec.gov/Archives/edgar/data/1093557/000119312512205110/0001193125-12-205110-index.htm,https://www.sec.gov/Archives/edgar/data/1093557/000119312512205110/d330251d10q.htm,0.0740966076696165,-0.051858407079646,-0.0374778761061946,-0.0460324483775811,0.2587905604719764,0.3670759587020649,0.3384181415929203,0.3670759587020649,9.218289085545724e-05,707832000.0,702713000.0,-12.582337883959044,35.22428464792237,-69.64108618654072,-56.699134892662606,7.1102450000502255,7.1102450000502255,34.969544662851455,-49.486830985915496,-69.13744588744589,-56.28909003524512,-0.0198691214864544,-0.017636953401372,0.0,0.0,0.3604929577464789,5.773948743468525,-615.88,0.7226962457337884,0.0,0.0,0.0,0.4834535954217467,0.0658856241840592,-0.2282565918929555,0.115451604876835,1.962774957698816,0.2063199800945508,,-0.1382611227809477,-0.1276340865777293,0.2404212758112094,76746000.0,91779000.0,74411000.0,100724000.0,12521500.0,2376000.0,8107500.0,56.17666086091067,16.40642510272693,67.60926410160627,1.602088814478195,5.485655737704918,1.331178518150174,-0.141274321704453,0.0085545722713864,2012-05-02,-0.05,amc,18181190.0,2025-04-06,2012-03-31,-0.0,2.6591935483870968,1785948.3870967743
2011-12-31,DXCM,USD,1093557,2012-02-23,2012-02-23 17:25:48,2011,Q4,22421000.0,11728000.0,10693000.0,0.4769189599,9232000,0.0,0.0,13737000.0,0.0,22969000.0,34697000.0,25000.0,1000.0,1063000.0,-11187000.0,-0.4989518755,-12276000.0,-0.547522412,-32470000.0,-12251000.0,-0.5464073859,-32495000.0,-12251000.0,-0.5464073859,-0.0467,-0.0467,262256000,262256000,https://www.sec.gov/Archives/edgar/data/1093557/000119312512075640/0001193125-12-075640-index.htm,https://www.sec.gov/Archives/edgar/data/1093557/000119312512075640/d270314d10k.htm,0.0854928009273381,-0.0467138978707827,-0.0441171984625709,-0.0576497773168202,0.3123322250015252,0.3984274906961137,0.3984274906961137,0.3984274906961137,3.813068147153926e-06,611056480.0,608503480.0,-12.469522487960166,27.253756745907857,-52.81387035436474,-40.41646140617766,5.84799004689444,5.84799004689444,27.139890281432585,-54.39380352194512,-52.59321348314607,-40.24760103181428,-0.0200488832063445,-0.0247423936982061,0.0,0.0,0.2282113167068919,7.082965877484567,-12276.0,0.9444127010039997,0.0,0.0,0.0,0.4117568351099416,0.0,-0.3067415730337078,0.1582891039650328,3.3386641580432737,0.1596717363186298,,0.1918522983467458,-0.1016891471259597,0.3027061344640351,89669000.0,104490000.0,88425000.0,104688000.0,10751500.0,2726000.0,7313000.0,50.176174122474464,21.487039563437925,62.70378581173261,1.79368,4.188571428571429,1.4353200342675314,-0.1172456694420518,0.0135325788542492,2012-02-23,-0.03764,amc,21175388.0,2025-04-06,2011-12-31,0.0626992561105207,2.233809523809524,2849320.634920635
2011-09-30,DXCM,USD,1093557,2011-11-02,2011-11-02 17:19:39,2011,Q3,18254000.0,10090000.0,8164000.0,0.4472444396,8231000,0.0,0.0,13241000.0,0.0,21472000.0,31562000.0,31000.0,1000.0,998000.0,-12279000.0,-0.6726744823,-13308000.0,-0.7290456886,30000.0,-13278000.0,-0.7274022132,0.0,-13278000.0,-0.7274022132,-0.0493,-0.0493,269588000,269588000,https://www.sec.gov/Archives/edgar/data/1093557/000119312511293031/0001193125-11-293031-index.htm,https://www.sec.gov/Archives/edgar/data/1093557/000119312511293031/d235641d10q.htm,0.0677107289641972,-0.0492529341068593,-0.0250048221730937,-0.0305911242340163,0.3609841684347968,0.4193992314197961,0.4193992314197961,0.4193992314197961,3.709363918275294e-06,808764000.0,791241000.0,-15.227519204699504,44.30612468500055,-119.9768580329328,-98.0676609676246,7.153088931145801,7.153088931145801,43.346170702311824,-64.43855362814561,-117.37739207832666,-95.94288832302657,-0.0164176447022864,-0.0101970414113387,0.0,0.0,1.4270706083557292,7.816048294105677,-13308.0,0.5076818798011749,0.0,0.0,0.0,0.4509148679741426,0.0,-0.2234089897641299,0.0825024652131039,1.5090180360721444,0.2042292100361564,,-0.1166856641823761,-0.1030956651370804,0.3396618172915708,100489000.0,113065000.0,99504000.0,113013000.0,8848500.0,2367500.0,6356500.0,44.38862715021365,23.65510406342914,57.576808721506445,2.0275463734310786,3.804675716440422,1.563129357087529,-0.1174368725954097,0.0055863020609225,2011-11-02,-0.03923,amc,14603199.0,2025-04-06,2011-09-30,0.274534794799898,3.2184375,2261787.5
2011-06-30,DXCM,USD,1093557,2011-08-03,2011-08-03 17:27:01,2011,Q2,21417000.0,9546000.0,11871000.0,0.5542793108,7016000,0.0,0.0,12244000.0,0.0,19260000.0,28806000.0,25000.0,3000.0,892000.0,-6472000.0,-0.3021898492,-7389000.0,-0.3450063034,22000.0,-7367000.0,-0.343979082,0.0,-7367000.0,-0.343979082,-0.0283,-0.0283,260384000,260384000,https://www.sec.gov/Archives/edgar/data/1093557/000119312511208448/0001193125-11-208448-index.htm,https://www.sec.gov/Archives/edgar/data/1093557/000119312511208448/d10q.htm,0.082251597640408,-0.0282928290524763,-0.0097010569005776,-0.0141560157306132,0.4033581172422268,0.4669065687599852,0.4669065687599852,0.4669065687599852,0.0002995575765023,942590080.0,908776080.0,-31.98690376001086,44.01130317037868,-373.1552177355503,-255.72167118828,7.753157145794777,7.753157145794777,42.43246393052248,-140.4165760197775,-359.76883610451307,-246.5480412371134,-0.0078156986332807,-0.0039105015830423,0.000616903146206,0.0005499783675175,5.224660074165636,8.999709639953542,-2463.0,0.3428804126510112,0.0,0.0,0.0,0.327590232058645,0.0,-0.4592240696753761,0.0541625811271419,1.3004484304932735,0.1707522061913433,,-0.0602357583069749,-0.0540225417800233,0.3836007588791938,110204000.0,121575000.0,109186000.0,122220000.0,7926000.0,2042000.0,6341500.0,36.53452864546856,19.638592080452543,59.000628535512256,2.463423050379572,4.58281325012002,1.5254074784276126,-0.0605963397079991,0.0044549588300356,2011-08-03,-0.0281,amc,38826545.0,2025-04-06,2011-06-30,0.0676156583629892,3.813174603174603,1869930.1587301588
2011-03-31,DXCM,USD,1093557,2011-05-03,2011-05-03 17:25:06,2011,Q1,14174000.0,9058000.0,5116000.0,0.3609425709,6268000,0.0,0.0,10718000.0,0.0,16986000.0,26044000.0,26000.0,6000.0,806000.0,-11038000.0,-0.7787498236,-11870000.0,-0.83744885,20000.0,-11850000.0,-0.8360378157,0.0,-11850000.0,-0.8360378157,-0.0476,-0.0476,248716000,248716000,https://www.sec.gov/Archives/edgar/data/1093557/000119312511124174/0001193125-11-124174-index.htm,https://www.sec.gov/Archives/edgar/data/1093557/000119312511124174/d10q.htm,0.0569886939320349,-0.0476447031956126,-0.0373478183952781,-0.0445488026504125,0.1500948873413853,0.2145499284324289,0.2145499284324289,0.2145499284324289,0.0012303189179626,965018080.0,961513080.0,-20.35903122362869,68.08367997742346,-103.88826353751747,-87.09549458483754,18.08436865184963,18.08436865184963,67.8363962184281,-87.10935676753034,-103.5109355151254,-86.77915884476535,-0.0122795626792816,-0.011481650167632,0.0056219781867246,0.0045075501464953,0.3175394093132814,4.694437257438551,-1978.3333333333333,0.7838818565400844,0.0,0.0,0.0,0.4422181459009454,0.0,-0.1928086984605447,0.1263581205023282,2.2220843672456576,0.1797657683081699,,-0.2148027506333695,-0.1780482307865675,0.131551649270654,42837000.0,53362000.0,41239000.0,54585000.0,6914500.0,1879500.0,7268500.0,45.45082545505856,19.881872378008392,63.838595716493714,1.9801620564403464,4.526736631684158,1.409805447470817,-0.2220681383756231,0.0072009842551343,2011-05-03,-0.05,amc,14174000.0,2025-04-06,2011-03-31,-0.0,3.606612903225807,1554303.2258064516
2010-12-31,DXCM,USD,1093557,2011-03-03,2011-03-03 17:15:24,2010,Q4,15636000.0,8647000.0,6989000.0,0.4469813251,6902000,0.0,0.0,9973000.0,0.0,16875000.0,25522000.0,22000.0,8000.0,721000.0,-9225000.0,-0.5899846508,-9886000.0,-0.6322588897,-45284000.0,-55170000.0,-3.5283960092,-45358000.0,-9812000.0,-0.6275262215,-0.0431,-0.0431,227524000,227524000,https://www.sec.gov/Archives/edgar/data/1093557/000119312511055131/0001193125-11-055131-index.htm,https://www.sec.gov/Archives/edgar/data/1093557/000119312511055131/d10k.htm,0.0687224204919041,-0.0431251208663701,-0.0591761748211177,-0.0693992721646947,0.2070682653258557,0.2680728186916545,0.2680728186916545,0.2680728186916545,0.0023426100103725,775856840.0,771492840.0,-19.768060538116597,49.61990534663597,-57.624542483660136,-49.13596200126663,12.720424310986507,12.720424310986507,49.34080583269378,-83.63066016260163,-57.300418894830656,-48.85958454718176,-0.0126466630106657,-0.0203516927169192,0.0086075451281294,0.0068036908402882,0.4730623306233062,4.364135104765682,-1235.75,1.3721973094170403,0.0,0.0,0.0,0.4414172422614479,0.0,-0.172756981580511,0.148759273471476,3.2260748959778085,-0.4709004860578153,,-0.028104665560576,-0.1271577419522057,0.1758111232221655,50896000.0,60993000.0,49854000.0,61659000.0,5886500.0,2948000.0,7232500.0,38.39792785878741,18.29767549439112,84.43159477275356,2.343876480287813,4.918657565415245,1.0659516765285997,-0.1608709196137261,0.0102230973435769,2011-03-03,-0.05,amc,18567750.0,2025-04-06,2010-12-31,-0.2,3.23921875,1867343.75
2010-09-30,DXCM,USD,1093557,2010-11-04,2010-11-04 16:14:00,2010,Q3,11664000.0,8188000.0,3476000.0,0.2980109739,6161000,0.0,0.0,10377000.0,0.0,16538000.0,24726000.0,20000.0,44000.0,628000.0,-13062000.0,-1.1198559671,-13062000.0,-1.1198559671,-336000.0,-13398000.0,-1.1486625514,336000.0,-13398000.0,-1.1486625514,-0.0576,-0.0576,232800000,232800000,https://www.sec.gov/Archives/edgar/data/1093557/000119312510248085/0001193125-10-248085-index.htm,https://www.sec.gov/Archives/edgar/data/1093557/000119312510248085/d10q.htm,0.0501030927835051,-0.0575515463917525,-0.0406786941580756,-0.0496692439862542,0.1284750859106529,0.1513917525773196,0.1513917525773196,0.1513917525773196,0.0034106529209621,770568000.0,765789000.0,-14.378414688759516,66.06378600823045,-81.36937697993665,-66.64083715298798,21.86380660537964,21.86380660537964,65.65406378600824,-58.627239320165366,-80.86473072861668,-66.22753610654675,-0.0173871741364811,-0.0150058138931281,0.0212802179094313,0.0138619351261436,0.3658704639412035,2.6157102539981185,-296.8636363636364,0.7068219137184655,0.0,0.0,0.0,0.5282064471879286,0.0,-0.221013727560718,0.1794410150891632,3.332802547770701,0.1986454046639232,,-0.3537816383785134,-0.2476296090934294,0.0775386597938144,27480000.0,35244000.0,25627000.0,36720000.0,4881500.0,3175000.0,5220000.0,39.367283950617285,45.48363458720078,69.83023937469467,2.286162289298314,1.9787336877718704,1.288839918148906,-0.3801498127340824,0.0089905498281786,2010-11-04,-0.04672,amc,9128347.83,2025-04-06,2010-09-30,0.2842465753424658,3.07859375,1474887.5
2010-06-30,DXCM,USD,1093557,2010-08-03,2010-08-03 16:08:51,2010,Q2,11786000.0,7267000.0,4519000.0,0.383421008,5425000,0.0,0.0,10362000.0,0.0,15787000.0,23054000.0,23000.0,197000.0,588000.0,-10902000.0,-0.9249957577,-11268000.0,-0.9560495503,-419000.0,-11687000.0,-0.9916002036,419000.0,-11687000.0,-0.9916002036,-0.0508,-0.0508,230216000,230216000,https://www.sec.gov/Archives/edgar/data/1093557/000119312510175251/0001193125-10-175251-index.htm,https://www.sec.gov/Archives/edgar/data/1093557/000119312510175251/d10q.htm,0.0511953991034506,-0.0507653681759738,-0.0404185634360774,-0.0468603398547451,0.1741017131737151,0.1781718038711471,0.1781718038711471,0.1781718038711471,0.0190256107307919,665324240.0,663417240.0,-14.232143407204587,56.45038520278296,-71.50179903277808,-61.67262143121987,16.220299380759666,16.220299380759666,56.288583064652975,-60.85280132085856,-71.29685545405695,-61.49585094549499,-0.0175658713411674,-0.0162146504687699,0.1019796187039836,0.0690662924131098,0.1749220326545588,3.2514503029521724,-57.19796954314721,0.7961837939590999,0.0,0.0,0.0,0.4602918717122009,0.0,-0.1593766792047286,0.1258272526726624,2.522108843537415,0.2351094518920753,,-0.2540092292946744,-0.1929662346239577,0.1132555947458039,34929000.0,41018000.0,30896000.0,42704000.0,4231000.0,2192500.0,3969000.0,35.59222806719837,27.39507362047613,50.61648548231733,2.528641922334263,3.285262206148282,1.7780768289699045,-0.284923692037642,0.0064417764186676,2010-08-03,-0.05,amc,11786000.0,2025-04-06,2010-06-30,-0.0,2.6273015873015875,1421060.3174603174
2010-03-31,DXCM,USD,1093557,2010-05-05,2010-05-05 16:15:58,2010,Q1,9545000.0,6086000.0,3459000.0,0.3623886852,4739000,0.0,0.0,9794000.0,0.0,14533000.0,20619000.0,30000.0,1299000.0,500000.0,-18474000.0,-1.9354635935,-11074000.0,-1.1601885804,-9199000.0,-20273000.0,-2.1239392352,9199000.0,-20273000.0,-2.1239392352,-0.0988,-0.0988,205164000,205164000,https://www.sec.gov/Archives/edgar/data/1093557/000119312510108874/0001193125-10-108874-index.htm,https://www.sec.gov/Archives/edgar/data/1093557/000119312510108874/d10q.htm,0.0465237566044725,-0.0988136320212123,-0.0508714979236123,-0.0555409331071728,0.2433224152385408,0.2277543818603653,0.2277543818603653,0.2277543818603653,0.0349330291864069,500600160.0,495768160.0,-6.173237310708824,52.44632372970141,-47.96398965219891,-43.93156296621325,10.71329552507116,10.71329552507116,51.94009009952855,-26.8359943704666,-47.50102136629299,-43.50751733216323,-0.0404973901726279,-0.0227626775029396,0.1255804994970787,0.0858974734315074,0.2615567825051423,3.728140005054334,-8.525019245573517,0.514822670547033,0.0,0.0,0.0,0.4964903090623363,0.0,-0.0917888282073392,0.1003666841278156,1.916,0.2383446830801466,,-0.3015565216213292,-0.2967620107152267,0.1613843071883956,43181000.0,46727000.0,37422000.0,50061000.0,3645500.0,2386500.0,3246000.0,35.83970665269774,32.13440683535985,56.94873480118304,2.5111812680873453,2.800736309249885,1.5803687353934044,-0.4338605089134761,0.0046694351835604,2010-05-05,-0.06,amc,8484444.44,2025-04-06,2010-03-31,0.1666666666666668,2.374262295081968,1499272.1311475409
2009-12-31,DXCM,USD,1093557,2010-03-09,2010-03-09 17:04:09,2009,Q4,10471000.0,6364000.0,4107000.0,0.3922261484,4172000,0.0,0.0,9397000.0,0.0,13569000.0,19933000.0,31000.0,2098000.0,470000.0,-8992000.0,-0.8587527457,-9462000.0,-0.903638621,-44062000.0,-53524000.0,-5.111641677,-41995000.0,-11529000.0,-1.1010409703,-0.065,-0.065,177388000,177388000,https://www.sec.gov/Archives/edgar/data/1093557/000119312510051468/0001193125-10-051468-index.htm,https://www.sec.gov/Archives/edgar/data/1093557/000119312510051468/d10k.htm,0.0590287956344284,-0.0649931224209078,-0.0517115024691636,-0.0543216001082373,0.1579362752835592,-0.1039811035695763,-0.1039811035695763,-0.1039811035695763,0.2748494824903601,358323760.0,401403760.0,-7.770052910052911,34.22058638143444,-39.06287583124387,-37.185944375259446,-19.42660666847384,-19.42660666847384,38.33480660872887,-44.64009786476869,-43.75926741524038,-41.65667911996679,-0.0321748130796573,-0.0268918812417016,-2.529520195174844,0.993801652892562,-4.790925266903915,1.9642477122792084,-4.510009532888465,0.7956457628588776,0.0,0.0,0.0,0.3984337694585044,0.0,-0.0504742178131472,0.0442173622385636,0.9851063829787234,0.2057110113647216,,-0.070153603747643,-0.2455695663287041,-0.1885076780841996,18124000.0,-18445000.0,-28473000.0,24546000.0,2988500.0,2312000.0,2286500.0,29.997134944131417,36.76932746700189,37.349151477058456,3.0002865329512893,2.447692307692308,2.409693297993184,0.6250474383301707,0.0026100976390736,2010-03-09,-0.07,amc,11228000.0,2025-04-06,2009-12-31,-0.1428571428571429,1.86953125,885131.25
2009-09-30,DXCM,USD,1093557,2009-11-04,2009-11-04 16:05:33,2009,Q3,7259000.0,6394000.0,865000.0,0.1191624191,3496000,0.0,0.0,8948000.0,0.0,12444000.0,18838000.0,93000.0,2037000.0,589000.0,-10897000.0,-1.5011709602,-11579000.0,-1.5951232952,-1944000.0,-13523000.0,-1.8629287781,0.0,-13523000.0,-1.8629287781,-0.0736,-0.0736,183676000,183676000,https://www.sec.gov/Archives/edgar/data/1093557/000119312509223741/0001193125-09-223741-index.htm,https://www.sec.gov/Archives/edgar/data/1093557/000119312509223741/d10q.htm,0.039520677715107,-0.0736242078442474,-0.0533983754001611,-0.0578899801824952,0.2053507262788823,-0.0495492062109366,-0.0495492062109366,-0.0495492062109366,0.2592608724057579,363678480.0,402899480.0,-6.723332100865193,50.100355420856864,-37.07977977161501,-34.202810119439484,-39.96027689264916,-39.96027689264916,55.5034412453506,-36.97343121960173,-41.07865823817292,-37.89142104768175,-0.0371839433556805,-0.0292373637285329,-5.008570486759696,0.844817999851731,-3.599247499311738,2.47368120901055,-5.684339715267551,0.7252828514382903,0.0,0.0,0.0,0.4816090370574459,0.0,-0.0841150081566068,0.1136520181843229,1.400679117147708,0.2934288469486155,,-0.3102542804319284,-0.2506301430795463,-0.1225405061085825,25841000.0,-9101000.0,-19681000.0,32572000.0,2277000.0,1490000.0,1647500.0,30.834825733572117,28.48920863309353,27.194244604316548,2.918777643747487,3.159090909090909,3.3095238095238093,1.4858806724535765,0.0044916047823341,2009-11-04,-0.08,amc,7055448.28,2025-04-06,2009-09-30,-0.1249999999999999,1.75625,1313968.75
2009-06-30,DXCM,USD,1093557,2009-08-03,2009-08-03 16:15:46,2009,Q2,6751000.0,7799000.0,-1048000.0,-0.1552362613,3455000,0.0,0.0,8952000.0,0.0,12407000.0,20206000.0,107000.0,1982000.0,662000.0,-12686000.0,-1.8791290179,-13455000.0,-1.9930380684,-1875000.0,-15330000.0,-2.2707747,7137000.0,-15330000.0,-2.2707747,-0.0836,-0.0836,183328000,183328000,https://www.sec.gov/Archives/edgar/data/1093557/000119312509162218/0001193125-09-162218-index.htm,https://www.sec.gov/Archives/edgar/data/1093557/000119312509162218/d10q.htm,0.0368247076278582,-0.0836206144178739,-0.0601981148542503,-0.0643109617734334,0.2665932099842904,0.0107839500785477,0.0107839500785477,0.0107839500785477,0.2557874410891953,284158400.0,324861400.0,-4.63402478799739,42.09130499185306,-25.748314606741573,-24.101645462256148,143.73211937278705,143.73211937278705,48.12048585394757,-25.607866939933785,-29.436516853932584,-27.553977947413063,-0.0539487834954025,-0.0414909430796344,22.71674253920081,0.6898665151072948,-3.208497556361343,3.255714629451396,-6.788597376387488,0.7198956294846706,0.0,0.0,0.0,0.5117760331802695,0.0,-0.068321855744835,0.1116871574581543,1.1389728096676737,0.3023255813953488,,-0.3965945828997824,-0.2354802537595428,-0.0655559979926688,37499000.0,1977000.0,-9001000.0,43994000.0,1706000.0,1162000.0,1864000.0,27.55591764183084,11.032183613283754,15.728939607642005,3.266086115142719,8.157949790794978,5.721936903888481,-7.754172989377845,0.0041128469191831,2009-08-03,-0.08,amc,7326333.33,2025-04-06,2009-06-30,-0.0,1.2427777777777778,1242393.650793651
2009-03-31,DXCM,USD,1093557,2009-05-06,2009-05-06 16:20:12,2009,Q1,5212000.0,5475000.0,-263000.0,-0.0504604758,3171000,0.0,0.0,7903000.0,0.0,11074000.0,16549000.0,123000.0,1928000.0,652000.0,-10562000.0,-2.0264773599,-11337000.0,-2.1751726784,-1805000.0,-13142000.0,-2.5214888718,0.0,-13142000.0,-2.5214888718,-0.083,-0.083,158276000,158276000,https://www.sec.gov/Archives/edgar/data/1093557/000119312509101578/0001193125-09-101578-index.htm,https://www.sec.gov/Archives/edgar/data/1093557/000119312509101578/d10q.htm,0.0329298187975435,-0.0830321716495236,-0.0592130202936642,-0.0652151937122494,0.3882584851777907,0.0957441431423589,0.0957441431423589,0.0957441431423589,0.2920341681619449,163024280.0,198042280.0,-3.1012075787551363,31.278641596316195,-17.394822876653862,-15.79386552993606,10.757838194536095,10.757838194536095,37.9973676132003,-18.750452565801933,-21.13127187366624,-19.18642511141252,-0.0806137588830326,-0.0633157220507276,2.922924640358981,0.5682652092474277,-3.315470554819163,4.43462025738481,-5.880186721991701,0.713133465225993,0.0,0.0,0.0,0.6084036838066001,0.0,-0.1013657703798548,0.1822716807367613,1.4570552147239264,0.3915963161933998,,-0.1756666718316624,-0.1686039052677494,0.0053782632869165,51509000.0,15154000.0,3714000.0,57912000.0,1231500.0,1245500.0,2405500.0,23.22524942440522,22.48767123287671,38.87671232876712,3.875092936802974,4.00219298245614,2.315010570824524,-0.867229774317012,0.0060021734185852,2009-05-06,-0.08,amc,5309090.91,2025-04-06,2009-03-31,-0.0,0.911311475409836,945232.786885246
2008-12-31,DXCM,USD,1093557,2009-03-05,2009-03-05 16:20:28,2008,Q4,4073000.0,4891000.0,-818000.0,-0.2008347655,4571000,0.0,0.0,7349000.0,0.0,11920000.0,16811000.0,0.0,0.0,902000.0,-11836000.0,-2.9059661183,-12738000.0,-3.1274245028,-42446000.0,-55184000.0,-13.5487355757,-41734000.0,-13450000.0,-3.3022342254,-0.0212,-0.0212,633104000,633104000,https://www.sec.gov/Archives/edgar/data/1093557/000119312509046182/0001193125-09-046182-index.htm,https://www.sec.gov/Archives/edgar/data/1093557/000119312509046182/d10k.htm,0.0064333821931309,-0.0212445348631504,0.0039898658040385,0.0033090929768252,0.0427544289721751,-0.0609899795294296,-0.0609899795294296,-0.0609899795294296,0.100072026081023,436841760.0,487497760.0,-8.11973531598513,107.2530714461085,172.93814726840853,208.51635322195705,-11.313333851293605,-11.313333851293605,119.69009575251656,-41.18771206488678,192.99198733174973,232.69582816229115,-0.0307891809610876,0.0047957869229352,-1.6407945510579338,1.4280304737862326,-4.279824264954376,2.137770072019205,0.0,-0.1878066914498141,0.0,0.0,0.0,1.1222685980849496,0.0,0.1706254948535233,0.1058188067763319,0.4778270509977827,0.0,,-0.0991864026531489,-0.3031600775368525,-0.0850563256589754,17062000.0,-38613000.0,-50921000.0,23167000.0,773500.0,1893000.0,2518000.0,24.704149275718144,20.664485790226948,45.00920057248006,3.643112701252236,4.355298308103294,1.999591169255928,0.348328283220677,0.0006807728272132,2009-03-05,-0.11,bmo,4891000.0,2025-04-06,2008-12-31,-0.0,0.8528125,1015462.5
2008-09-30,DXCM,USD,1093557,2008-11-10,2008-11-10 16:23:41,2008,Q3,1920000.0,3840000.0,-1920000.0,-1.0,5418000,0.0,0.0,6652000.0,0.0,12070000.0,15910000.0,0.0,0.0,848000.0,-13142000.0,-6.8447916667,-13990000.0,-7.2864583333,-698000.0,-14688000.0,-7.65,0.0,-14688000.0,-7.65,-0.12,-0.12,118508000,118508000,https://www.sec.gov/Archives/edgar/data/1093557/000119312508231764/0001193125-08-231764-index.htm,https://www.sec.gov/Archives/edgar/data/1093557/000119312508231764/d10q.htm,0.0162014378776116,-0.123940999763729,-0.098027137408445,-0.1031660309852499,0.2141880716913626,-0.2303051270800283,-0.2303051270800283,-0.2303051270800283,0.539415060586627,183687400.0,242970400.0,-3.126487608932462,95.67052083333331,-15.811948007230782,-15.024325208571897,-6.730201883266772,-6.730201883266772,126.54708333333332,-18.48808400547862,-20.91507273822846,-19.873253721576965,-0.079961935331438,-0.0665587296679031,-2.342175649433921,1.4840394660475915,-4.5109572363415005,3.805289382905328,0.0,0.7909177559912854,0.0,0.0,0.0,2.821875,0.0,-0.0524231729362141,0.3171875,0.7181603773584906,0.0,,-0.372837992697812,-0.3409866511897853,-0.3659520876227765,21957000.0,-27293000.0,-40584000.0,28399000.0,498500.0,1951000.0,2680500.0,20.109375,62.4140625,60.703125,4.475524475524476,1.4419827262485918,1.4826254826254823,0.5381599677573005,0.0051388935768049,2008-11-10,-0.12,bmo,3533720.0,2025-04-06,2008-09-30,-0.0,1.6515625,890393.75
2008-06-30,DXCM,USD,1093557,2008-08-05,2008-08-05 16:09:43,2008,Q2,1982000.0,3393000.0,-1411000.0,-0.7119071645,4797000,0.0,0.0,7247000.0,0.0,12044000.0,15437000.0,0.0,0.0,838000.0,-12617000.0,-6.3657921292,-13455000.0,-6.7885973764,-619000.0,-14074000.0,-7.1009081736,0.0,-14074000.0,-7.1009081736,-0.12,-0.12,117548000,117548000,https://www.sec.gov/Archives/edgar/data/1093557/000119312508166486/0001193125-08-166486-index.htm,https://www.sec.gov/Archives/edgar/data/1093557/000119312508166486/d10q.htm,0.0168611971279817,-0.1197298125021267,-0.101243747235172,-0.1045785551434307,0.3220726852009392,-0.1251233538639534,-0.1251233538639534,-0.1251233538639534,0.5486609725388777,177497480.0,237028480.0,-3.152932357538724,89.55473259334006,-14.914501302411562,-14.438906694866995,-12.06809083491977,-12.06809083491977,119.5905549949546,-18.786437346437346,-19.916685992773715,-19.281581387781664,-0.0792912665576998,-0.0692573212870402,-4.384960565678543,1.1304225895220237,-4.718316557026235,4.98954582413753,0.0,0.8456018189569419,0.0,0.0,0.0,2.4202825428859738,0.0,-0.0329384085370977,0.1977800201816347,0.4677804295942721,0.0,,-0.2652851988406711,-0.2466829088742047,-0.2729991152550447,34346000.0,-14708000.0,-28806000.0,40889000.0,444500.0,2242000.0,2297500.0,25.79212916246216,32.86472148541114,73.50132625994695,3.48943661971831,2.738498789346247,1.2244677011909058,0.9568942072341584,0.0033348079082587,2008-08-05,-0.11,bmo,3110250.0,2025-04-06,2008-06-30,0.0909090909090908,1.7354296875,1080825.0
2008-03-31,DXCM,USD,1093557,2008-05-08,2008-05-08 16:15:48,2008,Q1,1862000.0,3242000.0,-1380000.0,-0.7411385607,4843000,0.0,0.0,6421000.0,0.0,11264000.0,14506000.0,0.0,0.0,994000.0,-11650000.0,-6.2567132116,-12644000.0,-6.7905477981,-328000.0,-12972000.0,-6.9667024705,0.0,-12972000.0,-6.9667024705,-0.11,-0.11,116912000,116912000,https://www.sec.gov/Archives/edgar/data/1093557/000119312508107816/0001193125-08-107816-index.htm,https://www.sec.gov/Archives/edgar/data/1093557/000119312508107816/d10q.htm,0.015926508827152,-0.1109552483919529,-0.1407811003147666,-0.1498477487340906,0.4326673053236622,-0.0247365539893253,-0.0247365539893253,-0.0247365539893253,0.5565125906664842,120419360.0,161530360.0,-2.3207554733271665,64.6720515574651,-7.316322984385444,-6.873643472800959,-41.63878284923928,-41.63878284923928,86.75099892588615,-13.8652669527897,-9.814105352694574,-9.220295678977113,-0.1077235421281096,-0.1454832511981462,-22.497579529737205,0.9434616165424436,-3.5288412017167383,6.6502408299370135,0.0,1.2688097440641382,0.0,0.0,0.0,2.600966702470462,0.0,-0.0644024545841181,0.569280343716434,1.0663983903420524,1.046186895810956,,-0.2002534051314539,-0.1881035932832574,-0.1720717291638155,45750000.0,-2892000.0,-18007000.0,52604000.0,268000.0,2388500.0,1481500.0,15.515574650912995,90.08328192473782,50.63541024059223,5.8006230529595015,0.999075500770416,1.7774122807017545,4.485477178423237,0.0090666484193239,2008-05-08,-0.1,bmo,3094636.36,2025-04-06,2008-03-31,0.0999999999999999,1.8439754098360657,1071540.9836065574
2007-12-31,DXCM,USD,1093557,2008-03-11,2008-03-11 17:12:06,2007,Q4,1528000.0,3655000.0,-2127000.0,-1.3920157068,4397000,0.0,0.0,5653000.0,0.0,10050000.0,13705000.0,0.0,0.0,1143000.0,-11034000.0,-7.2212041885,-12177000.0,-7.9692408377,-33701000.0,-45878000.0,-30.0248691099,-33649000.0,-12229000.0,-8.0032722513,-0.11,-0.11,113252000,113252000,https://www.sec.gov/Archives/edgar/data/1093557/000119312508053011/0001193125-08-053011-index.htm,https://www.sec.gov/Archives/edgar/data/1093557/000119312508053011/d10k.htm,0.0134920354607424,-0.1079804330166354,-0.0632571610214389,-0.086170663652739,0.5679634796736481,0.0628244975806166,0.0628244975806166,0.0628244975806166,0.5510366262847455,250286920.0,289577920.0,-5.116667756971134,163.80034031413612,-34.93675600223339,-25.64677938313352,35.1773605059733,35.1773605059733,189.5143455497382,-26.24414718143919,-40.42126186487995,-29.672909109539912,-0.0488599244419165,-0.0389912505216013,8.771047083626142,0.8077505533335922,-3.560902664491572,7.966260210725701,0.0,0.5858205903998691,0.0,0.0,0.0,2.8776178010471205,0.0,-0.3622278056951424,1.6982984293193717,2.270341207349081,4.0065445026178015,,-0.0462455654724445,-0.1582857660596176,-0.044946226115212,58844000.0,7115000.0,-2853000.0,65493000.0,193000.0,1810000.0,1087000.0,12.663612565445026,37.72366621067032,28.046511627906977,7.106976744186047,2.385770234986945,3.208955223880597,-1.7187631763879128,0.0229135026313001,2008-03-11,-0.1,bmo,1456930.23,2025-04-06,2007-12-31,0.0999999999999999,2.245625,614350.0
2007-09-30,DXCM,USD,1093557,2007-10-30,2007-10-30 16:20:32,2007,Q3,1224000.0,3113000.0,-1889000.0,-1.5433006536,3671000,0.0,0.0,5943000.0,0.0,9614000.0,12727000.0,0.0,0.0,773000.0,-10730000.0,-8.7663398693,-11503000.0,-9.397875817,119000.0,-11384000.0,-9.3006535948,0.0,-11384000.0,-9.3006535948,-0.1,-0.1,113298644,113298644,https://www.sec.gov/Archives/edgar/data/1093557/000110465907078122/0001104659-07-078122-index.htm,https://www.sec.gov/Archives/edgar/data/1093557/000110465907078122/a07-25870_110q.htm,0.0108033067015347,-0.1004778133090454,-0.0883152670388535,-0.0894626770643433,0.655603609871977,0.152905625242964,0.152905625242964,0.152905625242964,0.5538459930729621,295709460.84,343283460.84,-6.493970942550948,241.59269676470583,-29.55321415550669,-29.174177273086027,17.069352392057258,17.069352392057258,280.4603438235294,-31.992866807082944,-34.30776142714371,-33.86774475532754,-0.0384972464785614,-0.0342768877641162,3.6221426922188873,0.7340125630198037,-4.4337371854613234,12.622073030948092,0.0,0.8789529163738581,0.0,0.0,0.0,2.999183006535948,0.0,-0.0129922046771936,0.1062091503267973,0.168175937904269,0.0,,-0.1424396646730314,-0.1331633309548597,0.0596631147677283,70976000.0,17324000.0,8918000.0,76034000.0,148500.0,3027000.0,1144500.0,12.573529411764708,60.36620623193061,29.9229039511725,7.157894736842105,1.4909003831417624,3.0077294685990337,-0.6571230662664511,0.0011474100254898,2007-10-30,-0.1,bmo,1224000.0,2025-04-06,2007-09-30,-0.0,2.243015873015873,1239511.111111111
2007-06-30,DXCM,USD,1093557,2007-07-30,2007-07-30 16:12:49,2007,Q2,863000.0,2906000.0,-2043000.0,-2.3673232908,4028000,0.0,0.0,5469000.0,0.0,9497000.0,12403000.0,0.0,204000.0,790000.0,-10750000.0,-12.4565469293,-11540000.0,-13.3719582851,204000.0,-11336000.0,-13.1355735805,0.0,-11336000.0,-13.1355735805,-0.1,-0.1,113194924,113194924,https://www.sec.gov/Archives/edgar/data/1093557/000110465907057171/0001104659-07-057171-index.htm,https://www.sec.gov/Archives/edgar/data/1093557/000110465907057171/a07-19213_110q.htm,0.0076240167801163,-0.1001458333944373,-0.0673793464448988,-0.070833564939714,0.7438496093694096,0.2356731119851275,0.2356731119851275,0.2356731119851275,0.5591946861504143,232049594.2,269259594.2,-5.117536922194777,268.88713117033603,-30.42475340238626,-28.941081840858068,8.698489117966787,8.698489117966787,312.004164774044,-25.047404111627905,-35.303473738035926,-33.581890022449485,-0.048851626046067,-0.0345529585071776,2.3651085204483264,0.6536409502004621,-3.4613953488372093,11.752249227876998,-56.5686274509804,0.6728122794636556,0.0,0.0,0.0,4.667439165701043,0.0,-0.0512652419037629,0.4530706836616454,0.4949367088607594,0.0,,-0.1275772483555359,-0.1174386441099381,0.133146429781604,80072000.0,26677000.0,17669000.0,85637000.0,162000.0,3492000.0,1355500.0,13.14020857473928,122.82863041982104,38.83688919476944,6.849206349206349,0.7327281896116995,2.317384370015949,-0.4249353375566967,0.0034542184948151,2007-07-30,-0.1,bmo,884575.0,2025-04-06,2007-06-30,-0.0,1.877936507936508,1120615.873015873
2007-03-31,DXCM,USD,1093557,2007-05-09,2007-05-09 16:11:14,2007,Q1,1012000.0,3062000.0,-2050000.0,-2.0256916996,4035000,0.0,0.0,5371000.0,0.0,9406000.0,12468000.0,0.0,0.0,626000.0,-10830000.0,-10.7015810277,-11456000.0,-11.3201581028,527000.0,-10929000.0,-10.7994071146,0.0,-10929000.0,-10.7994071146,-0.0968,-0.0968,112892000,112892000,https://www.sec.gov/Archives/edgar/data/1093557/000110465907037550/0001104659-07-037550-index.htm,https://www.sec.gov/Archives/edgar/data/1093557/000110465907037550/a07-11272_110q.htm,0.0089643198809481,-0.0968093399000814,-0.0744959784572866,-0.077392552173759,0.8253552067462707,0.3224497750062006,0.3224497750062006,0.3224497750062006,0.5619353009956418,222397240.0,230007240.0,-5.087319059383292,219.7601185770751,-26.44438049940547,-25.454645759413985,6.109478600076919,6.109478600076919,227.2798814229249,-21.237972299168977,-27.34925564803805,-26.32565411468467,-0.0491417969035946,-0.0392855594790654,1.742706444700841,0.6015304235689023,-0.7026777469990766,14.786395814096643,0.0,0.7695123067069265,0.0,0.0,0.0,3.987154150197629,0.0,-0.0388822829964328,0.3231225296442688,0.5223642172523961,1.08300395256917,,-0.1142720344731277,-0.1036307260503883,0.2213974418027849,89584000.0,36402000.0,27023000.0,95403000.0,159000.0,1926500.0,1435012.0,17.60869565217391,88.70672762900067,42.82495101241019,5.111111111111111,1.0145791915175613,2.101578586135896,-0.3002307565518378,0.0028965737164723,2007-05-09,-0.1,bmo,1089846.15,2025-04-06,2007-03-31,-0.0,2.086229508196721,1560563.9344262294
2006-12-31,DXCM,USD,1093557,2007-02-27,2007-02-27 17:22:31,2006,Q4,834917.0,3398514.0,-2563597.0,-3.0704812574,3929888,21111000.0,-15847242.0,5263758.0,0.0,9193646.0,12592160.0,0.0,0.0,1071791.0,-10685452.0,-12.7982206615,-11757243.0,-14.0819302997,-34841794.0,-46599000.0,-55.8127334813,-35525648.0,-11073643.0,-13.2631662788,-0.1,-0.1,108942816,108942816,https://www.sec.gov/Archives/edgar/data/1093557/000110465907014481/0001104659-07-014481-index.htm,https://www.sec.gov/Archives/edgar/data/1093557/000110465907014481/a07-5390_110k.htm,0.0076638096081525,-0.1016463811620217,-0.0915378669851897,-0.09622836442928,0.5003406098847307,0.5216339092978834,0.5216339092978834,0.5216339092978834,0.0277760398629681,269088755.52000004,253947689.52000004,-6.074982630377375,322.2940190701591,-26.98336853752154,-25.66810747173457,4.735121616853106,4.735121616853106,304.15920327409793,-23.76574145108696,-25.465070371775365,-24.223816317414155,-0.0411523810372557,-0.0389588519956599,0.0532481484962404,0.0468764949047449,1.4169794595493013,10.969488463431864,0.0,0.9005521489179307,0.0,0.0,25.285148104542127,4.706920568152284,0.0,-0.0512410611976483,0.6120320942081668,0.4767683251678732,7010.159093658412,,-0.0463853911796121,-0.1715444711389507,0.4367491840857134,52127245.0,56828267.0,49631582.0,58244930.0,119610.5,1949834.5,1675067.5,12.935417532521196,22.112605685896835,37.419931181687055,6.9576416666666665,4.070076646706587,2.4051353692506283,-0.1948615290344856,0.0046904974440903,2007-02-27,-0.12,bmo,1027590153.0,2025-04-06,2006-12-31,-0.1666666666666666,2.623333333333333,1709136.507936508
2006-09-30,DXCM,USD,1093557,2006-10-23,2006-10-23 16:05:50,2006,Q3,841020.0,3388675.0,-2547655.0,-3.029244251,4634157,0.0,0.0,7073768.0,0.0,11707925.0,15096600.0,0.0,0.0,599121.0,-13657000.0,-16.2386150151,-14255580.0,-16.9503460084,817809.0,-13437771.0,-15.9779446387,0.0,-13437771.0,-15.9779446387,-0.12,-0.12,112273708,112273708,https://www.sec.gov/Archives/edgar/data/1093557/000110465906067988/0001104659-06-067988-index.htm,https://www.sec.gov/Archives/edgar/data/1093557/000110465906067988/a06-22295_110q.htm,0.0074908009629467,-0.1196876030851319,-0.0781409214702341,-0.0836666853472052,0.5760678270285684,0.5909274680764974,0.5909274680764974,0.5909274680764974,0.0240483729280589,312120908.23999995,291617929.23999995,-5.806783510449761,371.1218618344391,-35.576749642746044,-33.22708421474308,4.704469076465608,4.704469076465608,346.74315621507213,-21.35300060335359,-33.239740709488046,-31.04442297065151,-0.0430530946349395,-0.030095929981009,0.0406959808558871,0.0357444860224894,1.5012798564838543,10.344575235922523,0.0,0.6528739773880653,0.0,0.0,0.0,5.510162659627595,0.0,-0.0707153661999749,0.737673301467266,1.0355136942287118,0.4789909871346698,,-0.2050924151551877,-0.1778985991418199,0.5036329097637,61375600.0,66345618.0,58753138.0,68054080.0,105312.5,2640440.5,2572370.0,12.7581864878362,81.39470737087504,51.44783433052742,7.054294126034843,1.1057229997758322,1.7493447716728674,-0.2025419523562204,0.005525763876971,2006-10-23,-0.1,bmo,700850.0,2025-04-06,2006-09-30,0.1999999999999999,2.9588888888888887,1354323.8095238097
2006-06-30,DXCM,USD,1093557,2006-07-21,2006-07-21 08:00:38,2006,Q2,479078.0,2090544.0,-1611466.0,-3.3636819057,5361419,0.0,0.0,4932359.0,0.0,10293778.0,12384322.0,0.0,0.0,-741471.0,-11905244.0,-24.8503249993,-11905244.0,-24.8503249993,736424.0,-11168820.0,-23.3131556865,741471.0,-11168820.0,-23.3131556865,-0.1,-0.1,108320460,108320460,https://www.sec.gov/Archives/edgar/data/1093557/000110465906048118/0001104659-06-048118-index.htm,https://www.sec.gov/Archives/edgar/data/1093557/000110465906048118/a06-14671_110q.htm,0.0044227840243662,-0.1031090525280265,-0.1256830057774865,-0.1365585319707837,0.6678597838303124,0.720147837259923,0.720147837259923,0.720147837259923,0.0138477993908076,368289564.0,345811692.0,-8.24369906579209,768.7465590154421,-27.052185607491563,-24.897748613227765,4.7212528096128095,4.7212528096128095,721.8275353908966,-29.047005840451487,-25.401105520396182,-23.37816060118105,-0.0303261919200078,-0.040164274109054,0.0192291064061191,0.0177258776684713,1.8880647889283075,15.646918595890703,0.0,1.2189327968397736,0.0,0.0,0.0,11.191119191446903,0.0,-0.0865313979882975,2.4589774525233885,-1.5887903909930394,1.0031226647852751,,-0.158997751090415,-0.1319847580141174,0.6222273012873099,72126495.0,78006745.0,70435542.0,78783698.0,45702.0,3518851.0,2563575.0,17.171233076868486,95.410132482263,138.09162112828048,5.2413242308870505,0.943296038465634,0.6517412082257643,-0.1431776188071941,0.0108755261932971,2006-07-20,-0.11,bmo,490762.0,2025-04-06,2006-06-30,-0.0909090909090908,4.952222222222223,2356006.3492063493
2006-03-31,DXCM,USD,1093557,2006-05-15,2006-05-15 16:09:01,2006,Q1,14775.0,2081220.0,-2066445.0,-139.8609137056,5494085,0.0,0.0,3841440.0,0.0,9335525.0,11416745.0,0.0,0.0,1768471.0,-9633499.0,-652.0134686971,-11401970.0,-771.7069373942,482914000.0,-10919057000.0,-739022.4703891709,482431087.0,-10919057.0,-739.0224703892,-0.11,-0.11,102226412,102226412,https://www.sec.gov/Archives/edgar/data/1093557/000110465906035021/0001104659-06-035021-index.htm,https://www.sec.gov/Archives/edgar/data/1093557/000110465906035021/a06-9580_110q.htm,0.0001445321195465,-0.1068124840378825,-0.1112749120061066,-0.1214745265636438,0.3783199394692635,0.3940452688489155,0.3940452688489155,0.3940452688489155,0.0,518287908.84,498107399.84,-11.86659042168202,35078.70787411168,-45.56283090766916,-41.73714558454103,12.866541996076942,12.866541996076942,33712.85278104907,-51.705761306457816,-43.78875687755023,-40.11203176703317,-0.0210675510922845,-0.0239594726949987,0.0,0.0,2.0948265007345723,5.9074700433732605,0.0,1.0417781498896836,0.0,0.0,0.0,371.8500846023688,0.0,-0.091661403039146,70.56988155668358,0.589588407160762,87226.26057529611,,-0.2938235376264824,-0.2299345074384867,0.3172194041203363,34193568.0,40281834.0,33955376.0,40220026.0,0.0,5414842.0,959760.5,0.0,208.49987026840023,83.00751001816242,0.0,0.4316549448407027,1.0842392451033356,-0.2710665308833753,0.0101996145575372,2006-05-15,-0.12,bmo,16149.0,2025-04-06,2006-03-31,-0.0833333333333333,4.39,1089935.4838709678
2005-12-31,DXCM,USD,1093557,2006-02-27,2006-02-27 16:04:27,2005,Q4,0.0,0.0,0.0,0.0,10945876,0.0,0.0,1658647.0,0.0,12604523.0,12604523.0,0.0,0.0,399639.0,-12204884.0,,-12604523.0,,12604523.0,-30767430000.0,,-18699804.0,-12067626.0,,-0.16,-0.16,75776832,75776832,https://www.sec.gov/Archives/edgar/data/1093557/000110465906012220/0001104659-06-012220-index.htm,https://www.sec.gov/Archives/edgar/data/1093557/000110465906012220/a06-5268_210k.htm,0.0,-0.1592521840976408,-0.087878442846489,-0.1179904301092977,0.6667572484423735,0.6520734859963531,0.6520734859963531,0.6520734859963531,0.0,282647583.36,245400519.36,-5.855492690940206,0.0,-42.44499423499996,-31.61273330849628,5.72021417846893,5.72021417846893,0.0,-20.10674737752526,-36.85162811469933,-27.44683354470184,-0.0426949555221557,-0.0316328230856026,0.0,0.0,3.051816305669107,7.211206491967313,0.0,0.5518193885027594,0.0,0.0,0.0,0.0,0.0,-0.3426549935051771,0.0,5.70963044147343,0.0,,-0.2537021899084913,-0.2127343918930806,0.570234408849396,43938671.0,49412063.0,43698572.0,49402162.0,0.0,3988718.5,0.0,0.0,0.0,0.0,0.0,0.0,0.0,-0.2442242899269354,0.0301119872628087,2006-02-27,-0.07,bmo,,2025-04-06,2005-12-31,0.7142857142857141,3.401746031746032,494819.0476190476
2005-09-30,DXCM,USD,1093557,2005-11-01,2005-11-01 16:10:23,2005,Q3,0.0,0.0,0.0,0.0,5042993,0.0,0.0,1818060.0,0.0,6861053.0,6861053.0,0.0,0.0,-673949.0,-6861053.0,,-6861053.0,,531432.0,-6329621.0,,673949.0,-6329621.0,,-0.0624,-0.0624,101417728,101417728,https://www.sec.gov/Archives/edgar/data/1093557/000110465905051537/0001104659-05-051537-index.htm,https://www.sec.gov/Archives/edgar/data/1093557/000110465905051537/a05-18318_110q.htm,0.0,-0.0624113863012194,-0.0551876886849604,-0.0692317027650234,0.5862318272403026,0.6026242374508725,0.6026242374508725,0.6026242374508725,0.0,295125588.48,253006295.48,-11.656526847342043,0.0,-52.72915154341336,-42.03276654738239,4.828879788024177,4.828879788024177,0.0,-36.87572381090774,-45.20383123846483,-36.03399694245614,-0.0214472117873606,-0.0237909631494926,0.0,0.0,6.138896318101609,20.71747310225357,0.0,0.8842567351188958,0.0,0.0,0.0,0.0,0.0,-0.2544773012733584,0.0,-2.1133824666258128,0.0,,-0.1237245155022976,-0.0984734533977592,0.5550671180486315,57548324.0,61116781.0,57306316.0,61108789.0,0.0,2052628.5,0.0,0.0,0.0,0.0,0.0,0.0,0.0,-0.1035660075094596,0.014044014080063,2005-11-01,-0.07,bmo,,2025-04-06,2005-09-30,-0.1428571428571429,2.92140625,179575.0
2005-06-30,DXCM,USD,1093557,2005-08-02,2005-08-02 16:04:37,2005,Q2,0.0,0.0,0.0,0.0,4978718,0.0,0.0,1863508.0,0.0,6842226.0,6842226.0,0.0,0.0,610588.0,-6231638.0,,-6842226.0,,442736.0,-6399490.0,,-15242.0,-6384248.0,,-0.0721,-0.0721,88560596,88560596,https://www.sec.gov/Archives/edgar/data/1093557/000110465905035678/0001104659-05-035678-index.htm,https://www.sec.gov/Archives/edgar/data/1093557/000110465905035678/a05-13052_110q.htm,0.0,-0.0720890360764961,-0.0586014010113482,-0.0670270105228289,0.7518520313481178,0.757234820325735,0.757234820325735,0.757234820325735,0.0,274537847.6,223047399.6,-10.750594572767223,0.0,-52.89975916104263,-46.25001138823225,4.093842381239802,4.093842381239802,0.0,-35.792740143121286,-42.97824079078573,-37.57567439898436,-0.0232545277666116,-0.0216216162976867,0.0,0.0,8.26274696957686,23.476708056670805,0.0,0.812903101508588,0.0,0.0,0.0,0.0,0.0,-0.143778294820103,0.0,1.2220629950146416,0.0,,-0.1015641926922592,-0.0911038505164898,0.7178026670010216,64475943.0,67061167.0,64329078.0,66958032.0,0.0,1669430.0,0.0,0.0,0.0,0.0,0.0,0.0,0.0,-0.0952003713266725,0.0084256095114807,2005-08-02,,amc,,2025-04-06,2005-06-30,,3.144909090909091,445294.5454545455
2005-03-31,DXCM,USD,1093557,2005-05-04,2005-05-04 06:01:03,2005,Q1,0.0,0.0,0.0,0.0,5435077,0.0,0.0,686595.0,0.0,6121672.0,6121672.0,0.0,0.0,728729.0,-5392943.0,,-6121672.0,,28747.0,-6092925.0,,-106990.0,-5985935.0,,-0.58,-0.58,10310576,10310576,https://www.sec.gov/Archives/edgar/data/1093557/000110465905020107/0001104659-05-020107-index.htm,https://www.sec.gov/Archives/edgar/data/1093557/000110465905020107/a05-8566_110q.htm,0.0,-0.580562618422094,-0.4953990931253501,-0.5171559765429206,2.109652942764788,-5.300116113784526,-5.300116113784526,-5.300116113784526,0.0,30313093.44,25668942.44,-1.2660133061919314,0.0,-5.934609168241041,-5.684938651687416,-0.5547048285137861,-0.5547048285137861,0.0,-4.759728118765579,-5.025390808265708,-4.813971339280624,-0.1974702783748619,-0.1759033933819458,0.0,0.0,0.8611533628299056,7.83141072910028,0.0,0.8533086309824613,0.0,0.0,0.0,0.0,0.0,-0.0439178910892058,0.0,0.307831855188966,0.0,,-0.2665019259003791,-0.2359938997319394,-5.650537855499053,19112108.0,-54647250.0,-58102248.0,21040720.0,,,,0.0,0.0,0.0,0.0,0.0,0.0,0.1095377169024973,0.0217568834175704,2005-08-02,-0.06,bmo,,2025-04-06,2005-03-31,0.1666666666666668,,
