date,symbol,reportedCurrency,cik,fillingDate,acceptedDate,calendarYear,period,revenue,costOfRevenue,grossProfit,grossProfitRatio,researchAndDevelopmentExpenses,generalAndAdministrativeExpenses,sellingAndMarketingExpenses,sellingGeneralAndAdministrativeExpenses,otherExpenses,operatingExpenses,costAndExpenses,interestIncome,interestExpense,depreciationAndAmortization,ebitda,ebitdaratio,operatingIncome,operatingIncomeRatio,totalOtherIncomeExpensesNet,incomeBeforeTax,incomeBeforeTaxRatio,incomeTaxExpense,netIncome,netIncomeRatio,eps,epsdiluted,weightedAverageShsOut,weightedAverageShsOutDil,link,finalLink,revenuePerShare,netIncomePerShare,operatingCashFlowPerShare,freeCashFlowPerShare,cashPerShare,bookValuePerShare,tangibleBookValuePerShare,shareholdersEquityPerShare,interestDebtPerShare,marketCap,enterpriseValue,peRatio,priceToSalesRatio,pocfratio,pfcfRatio,pbRatio,ptbRatio,evToSales,enterpriseValueOverEBITDA,evToOperatingCashFlow,evToFreeCashFlow,earningsYield,freeCashFlowYield,debtToEquity,debtToAssets,netDebtToEBITDA,currentRatio,interestCoverage,incomeQuality,dividendYield,payoutRatio,salesGeneralAndAdministrativeToRevenue,researchAndDdevelopementToRevenue,intangiblesToTotalAssets,capexToOperatingCashFlow,capexToRevenue,capexToDepreciation,stockBasedCompensationToRevenue,grahamNumber,roic,returnOnTangibleAssets,grahamNetNet,workingCapital,tangibleAssetValue,netCurrentAssetValue,investedCapital,averageReceivables,averagePayables,averageInventory,daysSalesOutstanding,daysPayablesOutstanding,daysOfInventoryOnHand,receivablesTurnover,payablesTurnover,inventoryTurnover,roe,capexPerShare,report_date,epsEstimated,time,revenueEstimated,updatedFromDate,fiscalDateEnding,surprise(%),QuarterAvgPrice,QuarterAvgVolume
2024-12-31,EA,USD,712515,2025-02-05,2025-02-05 16:22:02,2025,Q3,1883000000.0,456000000.0,1427000000.0,0.7578332448,606000000,176000000.0,251000000.0,427000000.0,17000000.0,1050000000.0,1489000000.0,43000000.0,15000000.0,77000000.0,497000000.0,0.2639405204,377000000.0,0.200212427,28000000.0,405000000.0,0.2150823155,112000000.0,293000000.0,0.1556027616,1.12,1.11,262000000,265000000,https://www.sec.gov/Archives/edgar/data/712515/000071251525000015/0000712515-25-000015-index.htm,https://www.sec.gov/Archives/edgar/data/712515/000071251525000015/ea-20241231.htm,7.187022900763359,1.118320610687023,4.488549618320611,4.297709923664122,12.041984732824428,28.290076335877863,6.549618320610687,28.290076335877863,7.4961832061068705,38330600000.0,37503600000.0,32.70529010238908,20.35613382899628,32.59404761904762,34.04138543516874,5.171424716675661,5.171424716675661,19.916941051513543,75.4599597585513,31.89081632653061,33.3069271758437,0.0076440233129666,0.0293760076805476,0.2629519697787372,0.1448962902386439,-1.663983903420523,1.3762886597938144,25.133333333333333,4.013651877133106,0.0013044408383902,0.1706484641638225,0.0934678704195432,0.3218268720127456,0.4234629395583971,0.042517006802721,0.0265533722782793,0.6666666666666666,0.0865639936271906,26.680347589513,0.0261925679320602,0.0377820760799484,-8.883587786259541,1168000000.0,1716000000.0,-1767000000.0,7430000000.0,877000000.0,126000000.0,0.0,35.46468401486989,15.986842105263158,0.0,2.537735849056604,5.62962962962963,0.0,0.0395304910955207,0.1908396946564885,2025-02-04,3.41,amc,2317663837.0,2025-05-03,2024-12-31,-0.1700879765395894,,
2024-09-30,EA,USD,712515,2024-11-01,2024-11-01 16:07:26,2025,Q2,2025000000.0,456000000.0,1569000000.0,0.7748148148,650000000,197000000.0,272000000.0,469000000.0,0.0,1117000000.0,1566000000.0,0.0,14000000.0,122000000.0,535000000.0,0.2641975309,384000000.0,0.1896296296,15000000.0,399000000.0,0.197037037,105000000.0,294000000.0,0.1451851852,1.11,1.11,264000000,266000000,https://www.sec.gov/Archives/edgar/data/712515/000071251524000048/0000712515-24-000048-index.htm,https://www.sec.gov/Archives/edgar/data/712515/000071251524000048/ea-20240930.htm,7.670454545454546,1.1136363636363635,0.8863636363636364,0.696969696969697,9.708333333333334,28.060606060606062,6.367424242424242,28.060606060606062,7.446969696969697,37868160000.0,37623160000.0,32.200816326530614,18.700325925925927,161.8297435897436,205.80521739130435,5.111792656587473,5.111792656587473,18.57933827160494,70.32366355140186,160.78273504273506,204.47369565217392,0.0077637783298686,0.0048589633084892,0.2634989200863931,0.148599269183922,-0.4579439252336448,1.42518837459634,27.428571428571427,0.7959183673469388,0.0013467778735486,0.173469387755102,0.0972839506172839,0.3209876543209876,0.4359774665042631,0.2136752136752136,0.0246913580246913,0.4098360655737705,0.0859259259259259,26.51621210000085,0.0271594709561386,0.0396814684842758,-9.113636363636363,1185000000.0,1681000000.0,-1756000000.0,7490000000.0,722500000.0,125500000.0,0.0,44.977777777777774,33.75,0.0,2.0009881422924902,2.6666666666666665,0.0,0.0396868250539956,0.1893939393939394,2024-10-29,2.03,amc,2043032397.0,2025-04-25,2024-09-30,0.0591133004926109,145.30392857142857,3258739.964285714
2024-06-30,EA,USD,712515,2024-08-02,2024-08-02 17:28:04,2025,Q1,1653000000.0,280000000.0,1373000000.0,0.8306110103,627000000,180000000.0,205000000.0,377000000.0,19000000.0,1004000000.0,1284000000.0,0.0,30000000.0,80000000.0,446000000.0,0.2698124622,369000000.0,0.22323049,30000000.0,394000000.0,0.238354507,114000000.0,280000000.0,0.1693889897,1.05,1.04,266000000,268000000,https://www.sec.gov/Archives/edgar/data/712515/000071251524000039/0000712515-24-000039-index.htm,https://www.sec.gov/Archives/edgar/data/712515/000071251524000039/ea-20240630.htm,6.214285714285714,1.0526315789473684,0.4511278195488721,0.1992481203007518,10.398496240601505,27.81954887218045,6.195488721804511,27.81954887218045,8.180451127819548,36527120000.0,36273120000.0,32.6135,22.09747126436781,304.3926666666667,689.1909433962264,4.936097297297297,4.936097297297297,21.943811252268603,81.32986547085201,302.276,684.3984905660377,0.0076655372775077,0.0014509766989568,0.29,0.1688700031476235,-0.5695067264573991,1.4534035656401945,12.3,0.4285714285714285,0.0013688459424121,0.1785714285714285,0.1088929219600726,0.3793103448275862,0.4526282656594271,0.5583333333333333,0.0405323653962492,0.8375,0.0865093768905021,25.66873686482942,0.0254324025349695,0.0402530189764232,-8.335526315789474,1119000000.0,1648000000.0,-1721000000.0,7429000000.0,499000000.0,95000000.0,0.0,23.57531760435571,25.714285714285715,0.0,3.817551963048498,3.5,0.0,0.0378378378378378,0.2518796992481203,2024-07-30,0.4154,amc,1215106243.0,2025-04-25,2024-06-30,0.2518054886856043,135.03016666666667,4153741.5833333335
2024-03-31,EA,USD,712515,2024-05-22,2024-05-22 16:12:19,2024,Q4,1779000000.0,400000000.0,1379000000.0,0.7751545812,638000000,185000000.0,234000000.0,419000000.0,-28000000.0,1057000000.0,1457000000.0,37000000.0,26000000.0,149000000.0,424000000.0,0.2383361439,322000000.0,0.1810005621,26000000.0,260000000.0,0.1461495222,78000000.0,182000000.0,0.1023046655,0.68,0.67,267000000,270000000,https://www.sec.gov/Archives/edgar/data/712515/000071251524000023/0000712515-24-000023-index.htm,https://www.sec.gov/Archives/edgar/data/712515/000071251524000023/ea-20240331.htm,6.662921348314606,0.6816479400749064,2.1722846441947565,1.9812734082397003,12.217228464419476,28.138576779026216,6.49438202247191,28.138576779026216,7.146067415730337,35601780000.0,34583780000.0,48.903543956043954,20.01224283305228,61.38237931034483,67.30015122873345,4.738690270198323,4.738690270198323,19.440011242270938,81.56551886792452,59.627206896551726,65.37576559546314,0.0051121039453645,0.0148588076214166,0.2504991348329562,0.1402384500745156,-2.400943396226415,1.3744336569579287,12.384615384615383,3.1868131868131866,0.0014325126440307,0.2802197802197802,0.103991006183249,0.3586284429454749,0.4306259314456035,0.0879310344827586,0.0286677908937605,0.3422818791946309,0.0831928049465992,20.774108048395565,0.0216814159292035,0.0238188718754089,-8.319288389513108,1157000000.0,1734000000.0,-1660000000.0,7514000000.0,716000000.0,86000000.0,0.0,28.583473861720066,24.750000000000004,0.0,3.148672566371681,3.636363636363636,0.0,0.0242246772261413,0.1910112359550561,2024-05-07,1.52,amc,1777258749.0,2025-04-25,2024-03-31,-0.0986842105263157,153.90578125,1859162.015625
2023-12-31,EA,USD,712515,2024-02-06,2024-02-06 16:14:15,2024,Q3,1945000000.0,529000000.0,1416000000.0,0.7280205656,584000000,170000000.0,276000000.0,446000000.0,0.0,1030000000.0,1559000000.0,32000000.0,17000000.0,82000000.0,447000000.0,0.2298200514,365000000.0,0.1876606684,17000000.0,382000000.0,0.1964010283,92000000.0,290000000.0,0.1491002571,1.08,1.07,269000000,271000000,https://www.sec.gov/Archives/edgar/data/712515/000071251524000007/0000712515-24-000007-index.htm,https://www.sec.gov/Archives/edgar/data/712515/000071251524000007/ea-20231231.htm,7.230483271375465,1.0780669144981412,4.698884758364312,4.505576208178439,11.53903345724907,28.00371747211896,6.133828996282528,28.00371747211896,7.319702602230484,36801890000.0,36011890000.0,31.725767241379312,18.921280205655528,29.11541930379747,30.36459570957096,4.885422806318863,4.885422806318863,18.51511053984576,80.56351230425057,28.49041930379747,29.712780528052804,0.0078800300745423,0.0329330912080874,0.2591265100225673,0.1433502239847249,-1.767337807606264,1.3259146341463417,21.47058823529412,4.358620689655172,0.0013857983924195,0.1758620689655172,0.0874035989717223,0.3002570694087403,0.4320334875523243,0.0411392405063291,0.0267352185089974,0.6341463414634146,0.0776349614395886,26.06285343198269,0.0266231976208393,0.0374967675200413,-8.660780669144982,1069000000.0,1650000000.0,-1735000000.0,7513000000.0,957000000.0,107000000.0,0.0,40.11825192802056,10.54820415879017,0.0,2.243367935409458,8.53225806451613,0.0,0.0384972786406478,0.1933085501858736,2024-01-30,2.93,amc,2397487597.0,2025-04-25,2023-12-31,0.0102389078498292,145.0003125,2067664.9375
2023-09-30,EA,USD,712515,2023-11-07,2023-11-07 16:13:44,2024,Q2,1914000000.0,456000000.0,1458000000.0,0.7617554859,602000000,173000000.0,280000000.0,453000000.0,28000000.0,1055000000.0,1511000000.0,14000000.0,14000000.0,85000000.0,493000000.0,0.2575757576,377000000.0,0.196969697,14000000.0,391000000.0,0.2042842215,-8000000.0,399000000.0,0.2084639498,1.47,1.47,271000000,272000000,https://www.sec.gov/Archives/edgar/data/712515/000071251523000048/0000712515-23-000048-index.htm,https://www.sec.gov/Archives/edgar/data/712515/000071251523000048/ea-20230930.htm,7.062730627306273,1.4723247232472323,0.4132841328413284,0.2250922509225092,8.505535055350553,27.9520295202952,6.121771217712177,27.9520295202952,6.992619926199262,32628400000.0,32563400000.0,20.443859649122807,17.04723092998955,291.325,534.8918032786885,4.307379537953795,4.307379537953795,17.013270637408567,66.05152129817444,290.7446428571429,533.8262295081968,0.0122286106581996,0.0018695369677949,0.2483168316831683,0.1431615800289215,-0.1318458417849898,1.3787661406025824,26.928571428571427,0.2807017543859649,0.0015630554976646,0.1278195488721804,0.0903866248693835,0.3145245559038662,0.4502625770606591,0.4553571428571428,0.0266457680250783,0.6,0.0809822361546499,30.429844608090093,0.0369171437469736,0.0552402049010106,-9.128228782287822,1056000000.0,1659000000.0,-1720000000.0,7514000000.0,782000000.0,113500000.0,0.0,49.23197492163009,30.0,0.0,1.828080229226361,3.0,0.0,0.0526732673267326,0.1881918819188192,2023-11-01,1.25,amc,1772870000.0,2025-04-25,2023-09-30,0.1679999999999999,131.7473015873016,2186009.4285714286
2023-06-30,EA,USD,712515,2023-08-08,2023-08-08 16:08:56,2024,Q1,1924000000.0,368000000.0,1556000000.0,0.8087318087,596000000,163000000.0,229000000.0,392000000.0,0.0,1013000000.0,1381000000.0,15000000.0,14000000.0,88000000.0,631000000.0,0.327962578,542000000.0,0.2817047817,14000000.0,556000000.0,0.288981289,154000000.0,402000000.0,0.2089397089,1.48,1.47,272000000,274000000,https://www.sec.gov/Archives/edgar/data/712515/000071251523000037/0000712515-23-000037-index.htm,https://www.sec.gov/Archives/edgar/data/712515/000071251523000037/ea-20230630.htm,7.073529411764706,1.4779411764705883,1.3198529411764706,1.1544117647058822,9.566176470588236,26.96323529411765,5.0588235294117645,26.96323529411765,6.963235294117647,35278400000.0,34899400000.0,21.93930348258706,18.335966735966736,98.26852367688022,112.3515923566879,4.81025361330788,4.81025361330788,18.138981288981288,55.3080824088748,97.21281337047354,111.14458598726117,0.0113950746065581,0.0089006304140777,0.2563403326970275,0.1436979286096461,-0.6006339144215531,1.2764285714285717,38.71428571428572,0.8930348258706468,0.001473989750102,0.1293532338308457,0.0847193347193347,0.3097713097713098,0.4554001375831231,0.1253481894150417,0.0233887733887733,0.5113636363636364,0.0675675675675675,29.94372560438888,0.0378589216347914,0.0564210526315789,-10.144301470588236,774000000.0,1376000000.0,-2175000000.0,7277000000.0,600500000.0,87000000.0,0.0,24.183991683991685,18.342391304347824,0.0,3.72147001934236,4.906666666666666,0.0,0.054813198800109,0.1654411764705882,2023-08-01,1.02,amc,1588920000.0,2025-04-25,2023-06-30,0.1176470588235293,137.25377049180327,2081527.524590164
2023-03-31,EA,USD,712515,2023-05-24,2023-05-24 16:19:51,2023,Q4,1874000000.0,448000000.0,1426000000.0,0.7609391676,635000000,224000000.0,255000000.0,479000000.0,26000000.0,1140000000.0,1588000000.0,35000000.0,6000000.0,109000000.0,305000000.0,0.1627534685,397000000.0,0.211846318,6000000.0,181000000.0,0.0965848453,193000000.0,-12000000.0,-0.0064034152,-0.0438,-0.0438,274000000,274000000,https://www.sec.gov/Archives/edgar/data/712515/000071251523000028/0000712515-23-000028-index.htm,https://www.sec.gov/Archives/edgar/data/712515/000071251523000028/ea-20230331.htm,6.839416058394161,-0.0437956204379562,2.2518248175182483,2.08029197080292,10.0985401459854,26.616788321167885,4.726277372262774,26.616788321167885,6.883211678832117,33003300000.0,32459300000.0,-687.56875,17.611152614727853,53.48995137763371,57.90052631578947,4.525339366515837,4.525339366515837,17.32086446104589,106.42393442622952,52.608265802269045,56.9461403508772,-0.000363600003636,0.01727100017271,0.2577814342520225,0.1396834831711122,-1.7836065573770492,1.2082191780821918,66.16666666666667,-51.41666666666666,0.001575600015756,-4.333333333333333,0.119530416221985,0.3388473852721451,0.4456497510959209,0.0761750405186385,0.0250800426894343,0.2716763005780346,0.0757737459978655,,-0.0025703556629834,-0.0016083634901487,-10.532846715328468,684000000.0,1295000000.0,-2197000000.0,7231000000.0,760000000.0,80500000.0,0.0,32.84951974386339,19.888392857142858,0.0,2.739766081871345,4.525252525252525,0.0,-0.0016454134101192,0.1715328467153284,2023-05-09,1.31,amc,1758340000.0,2025-04-25,2023-03-31,0.3511450381679389,132.1563492063492,1864808.0634920637
2022-12-31,EA,USD,712515,2023-02-07,2023-02-07 16:06:17,2023,Q3,1881000000.0,568000000.0,1313000000.0,0.6980329612,556000000,162000000.0,256000000.0,418000000.0,50000000.0,1024000000.0,1592000000.0,7000000.0,7000000.0,100000000.0,411000000.0,0.2185007974,289000000.0,0.15364168,-7000000.0,282000000.0,0.1499202552,78000000.0,204000000.0,0.1084529506,0.74,0.73,276000000,278000000,https://www.sec.gov/Archives/edgar/data/712515/000071251523000008/0000712515-23-000008-index.htm,https://www.sec.gov/Archives/edgar/data/712515/000071251523000008/ea-20221231.htm,6.815217391304348,0.7391304347826086,4.068840579710145,3.894927536231884,9.25,27.35869565217391,5.202898550724638,27.35869565217391,7.0978260869565215,33721680000.0,33471680000.0,41.32558823529412,17.927527910685804,30.02821015138024,31.36900465116279,4.465856177989671,4.465856177989671,17.794619883040937,81.43961070559611,29.80559216384684,31.136446511627906,0.0060495206644508,0.0318786015406112,0.2585088067805589,0.1449146250927988,-0.6082725060827251,1.234179248313524,41.285714285714285,5.504901960784314,0.0015420346791737,0.2549019607843137,0.0861244019138756,0.2955874534821903,0.4539717891610987,0.0427426536064114,0.0255183413078149,0.3934426229508196,0.0749601275917065,21.330424369447467,0.020044470737031,0.0277362338545207,-9.923913043478262,729000000.0,1436000000.0,-2077000000.0,7397000000.0,877500000.0,99000000.0,0.0,40.0,9.823943661971832,0.0,2.25,9.161290322580646,0.0,0.0270162892332141,0.1739130434782608,2023-01-31,3.05,amc,2476780887.0,2025-04-25,2022-12-31,-0.1114754098360655,125.86111111111111,2213859.793650794
2022-09-30,EA,USD,712515,2022-11-08,2022-11-08 16:07:11,2023,Q2,1904000000.0,462000000.0,1442000000.0,0.7573529412,565000000,174000000.0,233000000.0,407000000.0,43000000.0,1015000000.0,1477000000.0,14000000.0,14000000.0,109000000.0,554000000.0,0.2909663866,427000000.0,0.2242647059,0.0,427000000.0,0.2242647059,128000000.0,299000000.0,0.1570378151,1.08,1.07,278000000,279000000,https://www.sec.gov/Archives/edgar/data/712515/000071251522000068/0000712515-22-000068-index.htm,https://www.sec.gov/Archives/edgar/data/712515/000071251522000068/ea-20220930.htm,6.848920863309353,1.0755395683453235,-0.4028776978417266,-0.5935251798561151,6.741007194244604,28.05035971223021,5.798561151079137,28.05035971223021,7.086330935251799,32167380000.0,32584380000.0,26.895802675585283,16.894632352941176,-287.20875,-194.95381818181812,4.12508078994614,4.12508078994614,17.113644957983194,58.81657039711191,-290.9319642857143,-197.4810909090909,0.0092951306572061,-0.0051294199278896,0.2508335470633496,0.1495527180977139,0.7527075812274369,1.3440062475595471,30.5,-0.3745819397993311,0.0016476318556251,0.177257525083612,0.0913865546218487,0.2967436974789916,0.4729719397507455,-0.4732142857142857,0.0278361344537815,0.4173228346456692,0.0735294117647058,26.053955841263736,0.0282208588957055,0.0433773393297548,-9.776079136690647,881000000.0,1612000000.0,-1839000000.0,7598000000.0,749000000.0,103000000.0,0.0,43.44012605042017,26.49350649350649,0.0,2.071817192600653,3.397058823529412,0.0,0.0383431649140805,0.1906474820143885,2022-11-01,1.35,amc,1808662829.0,2025-04-25,2022-09-30,-0.0518518518518518,126.6867741935484,2068892.8064516129
2022-06-30,EA,USD,712515,2022-08-09,2022-08-09 16:14:26,2023,Q1,1767000000.0,314000000.0,1453000000.0,0.8222976797,572000000,167000000.0,234000000.0,401000000.0,39000000.0,1012000000.0,1326000000.0,0.0,0.0,114000000.0,555000000.0,0.3140916808,441000000.0,0.2495755518,-5000000.0,436000000.0,0.246745897,125000000.0,311000000.0,0.1760045274,1.11,1.11,279000000,281000000,https://www.sec.gov/Archives/edgar/data/712515/000071251522000036/0000712515-22-000036-index.htm,https://www.sec.gov/Archives/edgar/data/712515/000071251522000036/ea-20220630.htm,6.333333333333333,1.114695340501792,-0.2795698924731182,-0.4910394265232975,8.659498207885305,27.387096774193548,4.896057347670251,27.387096774193548,7.03584229390681,33940350000.0,33821350000.0,27.28323954983923,19.207894736842107,-435.1326923076924,-247.7397810218978,4.441872791519435,4.441872791519435,19.14054895302773,60.939369369369366,-433.60705128205126,-246.87116788321168,0.0091631347349099,-0.0040364934362786,0.2569035466561968,0.1488023044269254,-0.2144144144144144,1.241440169431698,0.0,-0.2508038585209003,0.0015615631541807,0.1704180064308681,0.0945104697226938,0.3237125070741369,0.4756670709520921,-0.7564102564102564,0.0333899264289756,0.5175438596491229,0.0707413695529145,26.208511140304537,0.0301193521410827,0.0449616885933208,-9.68010752688172,684000000.0,1366000000.0,-2034000000.0,7504000000.0,614500000.0,85500000.0,0.0,29.49066213921902,20.063694267515924,0.0,3.051813471502591,4.485714285714286,0.0,0.040701478864023,0.2114695340501792,2022-08-02,0.29,amc,1259049377.0,2025-04-25,2022-06-30,0.103448275862069,117.43467741935484,2542691.693548387
2022-03-31,EA,USD,712515,2022-05-25,2022-05-25 16:15:24,2022,Q4,1825000000.0,419000000.0,1406000000.0,0.7704109589,579000000,165000000.0,245000000.0,410000000.0,52000000.0,1041000000.0,1460000000.0,4000000.0,17000000.0,141000000.0,500000000.0,0.2739726027,365000000.0,0.2,-9000000.0,356000000.0,0.1950684932,131000000.0,225000000.0,0.1232876712,0.8,0.8,281000000,283000000,https://www.sec.gov/Archives/edgar/data/712515/000071251522000011/0000712515-22-000011-index.htm,https://www.sec.gov/Archives/edgar/data/712515/000071251522000011/ea-20220331.htm,6.494661921708185,0.800711743772242,1.5800711743772242,1.3914590747330962,10.896797153024911,27.13523131672597,4.540925266903915,27.13523131672597,7.032028469750889,35549310000.0,34776310000.0,39.499233333333336,19.47907397260274,80.06601351351351,90.9189514066496,4.662204590163935,4.662204590163935,19.05551232876712,69.55262,78.32502252252252,88.94196930946292,0.0063292367699963,0.0109988070091937,0.2569180327868852,0.1419565217391304,-1.546,1.1816111585539426,21.47058823529412,1.9733333333333336,0.0013502371775992,0.2133333333333333,0.0904109589041095,0.3172602739726027,0.4600724637681159,0.1193693693693693,0.0290410958904109,0.375886524822695,0.0684931506849315,22.11037570166489,0.0222500195068664,0.0301972889545027,-9.34341637010676,638000000.0,1276000000.0,-2024000000.0,7537000000.0,807500000.0,93500000.0,0.0,32.05479452054795,21.6945107398568,0.0,2.8076923076923075,4.148514851485149,0.0,0.0295081967213114,0.1886120996441281,2022-05-10,1.45,amc,1770897988.0,2025-04-25,2022-03-31,-0.1862068965517241,125.59365079365078,1841932.4285714289
2021-12-31,EA,USD,712515,2022-02-08,2022-02-08 16:06:54,2022,Q3,1789000000.0,631000000.0,1158000000.0,0.6472889883,539000000,163000000.0,293000000.0,456000000.0,3000000.0,1056000000.0,1687000000.0,0.0,13000000.0,146000000.0,251000000.0,0.1403018446,102000000.0,0.0570150922,-11000000.0,91000000.0,0.0508664058,25000000.0,66000000.0,0.0368921185,0.23,0.23,283000000,285000000,https://www.sec.gov/Archives/edgar/data/712515/000071251522000003/0000712515-22-000003-index.htm,https://www.sec.gov/Archives/edgar/data/712515/000071251522000003/ea-20211231.htm,6.321554770318021,0.2332155477031802,5.420494699646643,5.250883392226148,10.657243816254416,26.915194346289752,4.15547703180212,26.915194346289752,6.681978798586573,37327700000.0,36535700000.0,141.39280303030304,20.86512017887088,24.333572359843547,25.11958277254374,4.900577655244847,4.900577655244847,20.4224147568474,145.5605577689243,23.81727509778357,24.586608344549123,0.0017681239401302,0.0398095784095993,0.2465537613233556,0.1348169418521177,-3.1553784860557768,1.2005509641873278,7.846153846153846,23.24242424242424,0.0012859083200947,0.7272727272727273,0.0911123532699832,0.3012856344326439,0.4623833452979181,0.0312907431551499,0.0268306316377864,0.3287671232876712,0.0721073225265511,11.88416763167151,0.0071221740616175,0.0088129256242488,-9.092756183745584,728000000.0,1176000000.0,-1955000000.0,7691000000.0,998000000.0,111000000.0,0.0,48.5466741196199,12.266244057052296,0.0,1.8538860103626944,7.337209302325581,0.0,0.0086648286727057,0.1696113074204947,2022-02-01,3.22,amc,2657860605.0,2025-04-25,2021-12-31,-0.015527950310559,126.49015625,1845197.1875
2021-09-30,EA,USD,712515,2021-11-09,2021-11-09 16:11:14,2022,Q2,1826000000.0,494000000.0,1332000000.0,0.7294633078,553000000,176000000.0,233000000.0,409000000.0,1000000.0,992000000.0,1486000000.0,0.0,14000000.0,94000000.0,434000000.0,0.2376779847,340000000.0,0.1861993428,-14000000.0,326000000.0,0.1785323111,32000000.0,294000000.0,0.161007667,1.03,1.02,285000000,287000000,https://www.sec.gov/Archives/edgar/data/712515/000071251521000148/0000712515-21-000148-index.htm,https://www.sec.gov/Archives/edgar/data/712515/000071251521000148/ea-20210930.htm,6.4070175438596495,1.0315789473684212,0.2245614035087719,0.0736842105263157,6.919298245614035,27.564912280701755,4.621052631578947,27.564912280701755,6.635087719298245,40541250000.0,40788250000.0,34.473852040816325,22.20221796276013,633.45703125,1930.5357142857144,5.160546079429735,5.160546079429735,22.337486308871853,93.98214285714286,637.31640625,1942.297619047619,0.0072518730922208,0.0005179909351586,0.2389256619144603,0.1441738996850756,0.5691244239631337,1.3154831199068684,24.285714285714285,0.2176870748299319,0.0011839792803625,0.1632653061224489,0.0963855421686747,0.3028477546549836,0.502265919041401,0.671875,0.0235487404162102,0.4574468085106383,0.0815991237677984,25.29419146530793,0.0291746685890738,0.0453703703703703,-8.483333333333333,813000000.0,1317000000.0,-1773000000.0,7868000000.0,794000000.0,104500000.0,0.0,50.815991237677984,24.777327935222672,0.0,1.7710960232783706,3.632352941176471,0.0,0.0374236252545824,0.1508771929824561,2021-11-03,1.17,amc,1742270000.0,2025-04-25,2021-09-30,0.4273504273504274,127.51129032258063,2778444.9032258065
2021-06-30,EA,USD,712515,2021-08-10,2021-08-10 16:08:36,2022,Q1,1551000000.0,315000000.0,1236000000.0,0.7969052224,515000000,169000000.0,190000000.0,359000000.0,40000000.0,914000000.0,1229000000.0,0.0,14000000.0,105000000.0,427000000.0,0.275306254,322000000.0,0.2076079948,-14000000.0,308000000.0,0.1985815603,104000000.0,204000000.0,0.1315280464,0.71,0.71,286000000,289000000,https://www.sec.gov/Archives/edgar/data/712515/000071251521000118/0000712515-21-000118-index.htm,https://www.sec.gov/Archives/edgar/data/712515/000071251521000118/ea-20210630.htm,5.423076923076923,0.7132867132867133,-0.5,-0.6538461538461539,13.003496503496503,27.02097902097902,8.961538461538462,27.02097902097902,6.611888111888112,41135380000.0,40174380000.0,50.41100490196079,26.52184397163121,-287.66,-219.97529411764705,5.3229011387163565,5.3229011387163565,25.902243713733075,94.08519906323184,-280.9397202797203,-214.836256684492,0.0049592346053445,-0.0045459650548992,0.2428830227743271,0.1474006596513271,-2.250585480093677,1.8927559692432216,23.0,-0.7009803921568627,0.0011911887042249,0.2401960784313725,0.1089619600257898,0.3320438426821405,0.405607036280823,-0.3076923076923077,0.0283687943262411,0.419047619047619,0.0805931656995486,20.82446564986544,0.0206279840673882,0.0269520412207689,-3.039335664335664,2206000000.0,2563000000.0,-329000000.0,7881000000.0,539000000.0,84500000.0,0.0,32.321083172147006,20.857142857142858,0.0,2.784560143626571,4.315068493150685,0.0,0.0263975155279503,0.1538461538461538,2021-08-04,0.67,amc,1336000000.0,2025-04-25,2021-06-30,0.1791044776119403,130.13306451612902,2282439.4516129037
2021-03-31,EA,USD,712515,2021-05-26,2021-05-26 16:16:45,2021,Q4,1346000000.0,319000000.0,1027000000.0,0.7630014859,468000000,174000000.0,196000000.0,370000000.0,-12000000.0,852000000.0,1171000000.0,24000000.0,12000000.0,58000000.0,233000000.0,0.1731054978,175000000.0,0.1300148588,-10000000.0,165000000.0,0.1225854383,89000000.0,76000000.0,0.0564635958,0.26,0.26,288000000,290000000,https://www.sec.gov/Archives/edgar/data/712515/000071251521000064/0000712515-21-000064-index.htm,https://www.sec.gov/Archives/edgar/data/712515/000071251521000064/ea-20210331.htm,4.673611111111111,0.2638888888888889,1.2881944444444444,1.1805555555555556,22.104166666666668,27.22222222222222,16.19097222222222,27.22222222222222,6.555555555555555,38986560000.0,35602560000.0,128.24526315789473,28.96475482912333,105.08506738544476,114.66635294117648,4.972775510204082,4.972775510204082,26.450638930163446,152.80068669527898,95.96377358490568,104.71341176470588,0.0019493897384124,0.0087209540928976,0.2392857142857143,0.1411800120409392,-14.523605150214593,2.433535762483131,14.583333333333334,4.881578947368421,0.0012568433839764,0.6447368421052632,0.1292719167904903,0.3476968796433878,0.2390878988561108,0.0835579514824797,0.0230312035661218,0.5344827586206896,0.0809806835066864,12.713455251993633,0.0077505827505827,0.0075165661161111,4.544270833333333,4249000000.0,4663000000.0,1765000000.0,7917000000.0,649500000.0,92500000.0,0.0,34.83655274888559,27.0846394984326,0.0,2.5834932821497123,3.3229166666666665,0.0,0.0096938775510204,0.1076388888888889,2021-05-11,1.04,amc,3763992854.0,2025-04-25,2021-03-31,-0.0096153846153846,134.50234375,2646721.203125
2020-12-31,EA,USD,712515,2021-02-08,2021-02-08 17:02:57,2021,Q3,1673000000.0,601000000.0,1072000000.0,0.6407650926,451000000,149000000.0,216000000.0,365000000.0,5000000.0,821000000.0,1422000000.0,0.0,10000000.0,46000000.0,297000000.0,0.1775254035,251000000.0,0.1500298864,-6000000.0,245000000.0,0.1464435146,34000000.0,211000000.0,0.1261207412,0.73,0.72,290000000,292000000,https://www.sec.gov/Archives/edgar/data/712515/000071251521000016/0000712515-21-000016-index.htm,https://www.sec.gov/Archives/edgar/data/712515/000071251521000016/ea-20201231.htm,5.768965517241379,0.7275862068965517,3.875862068965517,3.772413793103449,23.13793103448276,27.458620689655177,20.79310344827586,27.458620689655177,3.472413793103448,41644000000.0,37869000000.0,49.34123222748815,24.89181111775254,37.04982206405693,38.06581352833638,5.229687303779982,5.229687303779982,22.635385534967124,127.5050505050505,33.69128113879004,34.61517367458867,0.0050667563154355,0.0262702910383248,0.1252040688182845,0.0802737520128824,-12.710437710437713,2.2110538373424973,25.1,5.327014218009479,0.0011766400922101,0.2322274881516587,0.0890615660490137,0.269575612671847,0.1556360708534621,0.0266903914590747,0.017931858936043,0.6521739130434783,0.0663478780633592,21.20180552852613,0.0224846418700619,0.0201201487556021,9.78103448275862,4229000000.0,6030000000.0,3264000000.0,6629000000.0,600500000.0,126500000.0,0.0,41.85295875672445,13.327787021630614,0.0,2.15038560411311,6.752808988764045,0.0,0.0264975511741805,0.1034482758620689,2021-02-02,2.94,amc,1616479729.0,2025-04-25,2020-12-31,0.0510204081632652,140.3453125,2520092.71875
2020-09-30,EA,USD,712515,2020-11-10,2020-11-10 16:17:44,2021,Q2,1151000000.0,286000000.0,865000000.0,0.751520417,421000000,133000000.0,156000000.0,289000000.0,1000000.0,716000000.0,1002000000.0,0.0,11000000.0,40000000.0,189000000.0,0.1642050391,149000000.0,0.1294526499,-10000000.0,139000000.0,0.1207645526,-46000000.0,185000000.0,0.1607298002,0.64,0.63,289000000,293000000,https://www.sec.gov/Archives/edgar/data/712515/000071251520000075/0000712515-20-000075-index.htm,https://www.sec.gov/Archives/edgar/data/712515/000071251520000075/ea-20200930.htm,3.982698961937716,0.6401384083044983,0.2110726643598615,0.1245674740484429,20.868512110726645,27.94117647058824,21.252595155709344,27.94117647058824,3.4844290657439445,37688490000.0,34625490000.0,50.93039189189189,32.74412684622068,617.8440983606557,1046.9025,4.667305263157894,4.667305263157894,30.08296264118158,183.2036507936508,567.6309836065574,961.8191666666668,0.0049086604424852,0.0009551987888079,0.123343653250774,0.0868352223190932,-16.206349206349206,2.7484909456740443,13.545454545454543,0.3297297297297297,0.0,0.0,0.1155516941789748,0.365768896611642,0.1685265911072362,0.4098360655737705,0.0217202432667245,0.625,0.0981754995655951,20.06090614156905,0.0205076889884163,0.0193981335849847,10.21885813148789,4345000000.0,6142000000.0,3435000000.0,6736000000.0,465000000.0,107500000.0,0.0,33.0755864465682,51.60839160839161,0.0,2.7210401891252958,1.7439024390243902,0.0,0.0229102167182662,0.0865051903114186,2020-11-05,0.1435,amc,949574999.0,2025-04-25,2020-09-30,1.0209059233449478,141.89238095238093,2137845.031746032
2020-06-30,EA,USD,712515,2020-08-07,2020-08-07 18:02:51,2021,Q1,1459000000.0,288000000.0,1171000000.0,0.8026045236,438000000,136000000.0,121000000.0,257000000.0,8000000.0,700000000.0,988000000.0,0.0,10000000.0,37000000.0,508000000.0,0.3481836875,471000000.0,0.322823852,-3000000.0,468000000.0,0.3207676491,103000000.0,365000000.0,0.2501713502,1.27,1.25,288000000,292000000,https://www.sec.gov/Archives/edgar/data/712515/000071251520000068/0000712515-20-000068-index.htm,https://www.sec.gov/Archives/edgar/data/712515/000071251520000068/ea-20200630.htm,5.065972222222222,1.2673611111111112,1.3125,1.1805555555555556,20.694444444444443,27.02083333333333,20.29513888888889,27.02083333333333,3.493055555555556,38030400000.0,35013400000.0,26.048219178082192,26.066072652501717,100.60952380952382,111.85411764705884,4.886969930609099,4.886969930609099,23.99821795750514,68.9240157480315,92.62804232804233,102.98058823529412,0.0095975850898228,0.0089402162480541,0.1279876638396299,0.0882665721375398,-5.938976377952756,2.605140186915888,47.1,1.0356164383561643,0.0,0.0,0.0932145305003427,0.3002056202878684,0.1716589861751152,0.1005291005291005,0.026045236463331,1.027027027027027,0.069910897875257,27.758169077243423,0.0391203134813358,0.0390499625548304,9.85503472222222,4122000000.0,5845000000.0,3188000000.0,6509000000.0,484000000.0,59500000.0,0.0,31.27484578478409,15.9375,0.0,2.877712031558185,5.647058823529412,0.0,0.0469031097404266,0.1319444444444444,2020-07-30,0.79,amc,1097020249.0,2025-04-25,2020-06-30,0.7974683544303796,138.53344262295084,2891219.721311476
2020-03-31,EA,USD,712515,2020-05-20,2020-05-20 16:37:16,2020,Q4,1387000000.0,269000000.0,1118000000.0,0.8060562365,402000000,142000000.0,167000000.0,309000000.0,6000000.0,717000000.0,986000000.0,0.0,11000000.0,39000000.0,440000000.0,0.3172314348,401000000.0,0.2891131939,13000000.0,414000000.0,0.2984859409,-4000000.0,418000000.0,0.301369863,1.44,1.43,290000000,292000000,https://www.sec.gov/Archives/edgar/data/712515/000071251520000019/0000712515-20-000019-index.htm,https://www.sec.gov/Archives/edgar/data/712515/000071251520000019/ea-20200331.htm,4.782758620689656,1.4413793103448276,1.717241379310345,1.5793103448275865,19.77586206896552,25.72758620689655,19.044827586206896,25.72758620689655,3.472413793103448,29049300000.0,26277300000.0,17.373983253588516,20.943979812545063,58.331927710843374,63.4264192139738,3.8934861278648976,3.8934861278648976,18.94542177361211,59.72113636363636,52.76566265060241,57.37401746724891,0.0143893312403396,0.0157663007370229,0.1334941696823482,0.0896328293736501,-6.3,2.4463213213213213,36.45454545454545,1.1913875598086126,0.0,0.0,0.1023792357606344,0.2898341744772891,0.1744060475161987,0.0803212851405622,0.0288392213410237,1.0256410256410255,0.0656092285508291,28.885502166900388,0.0444136020332674,0.0455635491606714,8.37844827586207,3853000000.0,5523000000.0,2866000000.0,6240000000.0,629500000.0,64500000.0,0.0,29.913482335976926,22.750929368029738,0.0,3.0086767895878523,3.9558823529411766,0.0,0.0560246615735156,0.1379310344827586,2020-05-05,0.98,amc,1258574074.0,2025-04-25,2020-03-31,0.1020408163265307,128.924375,2863533.3125
2019-12-31,EA,USD,712515,2020-02-04,2020-02-04 16:18:59,2020,Q3,1593000000.0,508000000.0,1085000000.0,0.6811048336,389000000,126000000.0,202000000.0,328000000.0,23000000.0,722000000.0,1230000000.0,0.0,10000000.0,39000000.0,402000000.0,0.252354049,361000000.0,0.226616447,13000000.0,374000000.0,0.23477715,28000000.0,346000000.0,0.2172002511,1.18,1.18,292000000,294000000,https://www.sec.gov/Archives/edgar/data/712515/000071251520000006/0000712515-20-000006-index.htm,https://www.sec.gov/Archives/edgar/data/712515/000071251520000006/ea12312019-q3fy2010qdoc.htm,5.455479452054795,1.1849315068493151,3.780821917808219,3.684931506849315,19.184931506849317,24.784246575342465,18.09246575342466,24.784246575342465,3.441780821917808,31392920000.0,28784920000.0,22.682745664739883,19.70679221594476,28.43561594202899,29.17557620817844,4.337836119939202,4.337836119939202,18.06962962962963,71.60427860696518,26.07329710144927,26.7517843866171,0.011021593403863,0.0342752442270422,0.1374879093547049,0.0891497177672251,-6.487562189054726,2.835329341317365,36.1,3.1907514450867054,0.0,0.0,0.0790960451977401,0.2441933458882611,0.1750739181076964,0.0253623188405797,0.0175768989328311,0.717948717948718,0.0571249215317011,25.705481505206716,0.0375335201204861,0.0375801020962311,7.796232876712328,4291000000.0,5283000000.0,2705000000.0,6684000000.0,827000000.0,104500000.0,0.0,45.08474576271186,10.80708661417323,0.0,1.99624060150376,8.327868852459016,0.0,0.0478098659665607,0.0958904109589041,2020-01-30,2.52,amc,1586678571.0,2025-04-25,2019-12-31,0.1071428571428571,136.30328125,2068274.78125
2019-09-30,EA,USD,712515,2019-11-06,2019-11-05 19:28:23,2020,Q2,1348000000.0,405000000.0,943000000.0,0.6995548961,387000000,128000000.0,152000000.0,280000000.0,27000000.0,673000000.0,1078000000.0,0.0,11000000.0,35000000.0,330000000.0,0.2448071217,268000000.0,0.1988130564,16000000.0,284000000.0,0.2106824926,-570000000.0,854000000.0,0.6335311573,2.89,2.89,295000000,296000000,https://www.sec.gov/Archives/edgar/data/712515/000071251519000129/0000712515-19-000129-index.htm,https://www.sec.gov/Archives/edgar/data/712515/000071251519000129/ea9302019-q2fy2010qdoc.htm,4.569491525423729,2.894915254237288,0.1254237288135593,0.0338983050847457,16.552542372881355,24.264406779661016,17.613559322033897,24.264406779661016,3.410169491525424,28856900000.0,26911900000.0,8.44757025761124,21.407195845697327,779.9162162162162,2885.69,4.03141939089131,4.03141939089131,19.9643175074184,81.5512121212121,727.3486486486486,2691.19,0.0295943084669524,0.0003465375698706,0.1390053087454596,0.0939299537430378,-5.893939393939394,3.3223322332233223,24.363636363636363,0.0433255269320843,0.0,0.0,0.0949554896142433,0.2870919881305638,0.1852166525063721,0.7297297297297297,0.0200296735905044,0.7714285714285715,0.0682492581602373,39.75520758004963,0.0910607145699053,0.0989456609894566,7.084745762711864,4222000000.0,5196000000.0,2605000000.0,6626000000.0,592500000.0,102000000.0,0.0,57.1513353115727,32.888888888888886,0.0,1.574766355140187,2.7364864864864864,0.0,0.1193070690136909,0.0915254237288135,2019-10-29,0.85,amc,1195134020.0,2025-04-25,2019-09-30,0.1294117647058823,118.14968253968254,3310067.9206349207
2019-06-30,EA,USD,712515,2019-08-06,2019-08-06 16:18:08,2020,Q1,1209000000.0,187000000.0,1022000000.0,0.8453267163,381000000,110000000.0,110000000.0,220000000.0,32000000.0,606000000.0,793000000.0,0.0,10000000.0,37000000.0,453000000.0,0.3746898263,415000000.0,0.3432588916,21000000.0,436000000.0,0.3606286187,-985000000.0,1421000000.0,1.1753515302,4.78,4.75,297000000,299000000,https://www.sec.gov/Archives/edgar/data/712515/000071251519000049/0000712515-19-000049-index.htm,https://www.sec.gov/Archives/edgar/data/712515/000071251519000049/ea6302019-q1fy2010qdoc.htm,4.070707070707071,4.784511784511785,0.531986531986532,0.3804713804713804,17.464646464646464,21.83501683501683,15.195286195286196,21.83501683501683,3.383838383838384,29964330000.0,27426330000.0,5.271697748064743,24.78439205955335,189.6476582278481,265.1710619469027,4.620559753276793,4.620559753276793,22.6851364764268,60.54377483443709,173.5843670886076,242.71088495575225,0.0474230526762987,0.003771150564688,0.1534309946029298,0.102061749923069,-5.602649006622516,3.515151515151515,41.5,0.1111893033075299,0.0,0.0,0.0909842845326716,0.315136476426799,0.2022771566314493,0.2848101265822785,0.0372208436724565,1.2162162162162162,0.0603804797353184,48.4827046032748,0.1658765439599633,0.1827182718271827,7.305555555555555,4150000000.0,4513000000.0,2536000000.0,6568000000.0,476000000.0,84500000.0,0.0,24.491315136476427,26.95187165775401,0.0,3.674772036474164,3.3392857142857144,0.0,0.2191210485736314,0.1515151515151515,2019-07-30,-0.00066,amc,48360000.0,2025-04-25,2019-06-30,29.3030303030303,105.23774193548388,3602515.693548387
2019-03-31,EA,USD,712515,2019-05-24,2019-05-23 20:16:54,2019,Q4,1238000000.0,276000000.0,962000000.0,0.7770597738,398000000,123000000.0,229000000.0,352000000.0,-94000000.0,755000000.0,1031000000.0,0.0,11000000.0,37000000.0,268000000.0,0.2164781906,196000000.0,0.1583198708,23000000.0,219000000.0,0.1768982229,10000000.0,209000000.0,0.1688206785,0.7,0.69,299000000,301000000,https://www.sec.gov/Archives/edgar/data/712515/000071251519000019/0000712515-19-000019-index.htm,https://www.sec.gov/Archives/edgar/data/712515/000071251519000019/ea3312019-q410kdoc.htm,4.1404682274247495,0.6989966555183946,2.0033444816053514,1.8862876254180605,18.210702341137125,17.82943143812709,11.210702341137123,17.82943143812709,3.361204013377926,30698330000.0,26984330000.0,36.720490430622014,24.796712439418418,51.24929883138564,54.429663120567376,5.758456199587319,5.758456199587319,21.796712439418418,100.68779850746267,45.04896494156928,47.844556737588654,0.0068081879372591,0.0183723349120294,0.1864565747514537,0.1109746566930892,-13.85820895522388,2.8172185430463577,17.818181818181817,2.8660287081339715,0.0,0.0,0.0993537964458804,0.3214862681744749,0.2209445126716534,0.0584307178631051,0.0282714054927302,0.945945945945946,0.0589660743134087,16.74547823334767,0.027951319233488,0.0299512754370879,7.646321070234114,4116000000.0,3352000000.0,2755000000.0,6543000000.0,714500000.0,91500000.0,0.0,45.2907915993538,36.84782608695652,0.0,1.9871589085072232,2.4424778761061945,0.0,0.0392046520352654,0.1170568561872909,2019-05-07,0.97,amc,926137404.0,2025-04-25,2019-03-31,0.4536082474226803,99.26625,2675563.4375
2018-12-31,EA,USD,712515,2019-02-06,2019-02-06 16:20:21,2019,Q3,1289000000.0,413000000.0,876000000.0,0.6795965865,334000000,106000000.0,187000000.0,293000000.0,34000000.0,633000000.0,1046000000.0,0.0,11000000.0,34000000.0,310000000.0,0.2404965089,242000000.0,0.187742436,23000000.0,265000000.0,0.2055857254,3000000.0,262000000.0,0.2032583398,0.87,0.86,302000000,304000000,https://www.sec.gov/Archives/edgar/data/712515/000071251519000004/0000712515-19-000004-index.htm,https://www.sec.gov/Archives/edgar/data/712515/000071251519000004/ea12312018-q3fy1910qdoc.htm,4.268211920529802,0.8675496688741722,3.1589403973509933,3.089403973509934,17.089403973509935,17.695364238410598,11.125827814569536,17.695364238410598,3.327814569536424,23830820000.0,20937820000.0,22.7393320610687,18.487835531419705,24.979895178197065,25.5421436227224,4.459360029940119,4.459360029940119,16.24346004654771,67.54135483870968,21.947400419287213,22.44139335476956,0.010994166377825,0.0391509817958425,0.186002994011976,0.1122276165744608,-9.332258064516129,2.9889952153110046,22.0,3.6412213740458017,0.0,0.0,0.082234290147401,0.2591155934833204,0.2240036129614993,0.0220125786163522,0.0162916989914662,0.6176470588235294,0.0581846392552366,18.585240546652123,0.0353569347359968,0.038120180416121,7.458609271523179,4157000000.0,3360000000.0,2734000000.0,6567000000.0,886000000.0,119000000.0,0.0,56.276183087664855,15.254237288135592,0.0,1.599255583126551,5.9,0.0,0.0490269461077844,0.0695364238410596,2019-02-05,1.93,amc,1295678756.0,2025-04-25,2018-12-31,0.077720207253886,93.9434375,3555266.8125
2018-09-30,EA,USD,712515,2018-11-06,2018-11-06 16:25:26,2019,Q2,1286000000.0,418000000.0,868000000.0,0.6749611198,339000000,117000000.0,146000000.0,263000000.0,34000000.0,608000000.0,1026000000.0,0.0,11000000.0,36000000.0,323000000.0,0.2511664075,258000000.0,0.200622084,18000000.0,276000000.0,0.2146189736,21000000.0,255000000.0,0.1982892691,0.84,0.83,305000000,307000000,https://www.sec.gov/Archives/edgar/data/712515/000071251518000059/0000712515-18-000059-index.htm,https://www.sec.gov/Archives/edgar/data/712515/000071251518000059/ea9302018-q2fy1910qdoc.htm,4.216393442622951,0.8360655737704918,-0.4131147540983607,-0.5147540983606558,14.901639344262296,17.432786885245903,10.895081967213114,17.432786885245903,3.2918032786885245,35852750000.0,33964750000.0,35.14975490196078,27.879276827371697,-284.5456349206349,-228.3614649681529,6.74304118864021,6.74304118864021,26.41115863141524,105.15402476780186,-269.56150793650795,-216.3359872611465,0.0071124251277795,-0.0043790225296525,0.1867594508181305,0.1175147928994082,-5.845201238390093,3.519102486355367,23.454545454545453,-0.4941176470588235,0.0,0.0,0.0909797822706065,0.2636080870917573,0.2359763313609467,-0.246031746031746,0.0241057542768273,0.8611111111111112,0.0513219284603421,18.109015484468397,0.0350491935329203,0.0394981412639405,7.004918032786885,4154000000.0,3323000000.0,2670000000.0,6588000000.0,668500000.0,107500000.0,0.0,67.60497667185071,36.17224880382776,0.0,1.3312629399585922,2.488095238095238,0.0,0.0479593755877374,0.101639344262295,2018-10-30,0.58,amc,847590909.0,2025-04-25,2018-09-30,0.4827586206896552,95.26507936507936,3829300.714285714
2018-06-30,EA,USD,712515,2018-08-08,2018-08-07 19:03:30,2019,Q1,1137000000.0,215000000.0,922000000.0,0.8109058927,362000000,114000000.0,140000000.0,254000000.0,21000000.0,622000000.0,837000000.0,0.0,10000000.0,38000000.0,338000000.0,0.2972735268,300000000.0,0.2638522427,19000000.0,319000000.0,0.2805628848,26000000.0,293000000.0,0.2576956904,0.96,0.95,306000000,310000000,https://www.sec.gov/Archives/edgar/data/712515/000071251518000045/0000712515-18-000045-index.htm,https://www.sec.gov/Archives/edgar/data/712515/000071251518000045/ea6302018-q1fy1910qdoc.htm,3.715686274509804,0.9575163398692812,0.392156862745098,0.2875816993464052,16.245098039215687,17.18954248366013,10.676470588235292,17.18954248366013,3.2777777777777777,43152120000.0,40269120000.0,36.81921501706485,37.95261213720317,359.60100000000006,490.365,8.203825095057034,8.203825095057034,35.41699208443272,119.13940828402367,335.576,457.6036363636364,0.0067899329163897,0.0020392972581648,0.1887832699619772,0.1204074208803201,-8.529585798816568,3.841530054644809,30.0,0.409556313993174,0.0,0.0,0.100263852242744,0.318381706244503,0.2416636352613071,0.2666666666666666,0.0281442392260334,0.8421052631578947,0.0615655233069481,19.244051693109995,0.0406234098985246,0.0468500159897665,7.39297385620915,4160000000.0,3267000000.0,2637000000.0,6593000000.0,378000000.0,47500000.0,0.0,29.366754617414248,19.67441860465116,0.0,3.0646900269541777,4.574468085106383,0.0,0.0557034220532319,0.1045751633986928,2018-07-26,0.06,amc,454800000.0,2025-04-25,2018-06-30,3.333333333333333,94.78983606557378,7748347.163934426
2018-03-31,EA,USD,712515,2018-05-23,2018-05-23 16:34:06,2018,Q4,1582000000.0,233000000.0,1349000000.0,0.8527180784,335000000,126000000.0,130000000.0,256000000.0,-39000000.0,596000000.0,829000000.0,0.0,11000000.0,39000000.0,792000000.0,0.5006321113,753000000.0,0.4759797724,1000000.0,754000000.0,0.4766118837,147000000.0,607000000.0,0.3836915297,1.98,1.95,307000000,311000000,https://www.sec.gov/Archives/edgar/data/712515/000071251518000024/0000712515-18-000024-index.htm,https://www.sec.gov/Archives/edgar/data/712515/000071251518000024/ea3312018-q410kdoc.htm,5.153094462540716,1.977198697068404,2.003257328990228,1.9381107491856675,17.364820846905538,14.96742671009772,8.602605863192183,14.96742671009772,3.267100977198697,37220680000.0,33954680000.0,15.32976935749588,23.527610619469023,60.52143089430894,62.55576470588235,8.100256800870511,8.100256800870511,21.46313527180784,42.87207070707071,55.21086178861788,57.06668907563025,0.0163081383789871,0.0159857369612806,0.2158868335146898,0.1155638397017707,-4.123737373737374,2.410276997189884,68.45454545454545,1.013179571663921,0.0,0.0,0.079646017699115,0.2117572692793931,0.2276328052190121,0.032520325203252,0.0126422250316055,0.5128205128205128,0.0436156763590391,25.80417550063596,0.0994903922882326,0.0915535444947209,5.311889250814332,3513000000.0,2641000000.0,2015000000.0,5920000000.0,635500000.0,69500000.0,0.0,21.90265486725664,18.54077253218884,0.0,4.109090909090909,4.854166666666667,0.0,0.1321001088139282,0.0651465798045602,2018-05-08,1.15,amc,1412931297.0,2025-04-25,2018-03-31,0.1391304347826088,91.73190476190476,5042305.444444444
2017-12-31,EA,USD,712515,2018-02-06,2018-02-06 16:22:20,2018,Q3,1160000000.0,501000000.0,659000000.0,0.5681034483,329000000,120000000.0,230000000.0,350000000.0,15000000.0,680000000.0,1181000000.0,0.0,10000000.0,34000000.0,28000000.0,0.024137931,-21000000.0,-0.0181034483,5000000.0,-16000000.0,-0.0137931034,170000000.0,-186000000.0,-0.1603448276,-0.6,-0.6,308000000,308000000,https://www.sec.gov/Archives/edgar/data/712515/000071251518000008/0000712515-18-000008-index.htm,https://www.sec.gov/Archives/edgar/data/712515/000071251518000008/ea12312017-q3fy1810qdoc.htm,3.7662337662337664,-0.6038961038961039,2.7564935064935066,2.6785714285714284,15.857142857142858,13.266233766233766,6.902597402597403,13.266233766233766,3.2532467532467533,32358480000.0,30784480000.0,-43.49258064516129,27.895241379310345,38.11363957597173,39.2224,7.919353891336271,7.919353891336271,26.538344827586208,1099.4457142857143,36.2596937573616,37.314521212121214,-0.005748106833201,0.0254956351472627,0.2427802251590798,0.1147882434621615,-56.21428571428572,1.92018023817187,-2.1,-4.564516129032258,0.0,0.0,0.1034482758620689,0.2836206896551724,0.2267993520018514,0.0282685512367491,0.0206896551724137,0.7058823529411765,0.0543103448275862,,-0.0441056910569105,-0.0278359772523196,3.2224025974025974,2859000000.0,2126000000.0,1410000000.0,5266000000.0,849000000.0,139000000.0,0.0,68.74137931034483,16.347305389221557,0.0,1.309255079006772,5.5054945054945055,0.0,-0.0455212922173274,0.0779220779220779,2018-01-30,2.18,amc,1165321100.0,2025-04-25,2017-12-31,0.018348623853211,128.90857142857143,4180710.095238095
2017-09-30,EA,USD,712515,2017-11-07,2017-11-06 17:56:32,2018,Q2,959000000.0,389000000.0,570000000.0,0.5943691345,331000000,118000000.0,160000000.0,278000000.0,14000000.0,611000000.0,1000000000.0,0.0,11000000.0,32000000.0,5000000.0,0.0052137643,-41000000.0,-0.0427528676,3000000.0,-38000000.0,-0.039624609,-16000000.0,-22000000.0,-0.0229405631,-0.0712,-0.0712,309000000,309000000,https://www.sec.gov/Archives/edgar/data/712515/000071251517000078/0000712515-17-000078-index.htm,https://www.sec.gov/Archives/edgar/data/712515/000071251517000078/ea9302017-q2fy1810qdoc.htm,3.103559870550162,-0.0711974110032362,0.1682847896440129,0.0711974110032362,14.093851132686083,14.200647249190938,8.647249190938512,14.200647249190938,3.2427184466019416,36480540000.0,35404540000.0,-414.5515909090909,38.04018769551616,701.5488461538462,1658.2063636363637,8.313705560619873,8.313705560619873,36.918185610010426,7080.908,680.8565384615384,1609.297272727273,-0.0006030612485451,0.0006030612485451,0.2258432087511394,0.125094673062358,-215.2,2.383362676056338,-3.727272727272727,-2.363636363636364,0.0,0.0,0.1230448383733055,0.3451511991657977,0.216611966675082,0.5769230769230769,0.0312825860271115,0.9375,0.0646506777893639,,-0.0042012109920819,-0.0035449564937157,4.627831715210356,3143000000.0,2672000000.0,1881000000.0,5303000000.0,517000000.0,112500000.0,0.0,76.2043795620438,43.26478149100257,0.0,1.1810344827586208,2.0802139037433154,0.0,-0.0050136736554238,0.0970873786407767,2017-10-31,0.55,amc,835258064.0,2025-04-25,2017-09-30,0.1999999999999999,129.8665625,3010309.515625
2017-06-30,EA,USD,712515,2017-08-08,2017-08-08 17:05:57,2018,Q1,1449000000.0,154000000.0,1295000000.0,0.8937198068,325000000,105000000.0,121000000.0,226000000.0,17000000.0,552000000.0,706000000.0,0.0,10000000.0,31000000.0,774000000.0,0.5341614907,743000000.0,0.5127674258,6000000.0,749000000.0,0.5169082126,105000000.0,644000000.0,0.4444444444,2.08,2.06,309000000,313000000,https://www.sec.gov/Archives/edgar/data/712515/000071251517000063/0000712515-17-000063-index.htm,https://www.sec.gov/Archives/edgar/data/712515/000071251517000063/ea6302017-q1fy1810qdoc.htm,4.689320388349515,2.0841423948220066,0.56957928802589,0.4627831715210356,14.466019417475728,14.517799352750808,8.967637540453074,14.517799352750808,3.239482200647249,32667480000.0,31410480000.0,12.681475155279502,22.544844720496897,185.6106818181818,228.4439160839161,7.282095407935801,7.282095407935801,21.67734989648033,40.58201550387597,178.46863636363636,219.6537062937063,0.0197137948810254,0.0043774420310351,0.2209094962104324,0.1343728813559322,-1.624031007751938,3.009208103130755,74.3,0.2732919254658385,0.0,0.0,0.072463768115942,0.2242926155969634,0.2325423728813559,0.1875,0.0227743271221532,1.064516129032258,0.0331262939958592,26.09187852547642,0.1111801464488909,0.1137809187279152,5.655339805825243,3273000000.0,2771000000.0,2013000000.0,5424000000.0,290500000.0,62500000.0,0.0,13.788819875776396,22.20779220779221,0.0,6.527027027027027,4.052631578947368,0.0,0.1435577351761034,0.1067961165048543,2017-07-27,0.28,amc,1262032258.0,2025-04-25,2017-06-30,0.7142857142857141,121.2016393442623,3834806.098360656
2017-03-31,EA,USD,712515,2017-05-24,2017-05-24 16:41:12,2017,Q4,1527000000.0,202000000.0,1325000000.0,0.8677144728,335000000,110000000.0,162000000.0,272000000.0,-21000000.0,608000000.0,810000000.0,25000000.0,11000000.0,32000000.0,764000000.0,0.5003274394,717000000.0,0.4695481336,-1000000.0,716000000.0,0.4688932547,150000000.0,566000000.0,0.3706614276,1.84,1.81,308000000,312000000,https://www.sec.gov/Archives/edgar/data/712515/000071251517000035/0000712515-17-000035-index.htm,https://www.sec.gov/Archives/edgar/data/712515/000071251517000035/ea3312017-q410kdoc.htm,4.957792207792208,1.8376623376623376,1.3214285714285714,1.2272727272727273,14.714285714285714,13.181818181818182,7.613636363636363,13.181818181818182,3.25,27572160000.0,25997160000.0,12.17851590106007,18.056424361493125,67.74486486486487,72.94222222222223,6.791172413793103,6.791172413793103,17.02499017681729,34.02769633507853,63.875085995086,68.77555555555556,0.0205279528335828,0.0137094808676578,0.2438423645320197,0.1282715729463591,-2.06151832460733,2.1527950310559008,65.18181818181819,0.7190812720848057,0.0,0.0,0.0720366732154551,0.2193844138834315,0.2222078258616222,0.0712530712530712,0.0189914865749836,0.90625,0.0340537000654878,23.345962034780182,0.1068811055616247,0.0942861902382142,3.71185064935065,2784000000.0,2345000000.0,1541000000.0,4933000000.0,473000000.0,76000000.0,17500000.0,21.159135559921413,38.76237623762376,0.0,4.2534818941504176,2.32183908045977,0.0,0.1394088669950739,0.0941558441558441,2017-05-09,0.75,amc,1347352941.0,2025-04-25,2017-03-31,-0.04,111.15650793650794,3392049.3174603176
2016-12-31,EA,USD,712515,2017-02-07,2017-02-07 16:18:51,2017,Q3,1149000000.0,516000000.0,633000000.0,0.5509138381,285000000,110000000.0,240000000.0,350000000.0,10000000.0,637000000.0,1153000000.0,0.0,11000000.0,49000000.0,45000000.0,0.0391644909,-4000000.0,-0.0034812881,-2000000.0,-6000000.0,-0.0052219321,-5000000.0,-1000000.0,-0.000870322,-0.0033,-0.0033,303000000,303000000,https://www.sec.gov/Archives/edgar/data/712515/000071251517000010/0000712515-17-000010-index.htm,https://www.sec.gov/Archives/edgar/data/712515/000071251517000010/ea12312016-q3fy1710qdoc.htm,3.792079207920792,-0.0033003300330033,3.67986798679868,3.597359735973597,13.924092409240924,11.712871287128714,6.05940594059406,11.712871287128714,3.303630363036304,23864280000.0,22371280000.0,-5966.070000000001,20.769608355091385,21.402941704035875,21.89383486238532,6.724226542688081,6.724226542688081,19.470217580504787,497.1395555555556,20.06392825112108,20.52411009174312,-4.190363170395251e-05,0.0456749585573082,0.2789518174133559,0.1282549553050913,-33.17777777777778,1.7368062648961526,-0.3636363636363636,-1115.0,0.0,0.0,0.0957354221061792,0.248041775456919,0.2219199378157792,0.0224215246636771,0.0217580504786771,0.5102040816326531,0.04177545691906,,-0.000139411682699,-0.0001665001665001,1.6724422442244224,2164000000.0,1836000000.0,931000000.0,4301000000.0,655000000.0,135500000.0,42500000.0,45.97911227154047,11.337209302325585,6.104651162790698,1.9574105621805795,7.938461538461539,14.742857142857142,-0.0002817695125387,0.0825082508250825,2017-01-31,2.31,amc,1065604838.0,2025-04-25,2016-12-31,0.1168831168831169,115.83031746031746,2395421.714285714
2016-09-30,EA,USD,712515,2016-11-08,2016-11-08 16:23:47,2017,Q2,898000000.0,401000000.0,497000000.0,0.5534521158,291000000,111000000.0,143000000.0,254000000.0,8000000.0,546000000.0,947000000.0,0.0,11000000.0,45000000.0,4000000.0,0.004454343,-49000000.0,-0.0545657016,-3000000.0,-52000000.0,-0.0579064588,-14000000.0,-38000000.0,-0.0423162584,-0.13,-0.13,292307692,301000000,https://www.sec.gov/Archives/edgar/data/712515/000071251516000149/0000712515-16-000149-index.htm,https://www.sec.gov/Archives/edgar/data/712515/000071251516000149/ea9302016-q2fy1710qdoc.htm,3.0721052663916897,-0.1300000001368421,0.372894737234626,0.2736842108144044,11.17315790649806,12.34315790772964,6.400789480421883,12.34315790772964,3.4244736878152358,24963076896.800003,24207076896.800003,-164.23076905789475,27.79852661113586,229.0190540990826,312.03846121000004,6.91881288713969,6.91881288713969,26.956655787082408,6051.769224200001,222.0832742825688,302.58846121000005,-0.001522248245162,0.0032047331477096,0.274390243902439,0.1436448055716773,-189.0,2.078048780487805,-4.454545454545454,-2.8684210526315788,0.0,0.0,0.1236080178173719,0.3240534521158129,0.252031340684852,0.2660550458715596,0.032293986636971,0.6444444444444445,0.0534521158129175,,-0.0073952276554507,-0.0073714839961202,1.8790131598726456,2210000000.0,1871000000.0,976000000.0,4378000000.0,484500000.0,125000000.0,38000000.0,72.46102449888642,46.23441396508728,11.221945137157109,1.2420470262793917,1.9466019417475728,8.02,-0.0105321507760532,0.0992105264202216,2016-11-01,0.43,amc,728566037.0,2025-04-25,2016-09-30,0.302325581395349,102.99333333333333,3220483.793650794
2016-06-30,EA,USD,712515,2016-08-09,2016-08-09 16:25:47,2017,Q1,1271000000.0,179000000.0,1092000000.0,0.859166011,294000000,108000000.0,128000000.0,236000000.0,2000000.0,532000000.0,711000000.0,0.0,7000000.0,46000000.0,606000000.0,0.4767899292,560000000.0,0.4405979544,-8000000.0,552000000.0,0.4343036979,112000000.0,440000000.0,0.346184107,1.46,1.4,301000000,315000000,https://www.sec.gov/Archives/edgar/data/712515/000071251516000138/0000712515-16-000138-index.htm,https://www.sec.gov/Archives/edgar/data/712515/000071251516000138/ea6302016-q1fy1710qdoc.htm,4.222591362126246,1.4617940199335548,-0.8239202657807309,-0.956810631229236,11.385382059800664,12.345514950166113,6.53156146179402,12.345514950166113,3.7607973421926912,22803760000.0,21886760000.0,12.95668181818182,17.941589299763965,-91.95064516129034,-79.17972222222222,6.136641550053822,6.136641550053822,17.22011014948859,36.11676567656766,-88.25306451612903,-75.99569444444444,0.019295063621087,-0.0126294961883478,0.3027448869752422,0.1703255109765329,-1.5132013201320131,2.4072727272727272,80.0,-0.5636363636363636,0.0,0.0,0.084972462627852,0.2313139260424862,0.2649507948523845,-0.1612903225806451,0.03147128245476,0.8695652173913043,0.037765538945712,20.15064511029226,0.0876795937132592,0.0906282183316168,2.4435215946843853,2322000000.0,1966000000.0,1083000000.0,4507000000.0,239500000.0,66500000.0,29500000.0,17.419354838709676,22.12290502793296,13.07262569832402,5.166666666666667,4.068181818181818,6.884615384615385,0.1184068891280947,0.132890365448505,2016-08-02,0.01418,amc,363142857.0,2025-04-25,2016-06-30,3.936530324400565,85.14322580645161,2836924.241935484
2016-03-31,EA,USD,712515,2016-05-27,2016-05-26 19:43:40,2016,Q4,1308000000.0,226000000.0,1082000000.0,0.8272171254,282000000,110000000.0,153000000.0,263000000.0,1000000.0,546000000.0,772000000.0,0.0,0.0,48000000.0,584000000.0,0.4464831804,536000000.0,0.4097859327,-10000000.0,526000000.0,0.4021406728,-373000000.0,899000000.0,0.6873088685,2.93,2.79,307000000,322000000,https://www.sec.gov/Archives/edgar/data/712515/000071251516000111/0000712515-16-000111-index.htm,https://www.sec.gov/Archives/edgar/data/712515/000071251516000111/ea3312016-q410kdoc.htm,4.260586319218241,2.928338762214984,1.289902280130293,1.1921824104234529,12.4885993485342,11.061889250814332,5.306188925081433,11.061889250814332,3.752442996742671,20295770000.0,18954770000.0,5.643984983314795,15.51664373088685,51.25194444444445,55.45292349726776,5.976375147232038,5.976375147232038,14.491414373088684,32.45679794520548,47.86558080808081,51.78898907103825,0.0442949442174403,0.0180333143310157,0.3392226148409894,0.1634042553191489,-2.296232876712329,1.7991735537190083,0.0,0.4404894327030033,0.0,0.0,0.0840978593272171,0.2155963302752293,0.2506382978723404,0.0757575757575757,0.0229357798165137,0.625,0.0359327217125382,26.997066122469672,0.1911310775616214,0.1701684648873746,1.2092833876221498,1934000000.0,1629000000.0,700000000.0,4140000000.0,427000000.0,108500000.0,37500000.0,16.032110091743117,35.4424778761062,13.141592920353984,5.613733905579399,2.539325842696629,6.848484848484849,0.2647232037691401,0.0977198697068403,2016-05-10,0.42,amc,1098720000.0,2025-04-25,2016-03-31,0.1904761904761905,80.42476190476191,3159540.9682539683
2015-12-31,EA,USD,712515,2016-02-08,2016-02-08 16:33:45,2016,Q3,1070000000.0,546000000.0,524000000.0,0.4897196262,266000000,97000000.0,190000000.0,287000000.0,2000000.0,555000000.0,1101000000.0,0.0,5000000.0,50000000.0,19000000.0,0.0177570093,-31000000.0,-0.0289719626,1000000.0,-30000000.0,-0.0280373832,15000000.0,-45000000.0,-0.0420560748,-0.14,-0.14,311000000,311000000,https://www.sec.gov/Archives/edgar/data/712515/000071251516000086/0000712515-16-000086-index.htm,https://www.sec.gov/Archives/edgar/data/712515/000071251516000086/ea12312015-q3fy1610qdoc.htm,3.440514469453376,-0.1446945337620578,2.8585209003215435,2.7909967845659165,10.382636655948554,9.684887459807074,3.964630225080386,9.684887459807074,1.1093247588424435,21371920000.0,19448920000.0,-118.7328888888889,19.9737570093458,24.04040494938133,24.622027649769585,7.095590969455511,7.095590969455511,18.17656074766355,1023.6273684210528,21.87730033745781,22.40658986175115,-0.0021055665564909,0.0406140393563142,0.1128818061088977,0.0525502318392581,-101.21052631578948,1.3172588832487309,-6.2,-19.75555555555556,0.0,0.0,0.0906542056074766,0.2485981308411215,0.2749613601236476,0.0236220472440944,0.019626168224299,0.42,0.0392523364485981,,-0.0127118644067796,-0.0095928373481134,0.8287781350482315,1000000000.0,1233000000.0,694000000.0,3194000000.0,679000000.0,158000000.0,52000000.0,52.23364485981309,21.0989010989011,6.9230769230769225,1.7230273752012883,4.265625,13.0,-0.0149402390438247,0.067524115755627,2016-01-28,1.81,amc,1058306010.0,2025-04-25,2015-12-31,0.011049723756906,79.99734375,3095674.203125
2015-09-30,EA,USD,712515,2015-11-10,2015-11-10 16:36:09,2016,Q2,815000000.0,409000000.0,406000000.0,0.4981595092,265000000,101000000.0,156000000.0,257000000.0,3000000.0,525000000.0,934000000.0,0.0,6000000.0,50000000.0,-72000000.0,-0.0883435583,-119000000.0,-0.1460122699,-9000000.0,-128000000.0,-0.1570552147,12000000.0,-140000000.0,-0.1717791411,-0.45,-0.45,311111111,312000000,https://www.sec.gov/Archives/edgar/data/712515/000071251515000070/0000712515-15-000070-index.htm,https://www.sec.gov/Archives/edgar/data/712515/000071251515000070/ea9302015-q2fy1610qdoc.htm,2.619642858078444,-0.4500000001607143,0.028928571438903,-0.028928571438903,8.318571431542347,10.112142860754338,4.348928572981761,10.112142860754338,1.41750000050625,21077777770.25,19914777770.25,-37.638888875446426,25.862304012576686,2341.9753078055555,-2341.9753078055555,6.699865788382072,6.699865788382072,24.43531014754601,-276.59413569791667,2212.753085583334,-2212.753085583334,-0.0066420664230363,-0.000426989984338,0.1382708200890019,0.0725,16.15277777777778,1.4365642237982663,-19.83333333333333,-0.0642857142857142,0.0,0.0,0.1239263803680981,0.3251533742331288,0.2988333333333333,2.0,0.0220858895705521,0.36,0.0539877300613496,,-0.0333990890428534,-0.0332778702163061,1.0213392860790498,1108000000.0,1353000000.0,792000000.0,3331000000.0,440500000.0,115500000.0,48000000.0,81.38650306748465,41.36919315403424,13.643031784841076,1.1058344640434192,2.175531914893617,6.596774193548387,-0.0445009535918626,0.0578571428778061,2015-10-29,0.44,amc,564230769.0,2025-04-25,2015-09-30,0.4772727272727273,70.39078125,3450436.5
2015-06-30,EA,USD,712515,2015-08-11,2015-08-11 16:44:02,2016,Q1,1203000000.0,173000000.0,1030000000.0,0.8561928512,296000000,98000000.0,123000000.0,221000000.0,1000000.0,518000000.0,691000000.0,0.0,0.0,49000000.0,512000000.0,0.42560266,512000000.0,0.42560266,-3000000.0,509000000.0,0.4231088944,67000000.0,442000000.0,0.3674147963,1.42,1.32,311000000,335000000,https://www.sec.gov/Archives/edgar/data/712515/000071251515000053/0000712515-15-000053-index.htm,https://www.sec.gov/Archives/edgar/data/712515/000071251515000053/ea6302015-q1fy1610qdoc.htm,3.868167202572347,1.4212218649517685,-0.2282958199356913,-0.3054662379421222,9.257234726688102,10.72668810289389,4.903536977491961,10.72668810289389,2.035369774919614,20681500000.0,19504500000.0,11.697680995475112,17.191604322527017,-291.2887323943662,-217.7,6.199490407673861,6.199490407673861,16.213216957605987,38.0947265625,-274.7112676056338,-205.31052631578947,0.0213717573676957,-0.0045934772622875,0.1897482014388489,0.1106449921342422,-2.298828125,1.619279454722493,0.0,-0.1606334841628959,0.0,0.0,0.0814630091438071,0.2460515378221114,0.3165530501660549,-0.3380281690140845,0.0199501246882793,0.4897959183673469,0.0374064837905236,18.52059887214485,0.103396536756979,0.1130434782608695,1.990353697749196,1272000000.0,1525000000.0,941000000.0,3527000000.0,253000000.0,55500000.0,35000000.0,10.773067331670823,22.36994219653179,17.6878612716763,8.354166666666666,4.023255813953488,5.088235294117647,0.132494004796163,0.0771704180064308,2015-07-30,0.02633,amc,240599999.0,2025-04-25,2015-06-30,4.69692366122294,63.81065573770491,4741231.655737705
2015-03-31,EA,USD,712515,2015-05-21,2015-05-21 16:46:28,2015,Q4,1185000000.0,234000000.0,951000000.0,0.8025316456,285000000,99000000.0,165000000.0,264000000.0,-3000000.0,552000000.0,786000000.0,0.0,9000000.0,55000000.0,461000000.0,0.3890295359,400000000.0,0.3375527426,-3000000.0,397000000.0,0.335021097,2000000.0,395000000.0,0.3333333333,1.27,1.19,310000000,332000000,https://www.sec.gov/Archives/edgar/data/712515/000071251515000033/0000712515-15-000033-index.htm,https://www.sec.gov/Archives/edgar/data/712515/000071251515000033/ea3312015-q410kdoc.htm,3.8225806451612905,1.2741935483870968,0.6387096774193548,0.535483870967742,9.74516129032258,9.793548387096774,3.9096774193548383,9.793548387096774,2.070967741935484,18234200000.0,16799200000.0,11.540632911392406,15.387510548523206,92.0919191919192,109.844578313253,6.005994729907774,6.005994729907774,14.176540084388186,36.44078091106291,84.84444444444445,101.2,0.0216625900779853,0.0091037720327735,0.208498023715415,0.1029770619814543,-3.112798264642082,1.3390928725701945,44.44444444444444,0.5012658227848101,0.0,0.0,0.0835443037974683,0.240506329113924,0.296730112249878,0.1616161616161616,0.0270042194092827,0.5818181818181818,0.030379746835443,16.7563335440588,0.0994464984132618,0.0913717325931066,0.6435483870967742,942000000.0,1212000000.0,609000000.0,3225000000.0,425000000.0,72500000.0,37500000.0,27.49367088607595,26.153846153846157,13.846153846153848,3.273480662983425,3.4411764705882355,6.5,0.1301054018445323,0.1032258064516129,2015-05-05,0.25,amc,759615384.0,2025-04-25,2015-03-31,0.56,70.1565625,3722804.59375
2014-12-31,EA,USD,712515,2015-02-04,2015-02-04 16:32:58,2015,Q3,1126000000.0,401000000.0,725000000.0,0.6438721137,283000000,107000000.0,169000000.0,276000000.0,2000000.0,563000000.0,964000000.0,2000000.0,8000000.0,53000000.0,162000000.0,0.1438721137,162000000.0,0.1438721137,-6000000.0,156000000.0,0.1385435169,14000000.0,142000000.0,0.1261101243,0.46,0.44,311000000,323000000,https://www.sec.gov/Archives/edgar/data/712515/000071251515000012/0000712515-15-000012-index.htm,https://www.sec.gov/Archives/edgar/data/712515/000071251515000012/ea12312014-q3fy1510qdoc.htm,3.620578778135048,0.4565916398713826,2.192926045016077,2.144694533762058,9.453376205787782,8.639871382636656,2.707395498392283,8.639871382636656,2.0610932475884245,14623220000.000002,13090220000.000002,25.74510563380282,12.986873889875667,21.441671554252203,21.92386806596702,5.442210643840715,5.442210643840715,11.625417406749555,80.80382716049384,19.193870967741937,19.625517241379317,0.0097105835787193,0.045612389063421,0.2355787123185709,0.1026431003729528,-9.462962962962964,1.2086284610431424,20.25,4.802816901408451,0.0,0.0,0.0950266429840142,0.2513321492007104,0.2991730176747202,0.0219941348973607,0.0133214920071047,0.2830188679245283,0.0346358792184724,9.421257530961975,0.0399192036983049,0.0328551596483109,-0.4967845659163987,648000000.0,842000000.0,274000000.0,2954000000.0,658500000.0,134000000.0,53000000.0,39.00532859680284,17.281795511221944,8.753117206982543,2.307377049180328,5.207792207792208,10.282051282051285,0.0528470413100111,0.0482315112540192,2015-01-27,0.92,amc,849114754.0,2025-04-25,2014-12-31,0.326086956521739,70.083125,3419804.671875
2014-09-30,EA,USD,712515,2014-11-04,2014-11-04 16:44:43,2015,Q2,990000000.0,427000000.0,563000000.0,0.5686868687,261000000,92000000.0,183000000.0,275000000.0,2000000.0,540000000.0,967000000.0,1000000.0,7000000.0,56000000.0,71000000.0,0.0717171717,24000000.0,0.0242424242,-6000000.0,18000000.0,0.0181818182,15000000.0,3000000.0,0.003030303,0.01,0.01,313000000,322000000,https://www.sec.gov/Archives/edgar/data/712515/000071251514000063/0000712515-14-000063-index.htm,https://www.sec.gov/Archives/edgar/data/712515/000071251514000063/ea9302014-q2fy1510qdoc.htm,3.1629392971246006,0.0095846645367412,0.5846645367412141,0.5175718849840255,7.6293929712460065,8.53035143769968,2.568690095846645,8.53035143769968,1.9105431309904155,11145930000.0,10112930000.0,928.8275,11.258515151515152,60.9067213114754,68.80203703703704,4.174505617977528,4.174505617977528,10.215080808080808,142.4356338028169,55.26191256830601,62.425493827160494,0.0002691565441376,0.0145344533834323,0.2213483146067415,0.097993699220693,-14.549295774647888,1.479681608713867,3.4285714285714284,61.0,0.0,0.0,0.0929292929292929,0.2636363636363636,0.3094014259658431,0.1147540983606557,0.0212121212121212,0.375,0.0404040404040404,1.3563231659506298,0.0010976948408342,0.000720288115246,-1.0151757188498405,1145000000.0,804000000.0,171000000.0,3494000000.0,524000000.0,130000000.0,52000000.0,75.36363636363636,40.2576112412178,14.12177985948478,1.1942098914354644,2.235602094240838,6.373134328358209,0.0011235955056179,0.0670926517571885,2014-10-28,0.53,amc,718767123.0,2025-04-25,2014-09-30,0.3773584905660376,61.49063492063492,2767019.253968254
2014-06-30,EA,USD,712515,2014-08-05,2014-08-05 16:33:24,2015,Q1,1214000000.0,367000000.0,847000000.0,0.697693575,265000000,88000000.0,130000000.0,218000000.0,3000000.0,486000000.0,853000000.0,0.0,8000000.0,56000000.0,412000000.0,0.3393739703,362000000.0,0.2981878089,-8000000.0,354000000.0,0.2915980231,19000000.0,335000000.0,0.2759472817,1.07,1.04,313000000,322000000,https://www.sec.gov/Archives/edgar/data/712515/000071251514000039/0000712515-14-000039-index.htm,https://www.sec.gov/Archives/edgar/data/712515/000071251514000039/ea6302014-q1fy1510qdoc.htm,3.878594249201278,1.0702875399361025,0.0127795527156549,-0.0734824281150159,7.399361022364217,8.667731629392971,2.642172523961661,8.667731629392971,1.8977635782747604,11227310000.0,10259310000.0,8.378589552238806,9.2481960461285,2806.8275,-488.1439130434783,4.138337633615923,4.138337633615923,8.450831960461285,24.901237864077668,2564.8275,-446.0569565217391,0.0298379576229746,-0.0020485761950102,0.2159970512347954,0.1070124178232286,-2.349514563106796,1.6405375139977605,45.25,0.0119402985074626,0.0,0.0,0.072487644151565,0.2182866556836902,0.3444119795471146,6.75,0.0222405271828665,0.4821428571428571,0.0238879736408566,14.447550524400675,0.092837566793747,0.0933147632311977,-0.8442492012779552,1144000000.0,827000000.0,167000000.0,3533000000.0,273000000.0,94000000.0,46500000.0,16.23558484349259,16.920980926430516,9.073569482288828,5.54337899543379,5.318840579710145,9.91891891891892,0.1234795429413933,0.0862619808306709,2014-07-22,0.02622,amc,255578947.0,2025-04-25,2014-06-30,6.246376811594203,53.91016393442623,3737668.180327869
2014-03-31,EA,USD,712515,2014-05-21,2014-05-21 16:38:47,2014,Q4,1123000000.0,223000000.0,900000000.0,0.8014247551,289000000,105000000.0,155000000.0,260000000.0,4000000.0,553000000.0,776000000.0,0.0,10000000.0,57000000.0,399000000.0,0.3552983081,344000000.0,0.3063223508,-7000000.0,337000000.0,0.3000890472,-30000000.0,367000000.0,0.3268032057,1.18,1.15,310000000,319000000,https://www.sec.gov/Archives/edgar/data/712515/000071251514000024/0000712515-14-000024-index.htm,https://www.sec.gov/Archives/edgar/data/712515/000071251514000024/ea3312014-q410kdoc.htm,3.6225806451612894,1.1838709677419357,0.9064516129032258,0.8548387096774194,7.629032258064516,7.812903225806451,1.6838709677419357,7.812903225806451,1.903225806451613,8993100000.0,7791100000.0,6.126089918256131,8.008103294746215,32.00391459074733,33.93622641509434,3.713088356729976,3.713088356729976,6.937756010685663,19.5265664160401,27.726334519572955,29.40037735849057,0.0408090647274021,0.0294670358385873,0.2394715111478117,0.1014695591322603,-3.012531328320802,1.3129707112970712,34.4,0.7656675749318801,0.0,0.0,0.0934995547640249,0.2573463935886019,0.3324002799160251,0.0569395017793594,0.0142475512021371,0.2807017543859649,0.0347284060552092,14.426124195819728,0.1126347400482842,0.0961740041928721,-2.115322580645161,748000000.0,522000000.0,-156000000.0,3158000000.0,426500000.0,128000000.0,55500000.0,26.20658949243099,48.02690582959641,22.600896860986545,3.434250764525994,1.8739495798319328,3.982142857142857,0.1515276630883567,0.0516129032258064,2014-05-06,0.1,amc,257354166.0,2025-04-25,2014-03-31,3.8,41.23765625,3956316.734375
2013-12-31,EA,USD,712515,2014-02-04,2014-02-04 16:48:25,2014,Q3,808000000.0,517000000.0,291000000.0,0.3601485149,275000000,91000000.0,214000000.0,305000000.0,2000000.0,584000000.0,1101000000.0,0.0,7000000.0,58000000.0,-233000000.0,-0.2883663366,-292000000.0,-0.3613861386,-6000000.0,-298000000.0,-0.3688118812,10000000.0,-308000000.0,-0.3811881188,-1.0,-1.0,308000000,309000000,https://www.sec.gov/Archives/edgar/data/712515/000071251514000009/0000712515-14-000009-index.htm,https://www.sec.gov/Archives/edgar/data/712515/000071251514000009/ea12312013-q3fy1410qdoc.htm,2.623376623376624,-1.0,2.2240259740259742,2.133116883116883,6.720779220779221,6.5064935064935066,0.2694805194805195,6.5064935064935066,1.8896103896103893,7065520000.0,5894520000.0,-5.735,8.744455445544554,10.314627737226276,10.754216133942162,3.5257085828343318,3.5257085828343318,7.295198019801981,-25.298369098712445,8.605138686131387,8.971872146118722,-0.04359197907585,0.0929867865351736,0.2869261477045908,0.1031760272743585,5.0257510729613735,1.0985332831891688,-41.71428571428572,-2.2240259740259742,0.0,0.0,0.1126237623762376,0.3403465346534653,0.3446976493809438,0.0408759124087591,0.0346534653465346,0.4827586206896552,0.0495049504950495,,-0.1035685167186413,-0.0843373493975903,-3.4967532467532467,262000000.0,83000000.0,-648000000.0,2701000000.0,560000000.0,172500000.0,56500000.0,58.589108910891085,23.84912959381045,9.574468085106384,1.5361216730038023,3.7737226277372256,9.4,-0.1536926147704591,0.0909090909090909,2014-01-28,1.23,amc,788761904.0,2025-04-25,2013-12-31,0.024390243902439,36.4415625,3578021.265625
2013-09-30,EA,USD,712515,2013-11-05,2013-11-05 16:36:58,2014,Q2,695000000.0,413000000.0,282000000.0,0.4057553957,283000000,129000000.0,164000000.0,293000000.0,4000000.0,580000000.0,993000000.0,0.0,3000000.0,56000000.0,-197000000.0,-0.2834532374,-252000000.0,-0.3625899281,-8000000.0,-260000000.0,-0.3741007194,13000000.0,-273000000.0,-0.3928057554,-0.89,-0.89,306741573,308000000,https://www.sec.gov/Archives/edgar/data/712515/000071251513000042/0000712515-13-000042-index.htm,https://www.sec.gov/Archives/edgar/data/712515/000071251513000042/ea09302013-q2fy1410qdoc.htm,2.265750915999899,-0.8900000000978022,-0.019560439562589,-0.0978021978129453,4.622783883291881,7.452527473346431,1.1214652015884394,7.452527473346431,1.8680219782272551,7837247190.150001,7317247190.150001,-7.176966291346154,11.276614662086333,-1306.207865025,-261.241573005,3.42836709980315,3.42836709980315,10.528413223237411,-37.14338675203046,-1219.5411983583335,-243.90823967166668,-0.0348336594950216,-0.0038278746697825,0.2493438320209973,0.1131850675138999,2.639593908629441,1.2641815235008105,-84.0,0.0219780219780219,0.0,0.0,0.1856115107913669,0.4071942446043165,0.3856235107227959,-4.0,0.0345323741007194,0.4285714285714285,0.0546762589928057,,-0.083076923076923,-0.088235294117647,-2.7955128208200195,489000000.0,344000000.0,-410000000.0,2963000000.0,357000000.0,128000000.0,49500000.0,76.92086330935253,45.32687651331719,12.639225181598064,1.17003367003367,1.9855769230769231,7.120689655172414,-0.1194225721784777,0.0782417582503562,2013-10-29,0.12,amc,252727272.0,2025-04-25,2013-09-30,1.7500000000000002,32.46873015873016,4160581.8253968256
2013-06-30,EA,USD,712515,2013-08-02,2013-08-02 16:30:41,2014,Q1,949000000.0,194000000.0,755000000.0,0.7955742887,278000000,85000000.0,147000000.0,232000000.0,2000000.0,514000000.0,708000000.0,0.0,6000000.0,56000000.0,291000000.0,0.3066385669,233000000.0,0.2455216017,-5000000.0,228000000.0,0.2402528978,6000000.0,222000000.0,0.2339304531,0.73,0.71,304000000,312000000,https://www.sec.gov/Archives/edgar/data/712515/000071251513000037/0000712515-13-000037-index.htm,https://www.sec.gov/Archives/edgar/data/712515/000071251513000037/ea06302013-q1fy1410qdoc.htm,3.1217105263157894,0.7302631578947368,-0.8157894736842105,-0.9111842105263158,4.641447368421052,8.197368421052632,1.763157894736842,8.197368421052632,1.875,7046720000.0,6554720000.0,7.935495495495496,7.425416227608008,-28.414193548387097,-25.43942238267148,2.827736757624398,2.827736757624398,6.906975763962065,22.524810996563573,-26.43032258064516,-23.663249097472924,0.0315040188910585,-0.0393090686163207,0.2263242375601926,0.1224755700325732,-1.690721649484536,1.536704730831974,38.833333333333336,-1.117117117117117,0.0,0.0,0.089567966280295,0.2929399367755532,0.4247557003257329,-0.1169354838709677,0.0305584826132771,0.5178571428571429,0.0347734457323498,11.605615596152193,0.0671406987430102,0.0838052095130237,-1.9457236842105263,658000000.0,536000000.0,-229000000.0,3151000000.0,216000000.0,92000000.0,41500000.0,11.380400421496311,22.2680412371134,19.02061855670103,7.908333333333333,4.041666666666667,4.7317073170731705,0.0890850722311396,0.0953947368421052,2013-07-23,-0.59,amc,1423500000.0,2025-04-25,2013-06-30,-0.3220338983050846,26.804426229508195,5286167.7049180325
2013-03-31,EA,USD,712515,2013-05-22,2013-05-22 16:21:53,2013,Q4,1209000000.0,309000000.0,900000000.0,0.7444168734,287000000,96000000.0,198000000.0,294000000.0,-2000000.0,590000000.0,899000000.0,0.0,10000000.0,86000000.0,426000000.0,0.3523573201,309000000.0,0.2555831266,21000000.0,330000000.0,0.2729528536,7000000.0,323000000.0,0.2671629446,1.07,1.05,301000000,307000000,https://www.sec.gov/Archives/edgar/data/712515/000071251513000022/0000712515-13-000022-index.htm,https://www.sec.gov/Archives/edgar/data/712515/000071251513000022/ea20130331-10kdoc.htm,4.016611295681063,1.0730897009966778,0.7740863787375415,0.6910299003322259,5.5813953488372094,7.53156146179402,0.973421926910299,7.53156146179402,1.8903654485049832,5390910000.0,4657910000.0,4.172530959752322,4.458982630272953,23.13695278969957,25.91783653846154,2.37799294221438,2.37799294221438,3.8526964433416047,10.93406103286385,19.991030042918457,22.39379807692308,0.0599156728641361,0.0385834673552331,0.2465813850904278,0.1102564102564102,-1.7206572769953052,1.2128325508607198,30.9,0.7213622291021672,0.0,0.0,0.0794044665012407,0.2373862696443341,0.3893491124260355,0.1072961373390558,0.0206782464846981,0.2906976744186046,0.0347394540942928,13.485025892974011,0.0959230747051869,0.104328165374677,-2.883720930232558,408000000.0,293000000.0,-478000000.0,2930000000.0,347000000.0,114500000.0,50500000.0,23.225806451612904,39.61165048543689,12.233009708737864,3.875,2.272058823529412,7.357142857142857,0.1424790471989413,0.0830564784053156,2013-05-07,0.57,amc,1252963636.0,2025-04-25,2013-03-31,-0.0350877192982454,23.98921875,5377203.625
2012-12-31,EA,USD,712515,2013-02-05,2013-02-05 16:14:36,2013,Q3,922000000.0,429000000.0,493000000.0,0.5347071584,286000000,68000000.0,214000000.0,282000000.0,-1000000.0,575000000.0,1004000000.0,0.0,7000000.0,66000000.0,40000000.0,0.0433839479,-39000000.0,-0.0422993492,42000000.0,-33000000.0,-0.035791757,12000000.0,-45000000.0,-0.0488069414,-0.15,-0.15,300000000,304000000,https://www.sec.gov/Archives/edgar/data/712515/000071251513000007/0000712515-13-000007-index.htm,https://www.sec.gov/Archives/edgar/data/712515/000071251513000007/ea12312012-10qdoc.htm,3.0733333333333333,-0.15,1.21,1.1266666666666667,4.973333333333334,6.526666666666666,-0.2333333333333333,6.526666666666666,1.87,4356000000.0,3752000000.0,-24.2,4.724511930585683,12.0,12.887573964497042,2.224719101123596,2.224719101123596,4.06941431670282,93.8,10.336088154269971,11.100591715976332,-0.0103305785123966,0.0775941230486685,0.2829417773237997,0.1099424488985909,-15.1,1.038676607642125,-5.571428571428571,-8.066666666666666,0.0,0.0,0.0737527114967462,0.3101952277657266,0.4024608057154197,0.0688705234159779,0.027114967462039,0.3787878787878788,0.0422993492407809,,-0.0183829305847971,-0.0149452009299236,-4.243333333333333,83000000.0,-70000000.0,-852000000.0,2661000000.0,512500000.0,156000000.0,65000000.0,37.288503253796094,19.51048951048951,12.377622377622377,2.413612565445026,4.612903225806452,7.271186440677966,-0.0229826353421859,0.0833333333333333,2013-01-30,0.56,amc,905824561.0,2025-04-25,2012-12-31,0.0178571428571426,25.9665625,3655122.84375
2012-09-30,EA,USD,712515,2012-11-06,2012-11-06 17:05:23,2013,Q2,711000000.0,445000000.0,266000000.0,0.3741209564,314000000,99000000.0,212000000.0,311000000.0,7000000.0,632000000.0,1077000000.0,2000000.0,0.0,56000000.0,-312000000.0,-0.4388185654,-364000000.0,-0.511954993,-2000000.0,-368000000.0,-0.517580872,13000000.0,-381000000.0,-0.5358649789,-1.21,-1.21,316000000,316000000,https://www.sec.gov/Archives/edgar/data/712515/000071251512000010/0000712515-12-000010-index.htm,https://www.sec.gov/Archives/edgar/data/712515/000071251512000010/ea09302012-10qdoc.htm,2.25,-1.2056962025316456,-0.0886075949367088,-0.1677215189873417,4.161392405063292,6.816455696202532,0.3069620253164557,6.816455696202532,1.7373417721518989,3902600000.0,3580600000.0,-2.560761154855643,5.488888888888889,-139.37857142857143,-73.63396226415094,1.811792014856081,1.811792014856081,5.036005625879044,-11.476282051282052,-127.87857142857143,-67.55849056603773,-0.0976272228770563,-0.0135806897965458,0.2548746518105849,0.1057599691774224,1.0320512820512822,1.1397849462365592,0.0,0.0734908136482939,0.0,0.0,0.1392405063291139,0.4416315049226441,0.3962627624735118,-0.8928571428571429,0.0351617440225035,0.4464285714285714,0.0618846694796061,,-0.1198278841501348,-0.1215698787492023,-3.810917721518987,286000000.0,97000000.0,-705000000.0,2904000000.0,377000000.0,134500000.0,65500000.0,81.39240506329114,44.29213483146068,14.359550561797754,1.1057542768273716,2.0319634703196345,6.267605633802817,-0.1768802228412256,0.0791139240506329,2012-10-30,0.11,amc,521400000.0,2025-04-25,2012-09-30,0.3636363636363636,20.35203125,4633787.546875
2012-06-30,EA,USD,712515,2012-08-03,2012-08-03 17:23:14,2013,Q1,955000000.0,205000000.0,750000000.0,0.7853403141,290000000,86000000.0,145000000.0,231000000.0,7000000.0,528000000.0,733000000.0,-1000000.0,5000000.0,56000000.0,272000000.0,0.2848167539,215000000.0,0.2251308901,-5000000.0,210000000.0,0.219895288,9000000.0,201000000.0,0.2104712042,0.63,0.63,317000000,320000000,https://www.sec.gov/Archives/edgar/data/712515/000071251512000004/0000712515-12-000004-index.htm,https://www.sec.gov/Archives/edgar/data/712515/000071251512000004/ea06302012-10qdoc.htm,3.0126182965299684,0.6340694006309149,-0.7697160883280757,-0.8675078864353313,4.539432176656152,8.050473186119874,1.5425867507886435,8.050473186119874,1.7318611987381702,3914950000.0,3539950000.0,4.8693407960199,4.099424083769634,-16.04487704918033,-14.236181818181818,1.53407131661442,1.53407131661442,3.7067539267015706,13.014522058823529,-14.507991803278689,-12.872545454545454,0.0513416518729485,-0.0702435535575167,0.2131661442006269,0.1127461139896373,-1.3786764705882353,1.4603293413173652,43.0,-1.2139303482587065,0.0,0.0,0.0900523560209424,0.3036649214659686,0.4275647668393782,-0.1270491803278688,0.0324607329842931,0.5535714285714286,0.0408376963350785,10.716929174355933,0.0589812881300413,0.0727733526430123,-2.2736593059936907,615000000.0,489000000.0,-322000000.0,3236000000.0,238500000.0,132500000.0,59500000.0,10.460732984293193,21.95121951219512,26.341463414634145,8.603603603603604,4.1,3.4166666666666665,0.0787617554858934,0.0977917981072555,2012-07-31,-0.42,amc,978292682.0,2025-04-25,2012-06-30,-0.0238095238095238,16.652333333333335,5451764.416666667
2012-03-31,EA,USD,712515,2012-05-25,2012-05-25 16:34:45,2012,Q4,1368000000.0,374000000.0,994000000.0,0.7266081871,284000000,115000000.0,222000000.0,337000000.0,-2000000.0,619000000.0,993000000.0,9000000.0,7000000.0,68000000.0,436000000.0,0.3187134503,365000000.0,0.2668128655,-4000000.0,361000000.0,0.2638888889,-39000000.0,400000000.0,0.2923976608,1.26,1.26,317000000,317000000,https://www.sec.gov/Archives/edgar/data/712515/000119312512249324/0001193125-12-249324-index.htm,https://www.sec.gov/Archives/edgar/data/712515/000119312512249324/d318259d10k.htm,4.315457413249211,1.2618296529968454,0.9053627760252366,0.7665615141955836,5.832807570977918,7.753943217665615,1.1703470031545742,7.753943217665615,1.722397476340694,5227329999.999999,4473329999.999999,3.26708125,3.821147660818713,18.21369337979094,21.511646090534978,2.126659886086249,2.126659886086249,3.269978070175438,10.259931192660549,15.586515679442506,18.40876543209876,0.0765209007275224,0.0464864471919699,0.2192839707078926,0.098160626479694,-1.7293577981651376,1.2306603773584903,52.142857142857146,0.7175,0.0,0.0,0.0840643274853801,0.2076023391812865,0.3800764887998543,0.1533101045296167,0.0321637426900584,0.6470588235294118,0.0299707602339181,14.837233512125684,0.1199739344301361,0.117508813160987,-2.77602523659306,489000000.0,371000000.0,-424000000.0,3144000000.0,446000000.0,163500000.0,64000000.0,24.07894736842105,51.73796791443851,14.197860962566844,3.737704918032787,1.73953488372093,6.338983050847458,0.16273393002441,0.138801261829653,2012-05-07,0.16,amc,1287529411.0,2025-04-25,2012-03-31,0.0625,13.74016129032258,5270155.838709678
2011-12-31,EA,USD,712515,2012-02-07,2012-02-06 18:30:27,2012,Q3,1061000000.0,552000000.0,509000000.0,0.479736098,325000000,98000000.0,269000000.0,367000000.0,-3000000.0,703000000.0,1255000000.0,0.0,10000000.0,54000000.0,-132000000.0,-0.1244109331,-183000000.0,-0.1724787936,-10000000.0,-193000000.0,-0.1819038643,12000000.0,-205000000.0,-0.1932139491,-0.62,-0.62,332000000,332000000,https://www.sec.gov/Archives/edgar/data/712515/000119312512041653/0001193125-12-041653-index.htm,https://www.sec.gov/Archives/edgar/data/712515/000119312512041653/d291203d10q.htm,3.1957831325301207,-0.6174698795180723,1.430722891566265,1.2981927710843373,5.394578313253012,6.822289156626506,0.4427710843373494,6.822289156626506,1.6385542168674698,6839200000.0,6131200000.0,-8.34048780487805,6.445994344957588,14.398315789473685,15.868213457076566,3.019514348785872,3.019514348785872,5.778699340245052,-46.448484848484846,12.907789473684211,14.22552204176334,-0.0299742659960229,0.0630190665574921,0.2357615894039735,0.09375,5.363636363636363,1.1706299541093033,-18.3,-2.317073170731707,0.0,0.0,0.0923656927426955,0.3063147973609802,0.3718398876404494,0.0926315789473684,0.0414703110273327,0.8148148148148148,0.0452403393025447,,-0.0589203511191175,-0.0572945779765231,-3.647590361445783,409000000.0,147000000.0,-625000000.0,3074000000.0,544000000.0,162500000.0,79500000.0,44.61828463713479,18.26086956521739,11.25,2.017110266159696,4.928571428571429,8.0,-0.0905077262693156,0.1325301204819277,2012-02-01,0.93,amc,996696969.0,2025-04-25,2011-12-31,0.064516129032258,12.706825396825396,5751323.428571428
2011-09-30,EA,USD,712515,2011-11-08,2011-11-08 16:43:19,2012,Q2,715000000.0,432000000.0,283000000.0,0.3958041958,318000000,88000000.0,222000000.0,310000000.0,13000000.0,641000000.0,1073000000.0,0.0,6000000.0,51000000.0,-323000000.0,-0.4517482517,-374000000.0,-0.5230769231,-35000000.0,-380000000.0,-0.5314685315,-40000000.0,-340000000.0,-0.4755244755,-1.03,-1.03,331000000,331000000,https://www.sec.gov/Archives/edgar/data/712515/000119312511302274/0001193125-11-302274-index.htm,https://www.sec.gov/Archives/edgar/data/712515/000119312511302274/d249014d10q.htm,2.1601208459214503,-1.027190332326284,-0.6374622356495468,-0.7945619335347432,4.528700906344411,7.673716012084592,1.2809667673716012,7.673716012084592,1.6163141993957704,6768950000.0,6367950000.0,-4.977169117647058,9.467062937062938,-32.0803317535545,-25.73745247148289,2.6649409448818897,2.6649409448818897,8.906223776223776,-19.71501547987616,-30.17985781990521,-24.21273764258555,-0.0502293561039747,-0.0388538842804275,0.208267716535433,0.0973321067157313,1.241486068111455,1.3851132686084142,-62.333333333333336,0.6205882352941177,0.0,0.0,0.123076923076923,0.4447552447552447,0.3893284268629254,-0.2464454976303317,0.0727272727272727,1.0196078431372548,0.0601398601398601,,-0.0934464057378856,-0.1024404941247363,-2.808157099697885,714000000.0,424000000.0,-327000000.0,3362000000.0,296000000.0,152000000.0,82500000.0,70.74125874125875,44.375,18.75,1.2722419928825623,2.028169014084507,4.8,-0.1338582677165354,0.1570996978851963,2011-10-27,0.01545,bmo,571999999.0,2025-04-25,2011-09-30,2.236245954692557,14.256984126984127,6341527.380952381
2011-06-30,EA,USD,712515,2011-08-09,2011-08-09 16:21:25,2012,Q1,999000000.0,240000000.0,759000000.0,0.7597597598,285000000,74000000.0,140000000.0,214000000.0,13000000.0,512000000.0,752000000.0,3000000.0,0.0,43000000.0,273000000.0,0.2732732733,227000000.0,0.2272272272,-6000000.0,230000000.0,0.2302302302,9000000.0,221000000.0,0.2212212212,0.67,0.66,331000000,337000000,https://www.sec.gov/Archives/edgar/data/712515/000119312511216530/0001193125-11-216530-index.htm,https://www.sec.gov/Archives/edgar/data/712515/000119312511216530/d10q.htm,3.0181268882175227,0.6676737160120846,-0.8277945619335347,-0.9244712990936556,5.5830815709969785,8.308157099697885,4.483383685800605,8.308157099697885,0.0,7811600000.0,6638600000.0,8.836651583710408,7.819419419419419,-28.50948905109489,-25.5281045751634,2.8405818181818185,2.8405818181818185,6.6452452452452455,24.31721611721612,-24.228467153284672,-21.694771241830065,0.0282912591530544,-0.0391725126734599,0.0,0.0,-4.2967032967032965,1.9216326530612244,0.0,-1.239819004524887,0.0,0.0,0.074074074074074,0.2852852852852853,0.2907003444316877,-0.1167883211678832,0.032032032032032,0.7441860465116279,0.038038038038038,11.171866799656542,0.0696860675093763,0.0715441890579475,0.9154078549848944,1129000000.0,1484000000.0,749000000.0,2911000000.0,182500000.0,159500000.0,76000000.0,2.702702702702702,34.125,28.125,33.3,2.6373626373626373,3.2,0.0803636363636363,0.0966767371601208,2011-07-26,-0.39,bmo,1053000000.0,2025-04-25,2011-06-30,-0.0512820512820513,17.761935483870968,8490872.241935484
2011-03-31,EA,USD,712515,2011-05-24,2011-05-24 16:56:02,2011,Q4,1090000000.0,328000000.0,762000000.0,0.6990825688,328000000,75000000.0,194000000.0,269000000.0,13000000.0,610000000.0,938000000.0,0.0,0.0,42000000.0,194000000.0,0.1779816514,145000000.0,0.1330275229,4000000.0,149000000.0,0.1366972477,-2000000.0,151000000.0,0.1385321101,0.46,0.46,330000000,331000000,https://www.sec.gov/Archives/edgar/data/712515/000119312511149262/0001193125-11-149262-index.htm,https://www.sec.gov/Archives/edgar/data/712515/000119312511149262/d10k.htm,3.303030303030303,0.4575757575757576,0.7666666666666667,0.703030303030303,6.778787878787878,7.7696969696969695,3.9696969696969697,7.7696969696969695,0.0,6444900000.0,4865900000.0,10.670364238410595,5.912752293577982,25.473913043478262,27.779741379310344,2.513611544461779,2.513611544461779,4.464128440366973,25.0819587628866,19.232806324110676,20.973706896551725,0.0234293782680879,0.035997455352294,0.0,0.0,-8.139175257731958,1.5152423788105946,0.0,1.6754966887417218,0.0,0.0,0.0688073394495412,0.3009174311926605,0.2544642857142857,0.0830039525691699,0.0192660550458715,0.5,0.0348623853211009,8.943856102569576,0.0502037269302467,0.0410996189439303,0.4931818181818181,1031000000.0,1310000000.0,668000000.0,2798000000.0,362500000.0,195000000.0,91000000.0,27.66055045871559,62.5609756097561,21.12804878048781,3.253731343283582,1.4385964912280702,4.259740259740259,0.0588923556942277,0.0636363636363636,2011-05-04,0.22,bmo,959200000.0,2025-04-25,2011-03-31,0.1363636363636363,22.52047619047619,6640209.507936508
2010-12-31,EA,USD,712515,2011-02-07,2011-02-07 17:25:41,2011,Q3,1053000000.0,586000000.0,467000000.0,0.4434947768,273000000,75000000.0,253000000.0,328000000.0,14000000.0,615000000.0,1201000000.0,0.0,0.0,44000000.0,-259000000.0,-0.2459639126,-303000000.0,-0.2877492877,0.0,-303000000.0,-0.2877492877,19000000.0,-322000000.0,-0.3057929725,-0.97,-0.97,332000000,332000000,https://www.sec.gov/Archives/edgar/data/712515/000119312511025954/0001193125-11-025954-index.htm,https://www.sec.gov/Archives/edgar/data/712515/000119312511025954/d10q.htm,3.171686746987952,-0.9698795180722892,1.0512048192771084,1.0060240963855422,5.936746987951807,7.102409638554217,3.286144578313253,7.102409638554217,0.0,5438160000.0,4085160000.0,-4.222173913043478,5.164444444444444,15.58212034383954,16.281916167664672,2.3062595419847325,2.3062595419847325,3.87954415954416,-15.772818532818532,11.705329512893982,12.231017964071857,-0.059211203789517,0.0614178325021698,0.0,0.0,5.223938223938224,1.351593625498008,0.0,-1.0838509316770186,0.0,0.0,0.0712250712250712,0.2592592592592592,0.268034694309287,0.0429799426934097,0.0142450142450142,0.3409090909090909,0.0455840455840455,,-0.1184258918720117,-0.0930635838150289,-0.1596385542168674,706000000.0,1091000000.0,345000000.0,2475000000.0,417000000.0,183500000.0,130000000.0,33.333333333333336,24.880546075085324,16.12627986348123,2.7,3.617283950617284,5.580952380952381,-0.1365564037319762,0.0451807228915662,2011-02-01,0.56,bmo,999457627.0,2025-04-25,2010-12-31,0.0535714285714284,21.93328125,8298196.59375
2010-09-30,EA,USD,712515,2010-11-08,2010-11-08 16:37:26,2011,Q2,631000000.0,363000000.0,268000000.0,0.4247226624,277000000,77000000.0,173000000.0,250000000.0,15000000.0,542000000.0,905000000.0,6000000.0,0.0,46000000.0,-172000000.0,-0.2725832013,-252000000.0,-0.3993660856,34000000.0,-218000000.0,-0.3454833597,-17000000.0,-201000000.0,-0.3185419968,-0.61,-0.61,329000000,329000000,https://www.sec.gov/Archives/edgar/data/712515/000119312510252171/0001193125-10-252171-index.htm,https://www.sec.gov/Archives/edgar/data/712515/000119312510252171/d10q.htm,1.917933130699088,-0.6109422492401215,-0.4072948328267477,-0.4437689969604863,5.036474164133739,8.01823708206687,4.182370820668693,8.01823708206687,0.0,5412050000.0,4356050000.0,-6.731405472636816,8.576941362916006,-40.38843283582089,-37.06883561643835,2.051573161485974,2.051573161485974,6.903407290015848,-25.325872093023257,-32.50783582089552,-29.83595890410959,-0.037139346458366,-0.0269768387210022,0.0,0.0,6.1395348837209305,1.5848214285714286,0.0,0.6666666666666666,0.0,0.0,0.1220285261489698,0.438985736925515,0.2808188696039163,-0.0895522388059701,0.0190174326465927,0.2608695652173913,0.0681458003169572,,-0.0794082788288486,-0.0621905940594059,0.6428571428571429,917000000.0,1376000000.0,629000000.0,2689000000.0,273500000.0,130000000.0,118500000.0,63.32805071315372,50.82644628099173,38.4297520661157,1.4211711711711712,1.7707317073170732,2.341935483870968,-0.0761940864291129,0.0364741641337386,2010-11-02,-0.1,bmo,631000000.0,2025-04-25,2010-09-30,-2.0,21.96777777777778,5275299.158730159
2010-06-30,EA,USD,712515,2010-08-09,2010-08-09 16:37:26,2011,Q1,815000000.0,222000000.0,593000000.0,0.727607362,275000000,74000000.0,127000000.0,201000000.0,15000000.0,491000000.0,713000000.0,0.0,0.0,48000000.0,150000000.0,0.1840490798,98000000.0,0.1202453988,-5000000.0,93000000.0,0.1141104294,-3000000.0,96000000.0,0.117791411,0.29,0.29,328000000,332000000,https://www.sec.gov/Archives/edgar/data/712515/000119312510183448/0001193125-10-183448-index.htm,https://www.sec.gov/Archives/edgar/data/712515/000119312510183448/d10q.htm,2.484756097560976,0.2926829268292683,-0.4512195121951219,-0.4847560975609756,5.274390243902439,8.390243902439025,4.503048780487805,8.390243902439025,0.0,4723200000.0,3666200000.0,12.3,5.795337423312883,-31.91351351351351,-29.70566037735849,1.716279069767442,1.716279069767442,4.49840490797546,24.441333333333333,-24.771621621621623,-23.057861635220124,0.0203252032520325,-0.0336636178861788,0.0,0.0,-7.046666666666667,1.9124463519313304,0.0,-1.5416666666666667,0.0,0.0,0.0907975460122699,0.3374233128834356,0.3003533568904594,-0.0743243243243243,0.0134969325153374,0.2291666666666666,0.0576687116564417,7.433224448312367,0.0328445747800586,0.0323232323232323,1.0830792682926829,1063000000.0,1477000000.0,735000000.0,2854000000.0,154500000.0,73000000.0,91000000.0,11.374233128834357,22.2972972972973,33.24324324324324,7.912621359223301,4.036363636363636,2.707317073170732,0.0348837209302325,0.0335365853658536,2010-08-03,-0.35,bmo,1188541666.0,2025-04-25,2010-06-30,-0.3142857142857143,17.758064516129032,6551647.403225807
2010-03-31,EA,USD,712515,2010-05-28,2010-05-28 17:17:38,2010,Q4,979000000.0,298000000.0,681000000.0,0.695607763,311000000,79000000.0,171000000.0,250000000.0,15000000.0,576000000.0,874000000.0,0.0,2000000.0,50000000.0,155000000.0,0.1583248212,83000000.0,0.0847803882,-3000000.0,80000000.0,0.0817160368,50000000.0,30000000.0,0.0306435138,0.0915,0.0915,328000000,328000000,https://www.sec.gov/Archives/edgar/data/712515/000095013010001579/0000950130-10-001579-index.htm,https://www.sec.gov/Archives/edgar/data/712515/000095013010001579/d10k.htm,2.984756097560976,0.0914634146341463,0.7713414634146342,0.7042682926829268,6.085365853658536,8.320121951219512,4.365853658536586,8.320121951219512,0.0060975609756097,6120480000.0,4847480000.0,51.004000000000005,6.251767109295199,24.191620553359684,26.495584415584418,2.2427555881275194,2.2427555881275194,4.951460674157303,31.27406451612903,19.16,20.984761904761903,0.0049015763469531,0.0377421378715394,0.0,0.0,-8.212903225806452,1.642312579415502,41.5,8.433333333333334,0.0,0.0,0.0806945863125638,0.3176710929519918,0.27916487300904,0.0869565217391304,0.0224719101123595,0.0235546038543897,0.0429009193054136,4.137898281277428,0.0101318359375,0.0089578978799641,0.864329268292683,1011000000.0,1432000000.0,668000000.0,2845000000.0,350500000.0,138500000.0,122000000.0,18.937691521961185,27.483221476510067,30.2013422818792,4.752427184466019,3.274725274725274,2.98,0.0109930377427629,0.0670731707317073,2010-05-11,0.05,bmo,699285714.0,2025-04-25,2010-03-31,0.4000000000000001,15.94125,5408509.5
2009-12-31,EA,USD,712515,2010-02-09,2010-02-09 16:18:52,2010,Q3,1243000000.0,654000000.0,589000000.0,0.47385358,290000000,84000000.0,208000000.0,292000000.0,14000000.0,596000000.0,1250000000.0,0.0,0.0,48000000.0,7000000.0,0.0056315366,-107000000.0,-0.0860820595,-117000000.0,-110000000.0,-0.0884955752,-28000000.0,-82000000.0,-0.0659694288,-0.25,-0.25,325000000,325000000,https://www.sec.gov/Archives/edgar/data/712515/000119312510025856/0001193125-10-025856-index.htm,https://www.sec.gov/Archives/edgar/data/712515/000119312510025856/d10q.htm,3.824615384615385,-0.2523076923076923,0.68,0.6307692307692307,5.489230769230769,7.996923076923077,3.96,7.996923076923077,0.0,5768750000.0,4654750000.0,-17.587652439024392,4.64098954143202,26.102941176470587,28.140243902439025,2.219603693728357,2.219603693728357,3.744770716009654,664.9642857142857,21.06221719457013,22.70609756097561,-0.0142145178764897,0.0355362946912242,0.0,0.0,-159.14285714285714,1.48690539818279,0.0,-2.6951219512195124,0.0,0.0,0.0675784392598551,0.2333065164923572,0.265640817979348,0.0723981900452488,0.0128720836685438,0.3333333333333333,0.0547063555913113,,-0.0259985776934929,-0.0226082161566032,-0.3469230769230769,911000000.0,1287000000.0,442000000.0,2773000000.0,570500000.0,229500000.0,197000000.0,35.84070796460177,25.59633027522936,19.81651376146789,2.511111111111111,3.5161290322580645,4.541666666666667,-0.0315505963832243,0.0492307692307692,2010-02-08,0.31,bmo,1167666666.0,2025-04-25,2009-12-31,0.0645161290322581,15.906875,4629494.421875
2009-09-30,EA,USD,712515,2009-11-10,2009-11-10 16:49:36,2010,Q2,788000000.0,593000000.0,195000000.0,0.2474619289,316000000,91000000.0,187000000.0,278000000.0,12000000.0,606000000.0,1199000000.0,0.0,0.0,46000000.0,-365000000.0,-0.4631979695,-417000000.0,-0.5291878173,-19000000.0,-418000000.0,-0.5304568528,-27000000.0,-391000000.0,-0.4961928934,-1.21,-1.21,324000000,324000000,https://www.sec.gov/Archives/edgar/data/712515/000119312509230789/0001193125-09-230789-index.htm,https://www.sec.gov/Archives/edgar/data/712515/000119312509230789/d10q.htm,2.432098765432099,-1.2067901234567902,0.0185185185185185,-0.7808641975308642,6.209876543209877,8.197530864197532,5.077160493827161,8.197530864197532,0.0,6172200000.0,5130200000.0,-3.9464194373401535,7.832741116751269,1028.7,-24.39604743083004,2.3238704819277105,2.3238704819277105,6.510406091370559,-14.055342465753425,855.0333333333333,-20.277470355731225,-0.0633485629111176,-0.0409902465895466,0.0,0.0,2.854794520547945,1.6868792472556196,0.0,-0.0153452685421994,0.0,0.0,0.115482233502538,0.4010152284263959,0.2021191523390643,43.16666666666666,0.3286802030456853,5.630434782608695,0.0558375634517766,,-0.1262753620270104,-0.0979704334753194,0.8503086419753086,1314000000.0,1645000000.0,881000000.0,2894000000.0,510500000.0,219500000.0,232500000.0,73.78172588832487,41.433389544688026,37.94266441821248,1.2198142414860682,2.172161172161172,2.372,-0.1472138554216867,0.7993827160493827,2009-11-09,0.07,bmo,919333333.0,2025-04-25,2009-09-30,-0.1428571428571429,17.563809523809525,7004447.365079365
2009-06-30,EA,USD,712515,2009-08-10,2009-08-10 16:51:38,2010,Q1,644000000.0,321000000.0,323000000.0,0.501552795,312000000,66000000.0,164000000.0,230000000.0,12000000.0,554000000.0,875000000.0,0.0,0.0,48000000.0,-183000000.0,-0.2841614907,-245000000.0,-0.3804347826,-39000000.0,-258000000.0,-0.400621118,-24000000.0,-234000000.0,-0.3633540373,-0.72,-0.72,323000000,323000000,https://www.sec.gov/Archives/edgar/data/712515/000119312509170759/0001193125-09-170759-index.htm,https://www.sec.gov/Archives/edgar/data/712515/000119312509170759/d10q.htm,1.993808049535604,-0.7244582043343654,-1.015479876160991,-1.040247678018576,7.055727554179566,9.291021671826623,6.126934984520124,9.291021671826623,0.0,7015560000.0,5810560000.0,-7.49525641025641,10.893726708074537,-21.388902439024392,-20.87964285714286,2.337740753082306,2.337740753082306,9.022608695652174,-31.75169398907104,-17.715121951219512,-17.293333333333333,-0.0333544292971623,-0.0478935395036176,0.0,0.0,6.584699453551913,2.520634920634921,0.0,1.4017094017094016,0.0,0.0,0.1024844720496894,0.484472049689441,0.2164337145277425,-0.024390243902439,0.0124223602484472,0.1666666666666666,0.0512422360248447,,-0.0641852404175567,-0.0632432432432432,2.931114551083591,1916000000.0,1979000000.0,1455000000.0,3279000000.0,245500000.0,159000000.0,216000000.0,52.40683229813664,46.54205607476636,60.280373831775705,1.7173333333333334,1.933734939759036,1.4930232558139536,-0.0779740086637787,0.0247678018575851,2009-08-04,-0.13,bmo,4186000000.0,2025-04-25,2009-06-30,-0.8461538461538461,17.35655737704918,8289214.967213115
2009-03-31,EA,USD,712515,2009-05-22,2009-05-21 20:58:42,2009,Q4,860000000.0,349000000.0,511000000.0,0.5941860465,332000000,190000000.0,116000000.0,190000000.0,-377000000.0,145000000.0,494000000.0,0.0,0.0,46000000.0,412000000.0,0.4790697674,-62000000.0,-0.0720930233,3000000.0,-59000000.0,-0.0686046512,-17000000.0,-42000000.0,-0.0488372093,-0.13,-0.13,323000000,323000000,https://www.sec.gov/Archives/edgar/data/712515/000119312509116895/0001193125-09-116895-index.htm,https://www.sec.gov/Archives/edgar/data/712515/000119312509116895/d10k.htm,2.6625386996904026,-0.1300309597523219,0.6656346749226006,0.5882352941176471,7.801857585139319,9.702786377708978,6.520123839009288,9.702786377708978,0.0,5875370000.0,4254370000.0,-34.97244047619048,6.831825581395349,27.3273023255814,30.923,1.8747192086790043,1.8747192086790043,4.946941860465116,10.32614077669903,19.787767441860463,22.39142105263158,-0.0071484859676922,0.0323383889014649,0.0,0.0,-3.934466019417475,2.7464788732394365,0.0,-5.119047619047619,0.0,0.0,0.2209302325581395,0.386046511627907,0.2197520307823856,0.1162790697674418,0.0290697674418604,-0.1644736842105263,-0.1290697674418604,,-0.0124606417900448,-0.0115068493150684,3.626934984520124,1984000000.0,2106000000.0,1576000000.0,3366000000.0,455000000.0,242500000.0,256000000.0,12.13953488372093,39.19770773638968,55.95988538681948,7.413793103448276,2.296052631578948,1.608294930875576,-0.0134014039566049,0.0773993808049535,2009-05-05,-0.43,bmo,999459459.0,2025-04-25,2009-03-31,-0.1395348837209302,18.16671875,7508764.5625
2008-12-31,EA,USD,712515,2009-02-04,2009-02-04 17:13:26,2009,Q3,1654000000.0,925000000.0,729000000.0,0.4407496977,299000000,332000000.0,250000000.0,332000000.0,385000000.0,1016000000.0,1941000000.0,0.0,0.0,48000000.0,131000000.0,0.0792019347,-304000000.0,-0.1837968561,-13000000.0,-317000000.0,-0.1916565901,324000000.0,-641000000.0,-0.3875453446,-2.0,-2.0,321000000,321000000,https://www.sec.gov/Archives/edgar/data/712515/000119312509018921/0001193125-09-018921-index.htm,https://www.sec.gov/Archives/edgar/data/712515/000119312509018921/d10q.htm,5.1526479750778815,-1.9968847352024923,0.660436137071651,0.5763239875389408,7.043613707165109,9.510903426791277,6.258566978193146,9.510903426791277,0.0,5148840000.0,3769840000.0,-2.0081279251170043,3.112962515114873,24.28698113207547,27.831567567567568,1.6864854241729446,1.6864854241729446,2.2792261185006044,28.777404580152677,17.782264150943398,20.377513513513517,-0.1244940607981603,0.0359304231632756,0.0,0.0,-10.526717557251908,2.0341163310961967,0.0,-0.3307332293291731,0.0,0.0,0.2007255139056832,0.1807738814993954,0.2006149116064565,0.1273584905660377,0.0163240628778718,0.5625,0.026602176541717,,-0.1799510930193042,-0.1540865384615384,2.6573208722741435,1849000000.0,2009000000.0,1486000000.0,3265000000.0,670500000.0,321000000.0,311500000.0,43.2043530834341,32.4,28.7027027027027,2.083123425692696,2.7777777777777777,3.135593220338983,-0.2099574189321978,0.0841121495327102,2009-02-03,0.88,bmo,2599142857.0,2025-04-25,2008-12-31,-0.3636363636363636,19.97078125,8563869.421875
2008-09-30,EA,USD,712515,2008-11-06,2008-11-06 14:35:01,2009,Q2,894000000.0,557000000.0,337000000.0,0.3769574944,372000000,289000000.0,197000000.0,289000000.0,16000000.0,677000000.0,1234000000.0,0.0,0.0,54000000.0,-324000000.0,-0.3624161074,-364000000.0,-0.4071588367,-67000000.0,-391000000.0,-0.437360179,-81000000.0,-310000000.0,-0.3467561521,-0.97,-0.97,319000000,319000000,https://www.sec.gov/Archives/edgar/data/712515/000095013408019651/0000950134-08-019651-index.htm,https://www.sec.gov/Archives/edgar/data/712515/000095013408019651/f50297e10vq.htm,2.802507836990596,-0.9717868338557992,-0.3887147335423197,-0.4890282131661442,7.727272727272728,12.626959247648903,8.169278996865204,12.626959247648903,0.0,11799810000.0,9974810000.0,-9.515975806451614,13.198892617449664,-95.15975806451614,-75.6398076923077,2.929446375372393,2.929446375372393,11.157505592841163,-30.78645061728395,-80.44201612903225,-63.94108974358974,-0.0262716094581183,-0.0132205518563434,0.0,0.0,5.632716049382716,2.5,0.0,0.4,0.0,0.0,0.3232662192393736,0.4161073825503356,0.238510566923851,-0.2580645161290322,0.0357941834451901,0.5925925925925926,0.0592841163310962,,-0.0651746500414705,-0.0682819383259911,3.4647335423197494,2301000000.0,2606000000.0,1901000000.0,4140000000.0,408000000.0,238000000.0,275500000.0,55.06711409395973,49.92818671454219,52.998204667863554,1.6343692870201096,1.802588996763754,1.6981707317073171,-0.076961271102284,0.1003134796238244,2008-10-30,-0.06,bmo,894000000.0,2025-04-25,2008-09-30,-0.0,20.74126984126984,7653031.253968254
2008-06-30,EA,USD,712515,2008-08-04,2008-08-04 17:16:19,2009,Q1,804000000.0,296000000.0,508000000.0,0.631840796,356000000,212000000.0,128000000.0,212000000.0,15000000.0,583000000.0,879000000.0,0.0,0.0,50000000.0,-25000000.0,-0.0310945274,-97000000.0,-0.1206467662,-28000000.0,-88000000.0,-0.1094527363,7000000.0,-95000000.0,-0.118159204,-0.3,-0.3,318000000,318000000,https://www.sec.gov/Archives/edgar/data/712515/000095013408013991/0000950134-08-013991-index.htm,https://www.sec.gov/Archives/edgar/data/712515/000095013408013991/f42085e10vq.htm,2.5283018867924527,-0.2987421383647798,-0.9150943396226416,-1.0125786163522013,8.424528301886792,13.60377358490566,9.069182389937106,13.60377358490566,0.0,14128740000.0,12929740000.0,-37.180894736842106,17.573059701492536,-48.55237113402062,-43.87807453416149,3.266005547850208,3.266005547850208,16.08176616915423,-517.1896,-44.43209621993128,-40.15447204968944,-0.0067238833753045,-0.0227904257562953,0.0,0.0,47.96,3.491312741312741,0.0,3.0631578947368423,0.0,0.0,0.263681592039801,0.4427860696517413,0.2497402147558018,-0.1065292096219931,0.0385572139303482,0.62,0.0621890547263681,,-0.0221012893817874,-0.0219298245614035,4.856132075471698,2581000000.0,2884000000.0,2169000000.0,4415000000.0,287500000.0,198000000.0,195500000.0,30.11194029850746,50.77702702702703,67.80405405405405,2.9888475836431225,1.7724550898203593,1.3273542600896862,-0.0219602404068423,0.0974842767295597,2008-07-29,-0.34,bmo,650857142.0,2025-04-25,2008-06-30,0.2352941176470586,17.189999999999998,8351223.426229509
2008-03-31,EA,USD,712515,2008-05-23,2008-05-23 17:27:24,2008,Q4,1128000000.0,463000000.0,665000000.0,0.5895390071,316000000,218000000.0,129000000.0,218000000.0,13000000.0,547000000.0,1010000000.0,0.0,0.0,49000000.0,167000000.0,0.1480496454,-38000000.0,-0.0336879433,-99000000.0,-136000000.0,-0.1205673759,-43000000.0,-93000000.0,-0.0824468085,-0.29,-0.29,317000000,318000000,https://www.sec.gov/Archives/edgar/data/712515/000089161808000290/0000891618-08-000290-index.htm,https://www.sec.gov/Archives/edgar/data/712515/000089161808000290/f40957e10vk.htm,3.558359621451104,-0.2933753943217665,0.8990536277602523,0.8296529968454258,9.514195583596214,13.68769716088328,9.217665615141955,13.68769716088328,0.0,15824640000.0,14271640000.0,-42.53935483870968,14.028936170212766,55.52505263157895,60.16973384030418,3.647070753629869,3.647070753629869,12.652163120567376,85.45892215568863,50.075929824561406,54.26479087452472,-0.0058769109439456,0.0166196513791151,0.0,0.0,-9.29940119760479,3.0215550423402617,0.0,-3.064516129032258,0.0,0.0,0.1932624113475177,0.2801418439716312,0.2338669747483083,0.0771929824561403,0.0195035460992907,0.4489795918367347,0.100177304964539,,-0.005459095402867,-0.0200344679017664,5.077287066246057,2626000000.0,2922000000.0,2205000000.0,4439000000.0,568000000.0,300000000.0,173000000.0,24.41489361702127,44.51403887688985,32.65658747300216,3.686274509803922,2.021834061135371,2.755952380952381,-0.0214335100253514,0.0694006309148265,2008-05-13,0.00714,bmo,125222222.0,2025-04-25,2008-03-31,11.605042016806724,22.3571875,8400617.484375
2007-12-31,EA,USD,712515,2008-02-05,2008-02-04 18:38:12,2008,Q3,1503000000.0,782000000.0,721000000.0,0.4797072522,321000000,308000000.0,213000000.0,308000000.0,7000000.0,636000000.0,1418000000.0,0.0,0.0,42000000.0,127000000.0,0.0844976713,7000000.0,0.004657352,20000000.0,27000000.0,0.0179640719,60000000.0,-33000000.0,-0.0219560878,-0.1,-0.1,315000000,315000000,https://www.sec.gov/Archives/edgar/data/712515/000089161808000071/0000891618-08-000071-index.htm,https://www.sec.gov/Archives/edgar/data/712515/000089161808000071/f37468e10vq.htm,4.771428571428571,-0.1047619047619047,1.107936507936508,1.0285714285714285,10.857142857142858,13.66031746031746,10.780952380952382,13.66031746031746,0.0,18399150000.0,16521150000.0,-139.3875,12.241616766467066,52.71962750716332,56.7875,4.275888914710667,4.275888914710667,10.992115768463076,130.08779527559057,47.33853868194842,50.9912037037037,-0.001793561115595,0.0176095091349328,0.0,0.0,-14.78740157480315,2.801487414187643,0.0,-10.575757575757576,0.0,0.0,0.2049234863606121,0.2135728542914171,0.1407292474786656,0.0716332378223495,0.0166333998669328,0.5952380952380952,0.0,,-0.0018214936247723,-0.0059588299024918,6.315873015873016,3149000000.0,3396000000.0,2755000000.0,4449000000.0,627000000.0,297500000.0,140500000.0,49.70059880239521,42.69820971867008,20.48593350383632,1.810843373493976,2.1078167115902966,4.393258426966292,-0.0076690680920288,0.0793650793650793,2008-01-31,0.9,bmo,1503000000.0,2025-04-25,2007-12-31,0.0,45.245,5229174.796875
2007-09-30,EA,USD,712515,2007-11-06,2007-11-06 16:41:08,2008,Q2,640000000.0,395000000.0,245000000.0,0.3828125,259000000,248000000.0,164000000.0,248000000.0,7000000.0,514000000.0,909000000.0,0.0,0.0,37000000.0,-232000000.0,-0.3625,-274000000.0,-0.428125,32000000.0,-242000000.0,-0.378125,-47000000.0,-195000000.0,-0.3046875,-0.62,-0.62,313000000,313000000,https://www.sec.gov/Archives/edgar/data/712515/000095013407023005/0000950134-07-023005-index.htm,https://www.sec.gov/Archives/edgar/data/712515/000095013407023005/f35027e10vq.htm,2.044728434504792,-0.6230031948881789,-0.3322683706070287,-0.4057507987220447,9.23961661341853,13.006389776357828,10.070287539936102,13.006389776357828,0.0,18222860000.0,17148860000.0,-23.362641025641025,28.47321875,-175.21980769230768,-143.48708661417322,4.476261360845001,4.476261360845001,26.79509375,-73.9175,-164.89288461538462,-135.0303937007874,-0.0107008449826207,-0.0069692682707324,0.0,0.0,4.629310344827586,3.6349056603773584,0.0,0.5306122448979592,0.0,0.0,0.3875,0.4046875,0.1664855072463768,-0.2211538461538461,0.0359375,0.6216216216216216,0.0,,-0.049503391023978,-0.0423820908498152,5.790734824281151,2793000000.0,3152000000.0,2404000000.0,4219000000.0,273500000.0,171500000.0,88500000.0,59.625,51.03797468354431,23.468354430379748,1.509433962264151,1.7633928571428572,3.83495145631068,-0.0478997789240972,0.0734824281150159,2007-11-01,0.2,bmo,474074074.0,2025-04-25,2007-09-30,0.35,49.8403125,3729297.984375
2007-06-30,EA,USD,712515,2007-08-06,2007-08-06 16:47:12,2008,Q1,395000000.0,166000000.0,229000000.0,0.5797468354,250000000,153000000.0,82000000.0,153000000.0,7000000.0,410000000.0,576000000.0,0.0,0.0,36000000.0,-145000000.0,-0.3670886076,-183000000.0,-0.4632911392,18000000.0,-156000000.0,-0.3949367089,-24000000.0,-132000000.0,-0.3341772152,-0.42,-0.42,311000000,311000000,https://www.sec.gov/Archives/edgar/data/712515/000095013407016995/0000950134-07-016995-index.htm,https://www.sec.gov/Archives/edgar/data/712515/000095013407016995/f31042e10vq.htm,1.270096463022508,-0.4244372990353697,-0.617363344051447,-0.662379421221865,9.160771704180064,13.032154340836012,10.035369774919614,13.032154340836012,0.0,14716520000.0,14053520000.0,-27.87219696969697,37.25701265822785,-76.64854166666666,-71.43941747572815,3.631018998272885,3.631018998272885,35.57853164556962,-96.9208275862069,-73.19541666666667,-68.22097087378641,-0.0089695118139342,-0.0139978744975034,0.0,0.0,4.572413793103448,5.6395348837209305,0.0,1.4545454545454546,0.0,0.0,0.3873417721518987,0.6329113924050633,0.1854726368159204,-0.0729166666666666,0.0354430379746835,0.3888888888888889,0.070886075949367,,-0.0350093045096436,-0.0322501832396774,6.45096463022508,2793000000.0,3121000000.0,2423000000.0,4219000000.0,189500000.0,149500000.0,68000000.0,28.025316455696203,64.51807228915662,40.12048192771084,3.2113821138211383,1.3949579831932772,2.243243243243243,-0.0325684678016284,0.045016077170418,2007-08-01,-0.35,bmo,628409090.0,2025-04-25,2007-06-30,-0.3714285714285714,48.74065573770491,5103690.557377049
2007-03-31,EA,USD,712515,2007-05-30,2007-05-29 21:26:07,2007,Q4,613000000.0,235000000.0,378000000.0,0.616639478,258000000,7000000.0,81000000.0,182000000.0,7000000.0,447000000.0,682000000.0,0.0,0.0,37000000.0,-32000000.0,-0.0522022838,-72000000.0,-0.1174551387,30000000.0,-42000000.0,-0.0685154976,-17000000.0,-25000000.0,-0.0407830343,-0.0809,-0.0809,309000000,309000000,https://www.sec.gov/Archives/edgar/data/712515/000095013407012528/0000950134-07-012528-index.htm,https://www.sec.gov/Archives/edgar/data/712515/000095013407012528/f29286e10vk.htm,1.9838187702265373,-0.0809061488673139,0.6925566343042071,0.4983818770226537,9.631067961165048,13.048543689320388,9.993527508090615,13.048543689320388,0.0,15561240000.0,14190240000.0,-155.6124,25.385383360522024,72.71607476635513,101.047012987013,3.859434523809524,3.859434523809524,23.14884176182708,-443.445,66.30953271028038,92.14441558441558,-0.0016065557757608,0.0098963835786865,0.0,0.0,42.84375,3.5058479532163744,0.0,-8.56,0.0,0.0,0.0114192495921696,0.4208809135399673,0.1834434512242518,0.2803738317757009,0.097879282218597,1.6216216216216215,-0.0603588907014681,,-0.0104022191400832,-0.0059495478343645,6.747572815533981,2571000000.0,3088000000.0,2483000000.0,3999000000.0,403500000.0,175000000.0,67000000.0,37.58564437194127,68.93617021276596,23.74468085106383,2.39453125,1.3055555555555556,3.7903225806451615,-0.0062003968253968,0.1941747572815534,2007-05-08,0.015,bmo,204333333.0,2025-04-25,2007-03-31,3.0,57.5134375,3406074.765625
2006-12-31,EA,USD,712515,2007-02-06,2007-02-06 14:48:23,2007,Q3,1281000000.0,470000000.0,811000000.0,0.6330991413,330000000,91000000.0,165000000.0,256000000.0,7000000.0,593000000.0,1063000000.0,0.0,0.0,38000000.0,256000000.0,0.199843872,215000000.0,0.1678376269,25000000.0,240000000.0,0.18735363,84000000.0,160000000.0,0.12490242,0.52,0.5,309000000,319000000,https://www.sec.gov/Archives/edgar/data/712515/000095013407002137/0000950134-07-002137-index.htm,https://www.sec.gov/Archives/edgar/data/712515/000095013407002137/f26691e10vq.htm,4.145631067961165,0.517799352750809,0.7346278317152104,0.6310679611650486,8.563106796116505,12.550161812297734,9.472491909385113,12.550161812297734,0.0,15561240000.0,14362240000.0,24.3144375,12.147728337236536,68.55171806167401,79.80123076923077,4.012697266632284,4.012697266632284,11.211740827478533,56.1025,63.26977973568282,73.65251282051283,0.0102819569648691,0.0125311350509342,0.0,0.0,-4.68359375,3.221715328467153,0.0,1.41875,0.0,0.0,0.0710382513661202,0.2576112412177986,0.1885782272456871,0.1409691629955947,0.0249804839968774,0.8421052631578947,0.0,12.091959205390497,0.0354066379528756,0.0391006842619745,6.246763754045308,2435000000.0,2927000000.0,2366000000.0,3837000000.0,409000000.0,184500000.0,69500000.0,38.71194379391101,32.5531914893617,13.787234042553193,2.32486388384755,2.764705882352941,6.527777777777778,0.0412583806085611,0.1035598705501618,2007-02-01,0.56,bmo,1139555555.0,2025-04-25,2006-12-31,0.1249999999999999,52.11714285714286,3700472.444444445
2006-09-30,EA,USD,712515,2006-11-07,2006-11-06 21:43:18,2007,Q2,784000000.0,339000000.0,445000000.0,0.5676020408,238000000,72000000.0,108000000.0,180000000.0,7000000.0,425000000.0,764000000.0,0.0,0.0,37000000.0,57000000.0,0.0727040816,14000000.0,0.0178571429,24000000.0,38000000.0,0.0484693878,16000000.0,22000000.0,0.0280612245,0.07,0.07,307000000,315000000,https://www.sec.gov/Archives/edgar/data/712515/000095013406020626/0000950134-06-020626-index.htm,https://www.sec.gov/Archives/edgar/data/712515/000095013406020626/f24791e10vq.htm,2.553745928338762,0.0716612377850162,-0.019543973941368,-0.1758957654723127,7.739413680781759,11.73941368078176,8.677524429967427,11.697068403908794,0.0,17142880000.000002,15930880000.000002,194.80545454545452,21.865918367346943,-2857.146666666667,-317.4607407407408,4.773845725424673,4.773845725424673,20.320000000000004,279.4891228070176,-2655.146666666667,-295.01629629629633,0.0012833316222245,-0.0031499958000055,0.0,0.0,-21.26315789473684,3.612244897959183,0.0,-0.2727272727272727,0.0,0.0,0.0918367346938775,0.3035714285714285,0.2083795167368654,-8.0,0.0612244897959183,1.2972972972972974,0.0,4.342820973319353,0.0022037148335766,0.0061607392887146,5.546416938110749,2176000000.0,2664000000.0,2102000000.0,3564000000.0,154000000.0,156500000.0,63000000.0,30.65051020408163,52.83185840707965,17.787610619469028,2.9363295880149813,1.7035175879396984,5.059701492537314,0.0061264271790587,0.1563517915309446,2006-11-02,0.01762,bmo,74666666.0,2025-04-25,2006-09-30,10.91827468785471,50.18222222222222,3829408.555555556
2006-06-30,EA,USD,712515,2006-08-08,2006-08-08 16:44:02,2007,Q1,413000000.0,168000000.0,245000000.0,0.593220339,216000000,59000000.0,77000000.0,136000000.0,6000000.0,358000000.0,526000000.0,0.0,0.0,35000000.0,-78000000.0,-0.1888619855,-119000000.0,-0.2881355932,9000000.0,-98000000.0,-0.2372881356,-17000000.0,-81000000.0,-0.196125908,-0.26,-0.26,306000000,306000000,https://www.sec.gov/Archives/edgar/data/712515/000095013406015291/0000950134-06-015291-index.htm,https://www.sec.gov/Archives/edgar/data/712515/000095013406015291/f22606e10vq.htm,1.3496732026143792,-0.2647058823529412,-0.1241830065359477,-0.2483660130718954,7.833333333333333,11.248366013071896,8.418300653594772,11.205882352941176,0.0,13170240000.0,11922240000.0,-40.64888888888889,31.889200968523003,-346.5852631578947,-173.29263157894738,3.840839895013123,3.840839895013123,28.867409200968524,-152.84923076923076,-313.74315789473684,-156.87157894736842,-0.006150229608572,-0.0057705858055737,0.0,0.0,16.0,4.168888888888889,0.0,0.4691358024691358,0.0,0.0,0.1428571428571428,0.5230024213075061,0.2065347006916289,-1.0,0.0920096852300242,1.0857142857142856,0.0895883777239709,,-0.0279582555023146,-0.0243462578899909,5.575980392156863,2139000000.0,2576000000.0,2063000000.0,3423000000.0,120000000.0,138500000.0,60000000.0,8.934624697336561,61.07142857142857,31.607142857142858,10.073170731707316,1.4736842105263157,2.847457627118644,-0.0236220472440944,0.1241830065359477,2006-08-01,-0.24,bmo,826000000.0,2025-04-25,2006-06-30,-0.5,50.57868852459017,3964218.852459016
2006-03-31,EA,USD,712515,2006-06-12,2006-06-09 21:44:02,2006,Q4,641000000.0,244000000.0,397000000.0,0.6193447738,187000000,157000000.0,102000000.0,157000000.0,4000000.0,348000000.0,592000000.0,0.0,0.0,27000000.0,76000000.0,0.1185647426,24000000.0,0.0374414977,14000000.0,39000000.0,0.0608424337,54000000.0,-16000000.0,-0.0249609984,-0.0526,-0.0523,304000000,306000000,https://www.sec.gov/Archives/edgar/data/712515/000095013406011401/0000950134-06-011401-index.htm,https://www.sec.gov/Archives/edgar/data/712515/000095013406011401/f21019e10vk.htm,2.108552631578948,-0.0526315789473684,1.1085526315789471,0.9901315789473684,8.0,11.25,8.358552631578947,11.210526315789474,0.0,16634880000.0,15392880000.0,-259.92,25.95145085803432,49.36166172106825,55.265382059800665,4.88112676056338,4.88112676056338,24.013853354134167,202.5378947368421,45.67620178041543,51.139136212624585,-0.0009618344105878,0.0180945098491843,0.0,0.0,-16.342105263157894,3.4660529344073647,0.0,-21.0625,0.0,0.0,0.2449297971918876,0.2917316692667707,0.2004103967168262,0.1068249258160237,0.0561622464898595,1.3333333333333333,0.0046801872074883,,-0.0026246145097438,-0.0045623039635015,5.4136513157894735,2143000000.0,2541000000.0,2046000000.0,3414000000.0,383000000.0,175000000.0,68500000.0,27.940717628705148,60.12295081967213,22.5,3.221105527638191,1.496932515337423,4.0,-0.0046948356807511,0.1184210526315789,2006-05-03,0.09,bmo,412071428.0,2025-04-25,2006-03-31,0.5555555555555558,55.15857142857143,3651796.206349206
2005-12-31,EA,USD,712515,2006-02-08,2006-02-07 19:07:41,2006,Q3,1270000000.0,502000000.0,768000000.0,0.6047244094,206000000,205000000.0,147000000.0,205000000.0,1000000.0,412000000.0,914000000.0,0.0,0.0,22000000.0,378000000.0,0.2976377953,347000000.0,0.2732283465,20000000.0,367000000.0,0.288976378,106000000.0,259000000.0,0.2039370079,0.86,0.83,301000000,311000000,https://www.sec.gov/Archives/edgar/data/712515/000095013406002079/0000950134-06-002079-index.htm,https://www.sec.gov/Archives/edgar/data/712515/000095013406002079/f16210e10vq.htm,4.219269102990033,0.8604651162790697,0.9235880398671096,0.8205980066445183,9.046511627906977,11.142857142857142,10.538205980066444,11.09966777408638,0.0,15745310000.0,14283310000.0,15.198175675675676,12.39788188976378,56.63780575539568,63.74619433198381,4.712753666566896,4.712753666566896,11.246700787401576,37.78653439153439,51.378812949640285,57.82716599190283,0.0164493426931575,0.0156872109853664,0.0,0.0,-3.867724867724868,3.8669482576557552,0.0,1.0733590733590734,0.0,0.0,0.1614173228346456,0.1622047244094488,0.0420226275686908,0.1115107913669064,0.0244094488188976,1.4090909090909092,0.0,14.659288207225012,0.0729245173633254,0.0624246806459387,7.339700996677741,2715000000.0,3172000000.0,2685000000.0,3272000000.0,447500000.0,179000000.0,75000000.0,40.18110236220472,33.525896414342625,13.625498007968128,2.239858906525573,2.6844919786096257,6.605263157894737,0.0775217000897934,0.1029900332225913,2006-02-02,0.9,bmo,1329069767.0,2025-04-25,2005-12-31,-0.0444444444444444,49.54761904761905,3533684.6825396824
2005-09-30,EA,USD,712515,2005-11-10,2005-11-10 15:49:20,2006,Q2,675000000.0,284000000.0,391000000.0,0.5792592593,182000000,159000000.0,107000000.0,159000000.0,1000000.0,342000000.0,626000000.0,0.0,0.0,23000000.0,49000000.0,0.0725925926,49000000.0,0.0725925926,13000000.0,62000000.0,0.0918518519,9000000.0,51000000.0,0.0755555556,0.17,0.16,302000000,314000000,https://www.sec.gov/Archives/edgar/data/712515/000089161805000853/0000891618-05-000853-index.htm,https://www.sec.gov/Archives/edgar/data/712515/000089161805000853/f13701e10vq.htm,2.2350993377483444,0.1688741721854304,0.0397350993377483,-0.0364238410596026,7.986754966887418,9.920529801324504,9.30794701986755,9.880794701986757,0.0,17180780000.0,16605780000.0,84.21950980392157,25.45300740740741,1431.7316666666666,-1561.889090909091,5.757634048257373,5.757634048257373,24.60115555555555,338.8934693877551,1383.815,-1509.6163636363635,0.0029684333307335,-0.0006402503262366,0.0,0.0,-11.73469387755102,4.262002743484225,0.0,0.2352941176470588,0.0,0.0,0.2355555555555555,0.2696296296296296,0.0492807671816728,1.9166666666666667,0.034074074074074,1.0,0.0,6.1272953316471135,0.0138469741402292,0.0142897170075651,6.413907284768212,2378000000.0,2811000000.0,2349000000.0,2927000000.0,247500000.0,142000000.0,70000000.0,43.73333333333333,54.19014084507042,23.450704225352112,2.057926829268293,1.6608187134502923,3.8378378378378377,0.0170911528150134,0.076158940397351,2005-11-01,0.05,bmo,225000000.0,2025-04-25,2005-09-30,2.0,47.39571428571429,4268305.952380952
2005-06-30,EA,USD,712515,2005-08-03,2005-08-03 16:31:20,2006,Q1,365000000.0,151000000.0,214000000.0,0.5863013699,183000000,126000000.0,75000000.0,126000000.0,1000000.0,310000000.0,461000000.0,0.0,0.0,23000000.0,-73000000.0,-0.2,-96000000.0,-0.2630136986,17000000.0,-79000000.0,-0.2164383562,-23000000.0,-58000000.0,-0.1589041096,-0.19,-0.19,308000000,308000000,https://www.sec.gov/Archives/edgar/data/712515/000089161805000546/0000891618-05-000546-index.htm,https://www.sec.gov/Archives/edgar/data/712515/000089161805000546/f11135e10vq.htm,1.1850649350649352,-0.1883116883116883,-0.1006493506493506,-0.2077922077922078,8.925324675324676,10.314935064935066,9.704545454545457,10.282467532467532,0.0,17435880000.0,16561880000.0,-75.15465517241378,47.76953424657534,-562.4477419354838,-272.435625,5.505487843384907,5.505487843384907,45.37501369863013,-226.87506849315068,-534.2541935483871,-258.779375,-0.0033264739147092,-0.003670591905886,0.0,0.0,11.972602739726028,4.595774647887324,0.0,0.5344827586206896,0.0,0.0,0.3452054794520548,0.5013698630136987,0.0479836651352731,-1.064516129032258,0.0904109589041095,1.434782608695652,0.0,,-0.0212127908077906,-0.0155495978552278,7.033279220779221,2553000000.0,2989000000.0,2522000000.0,3100000000.0,231500000.0,123500000.0,64000000.0,41.17808219178082,67.35099337748345,39.33774834437086,2.18562874251497,1.336283185840708,2.287878787878788,-0.0183138616987685,0.1071428571428571,2005-07-26,-0.24,bmo,486666666.0,2025-04-25,2005-06-30,-0.25,53.74677419354839,3446281.064516129
2005-03-31,EA,USD,712515,2005-06-07,2005-06-07 15:51:28,2005,Q4,553780000.0,233571000.0,320209000.0,0.5782242046,160364000,153745000.0,87840000.0,153745000.0,925000.0,315034000.0,548605000.0,0.0,0.0,22089000.0,27264000.0,0.0492325472,-37000.0,-6.68135e-05,12009000.0,11972000.0,0.0216186933,4550000.0,7422000.0,0.0134024342,0.0241,0.0241,308000000,308000000,https://www.sec.gov/Archives/edgar/data/712515/000089161805000406/0000891618-05-000406-index.htm,https://www.sec.gov/Archives/edgar/data/712515/000089161805000406/f07713e10vk.htm,1.797987012987013,0.0240974025974025,1.538857142857143,1.39787987012987,10.058441558441558,11.392857142857142,10.77922077922078,11.357142857142858,0.0,15948240000.0,14678240000.0,537.194826192401,28.798873198743184,33.64834756776829,37.04180960499086,4.559245283018868,4.559245283018868,26.50554371772184,538.37441314554,30.968841778347905,34.092073571526456,0.0004653805059367,0.0269965212462315,0.0,0.0,-46.58157276995305,4.475845410628019,0.0,63.85987604419294,0.0,0.0,0.27762830004695,0.2895806999169345,0.0432494279176201,0.0916116699861594,0.0784083932247462,1.9657295486441213,0.0104283289392899,2.4814808049142147,-6.476008484317727e-06,0.0017751734034919,8.084415584415584,2878000000.0,3320000000.0,2845000000.0,3420000000.0,594066500.0,165204500.0,73212000.0,48.10574596410127,51.63312226260965,23.889952091655218,1.8708783783783784,1.7430671641791045,3.767274193548387,0.0021217838765008,0.1409772727272727,2005-05-03,0.09,bmo,553800000.0,2025-04-25,2005-03-31,0.0,55.84761904761905,3767397.158730159
2004-12-31,EA,USD,712515,2005-02-02,2005-02-02 16:51:15,2005,Q3,1427851000.0,502763000.0,925088000.0,0.6478883301,185155000,210420000.0,132422000.0,210420000.0,830000.0,396405000.0,899168000.0,0.0,0.0,19744000.0,547833000.0,0.3836765881,519283000.0,0.3636815046,22649000.0,541932000.0,0.3795438039,166832000.0,375000000.0,0.2626324455,1.23,1.18,306000000,317000000,https://www.sec.gov/Archives/edgar/data/712515/000095013405001913/0000950134-05-001913-index.htm,https://www.sec.gov/Archives/edgar/data/712515/000095013405001913/f04993e10vq.htm,4.666179738562091,1.2254901960784317,0.4473627450980392,0.3256633986928104,8.395908496732027,10.89824183006536,10.376251633986929,10.89824183006536,0.0,18874080000.0,17910841000.0,12.582719999999998,13.21852210069538,137.87469045166662,189.39801109851183,5.659628494372481,5.659628494372481,12.54391459613083,32.69397973470017,130.83825323427786,179.7320803187059,0.0198685180946568,0.0052798864898315,0.0,0.0,-1.7582712249900974,3.58513488244475,0.0,0.364950679818715,0.0,0.0,0.147368317842688,0.129673894545019,0.0360067816615611,0.2720372845945373,0.0260811527253193,1.88614262560778,0.0,17.335022112412535,0.1065950644526211,0.087691565147116,7.1217017973856205,2751160000.0,3175133000.0,2714164000.0,3239899000.0,635761000.0,184213000.0,81848000.0,56.2327371693545,35.159329544934685,15.112806630559527,1.600491182368548,2.5597757740225755,5.955214157111722,0.1124484311494748,0.1216993464052287,2005-01-25,1.18,bmo,1369855284.0,2025-04-25,2004-12-31,0.0423728813559322,58.83453125,3640491.109375
2004-09-30,EA,USD,712515,2004-11-03,2004-11-03 16:46:12,2005,Q2,715728000.0,283911000.0,431817000.0,0.603325565,156839000,149561000.0,107518000.0,149561000.0,623000.0,307023000.0,590934000.0,0.0,0.0,16960000.0,124794000.0,0.1743595332,124794000.0,0.1743595332,12183000.0,136977000.0,0.1913813628,39724000.0,97253000.0,0.1358798314,0.32,0.31,304076000,316049000,https://www.sec.gov/Archives/edgar/data/712515/000095013404016270/0000950134-04-016270-index.htm,https://www.sec.gov/Archives/edgar/data/712515/000095013404016270/f02072e10vq.htm,2.353779976058617,0.3198312264039253,0.2926077691103539,0.2293670003551743,8.188472618687433,9.559281232323498,9.1979801102356,9.559281232323498,0.0,13984455240.0,12598429240.0,35.94864744532302,19.538784622091075,157.17286024164093,200.50835529428636,4.81103117298094,4.81103117298094,17.602258455726197,100.95380579194511,141.59515864006744,180.63559022152128,0.0069543645662953,0.0049873233388818,0.0,0.0,-11.106511531003092,4.17529224593437,0.0,0.914881803132037,0.0,0.0,0.20896346097959,0.2191321284063219,0.0296714114601549,0.2161281258780556,0.0268677486419421,1.1338443396226414,0.0,8.294005329252336,0.0301026851227997,0.0270689202158098,6.637119503018982,2410974000.0,2796885000.0,2374359000.0,2818322000.0,274504500.0,118786500.0,66152500.0,47.70668466232983,54.52951805319273,25.129283472637557,1.8865280754054543,1.650482219780603,3.5814789585225557,0.0334576647167212,0.0632407687551796,2004-10-19,0.35,bmo,808048387.0,2025-04-25,2004-09-30,-0.1142857142857142,53.4196875,4780918.5625
2004-06-30,EA,USD,712515,2004-08-03,2004-08-03 13:33:15,2005,Q1,431641000.0,176755000.0,254886000.0,0.5905046092,130642000,98274000.0,63220000.0,98274000.0,622000.0,229538000.0,406293000.0,0.0,0.0,16207000.0,41555000.0,0.0962721336,24960000.0,0.0578258321,9159000.0,34119000.0,0.0790448544,9894000.0,24225000.0,0.0561230282,0.08,0.08,302238000,315576000,https://www.sec.gov/Archives/edgar/data/712515/000095013404011124/0000950134-04-011124-index.htm,https://www.sec.gov/Archives/edgar/data/712515/000095013404011124/f99984e10vq.htm,1.4281493392624356,0.0801520655906934,-0.2178283339619769,-0.3042138976568135,7.846015391843515,9.08752373956948,8.72434637603478,9.08752373956948,0.0,16487082900.0,15353911900.0,170.14533436532506,38.19628557064783,-250.42655841788687,-179.31462178476264,6.002735350497615,6.002735350497615,35.57102291024254,369.4841029960294,-233.21453156327848,-166.99017782369896,0.0014693320914884,-0.00557679005787,0.0,0.0,-27.26918541691733,4.849583950524584,0.0,-2.717688338493292,0.0,0.0,0.2276753135128498,0.302663556057001,0.0325692228766107,-0.3965763412114952,0.0604877664540671,1.6109705682729685,0.0005212665154607,4.048287968227621,0.0063650819643539,0.0074299081329047,6.291245640852573,2255810000.0,2636829000.0,2218156000.0,2658443000.0,190768000.0,89778000.0,54088000.0,35.36689054098198,33.37976294871432,27.003309665921755,2.54475297724325,2.696244432241137,3.332924782682481,0.0088200116871981,0.0863855636948365,2004-07-22,0.05,bmo,269750000.0,2025-04-25,2004-06-30,0.6,62.51901639344262,5185019.918032787
2004-03-31,EA,USD,712515,2004-06-04,2004-06-04 17:21:03,2004,Q4,598432000.0,225970000.0,372462000.0,0.6223965296,155068000,113210000.0,126253000.0,113210000.0,622000.0,268900000.0,494870000.0,0.0,0.0,17598000.0,121160000.0,0.2024624352,94450000.0,0.1578291268,6036000.0,100486000.0,0.1679154858,10446000.0,90040000.0,0.1504598685,0.3,0.3,297997000,302238000,https://www.sec.gov/Archives/edgar/data/712515/000089161804001046/0000891618-04-001046-index.htm,https://www.sec.gov/Archives/edgar/data/712515/000089161804001046/f98039e10vk.htm,2.0081812904156755,0.3021506927922093,1.88657268361762,1.7736252378379649,8.106024557294202,8.987869005392671,8.61724446890405,8.987869005392671,0.0,16014358780.0,13600012780.0,44.464567914260336,26.760532157371262,28.48551792711756,30.29952374014966,5.979170364828003,5.979170364828003,22.7260787858938,112.24837223506108,24.191003409861025,25.73152729715156,0.0056224542759994,0.0330038190889089,0.0,0.0,-19.92692307692308,4.03017640632853,0.0,6.2438138605064415,0.0,0.0,0.1891777177691032,0.2591238436447249,0.0324779870440929,0.0598691196795406,0.0562436500721886,1.9126037049664737,0.0,7.816843611769585,0.0315982669421689,0.027366400357915,6.308206122880431,2188554000.0,2567913000.0,2188554000.0,2597072000.0,524468500.0,136371500.0,59954500.0,31.870688733222824,45.40425720228348,21.96251714829402,2.823911361105344,1.9821929824561404,4.097890938106378,0.0336176119846562,0.1129474457796555,2004-04-29,0.21,bmo,484444952.0,2025-04-25,2004-03-31,0.1904761904761905,50.50609375,5371895.265625
2003-12-31,EA,USD,712515,2004-02-10,2004-02-10 13:56:28,2004,Q3,1475323000.0,513255000.0,962068000.0,0.6521066912,151175000,252166000.0,180174000.0,252166000.0,623000.0,403964000.0,917219000.0,0.0,948000.0,29068000.0,587172000.0,0.3979955576,557508000.0,0.3778887742,948000.0,558456000.0,0.3785313453,166160000.0,392296000.0,0.2659051611,1.32,1.26,297787000,311463000,https://www.sec.gov/Archives/edgar/data/712515/000089161804000523/0000891618-04-000523-index.htm,https://www.sec.gov/Archives/edgar/data/712515/000089161804000523/f95509e10vq.htm,4.954289475363263,1.3173711411176443,0.264769785114864,0.1732714994274431,6.134448448051796,8.384919422271624,8.018859117422856,8.384919422271624,0.0031834834965932,14198484160.0,13625474160.0,9.048323306890715,9.623983466671366,180.08097101908808,275.1750874064886,5.686399307947391,5.686399307947391,9.23558716294669,23.20525188530788,172.81342076225505,264.0698120082173,0.0276294282952526,0.003634049904099,0.0,0.0,-0.9758810025001192,3.455986158182691,588.0886075949367,0.2009834410751065,0.0,0.0,0.1709225708539757,0.1024690864305647,0.03265249392828,0.3455767645380176,0.0184684980848261,0.9373537911104995,0.0,15.76502916326808,0.1568452584906105,0.1214756829399706,5.52542505213458,2066732000.0,2387912000.0,2066732000.0,2455766000.0,519911500.0,144045500.0,51987500.0,51.06128624036906,27.83581260776807,11.356810941929451,1.7625877964830037,3.233244930485124,7.924759904888368,0.1571119619371065,0.0914982856874208,2004-01-27,1.2,bmo,1405047619.0,2025-04-25,2003-12-31,0.05,49.69640625,3942059.671875
2003-09-30,EA,USD,712515,2003-11-07,2003-11-07 15:31:05,2004,Q2,530005000.0,213762000.0,316243000.0,0.5966792766,113493000,100073000.0,64041000.0,100073000.0,810000.0,214376000.0,428138000.0,0.0,0.0,17624000.0,101867000.0,0.1922000736,101867000.0,0.1922000736,9130000.0,110997000.0,0.2094263262,34409000.0,76588000.0,0.1445042971,0.26,0.25,294836000,307779000,https://www.sec.gov/Archives/edgar/data/712515/000089161803005745/0000891618-03-005745-index.htm,https://www.sec.gov/Archives/edgar/data/712515/000089161803005745/f94137e10vq.htm,1.7976264770923496,0.2597647505732,0.2121789740737223,0.1562054837265462,5.884440841688261,7.025719382979012,6.65794204235575,7.025719382979012,0.0,13588991240.000002,13212866240.000002,44.3574425497467,25.639364232412905,217.2222775664184,295.060063836717,6.5601823083997335,6.5601823083997335,24.92970111602721,129.70703211049704,211.20985709261808,286.8931981326675,0.0056360327744239,0.0033891404583759,0.0,0.0,-3.692314488499711,4.01951433195442,0.0,0.8168120332166919,0.0,0.0,0.1888151998566051,0.2141357157007953,0.0414339286382981,0.2638031906390869,0.0311374420996028,0.9363935542442124,0.0,6.408062926511326,0.0339321746722377,0.030530176193893,4.616301944131653,1647444000.0,1963001000.0,1647444000.0,2029183000.0,120006500.0,98363000.0,28121500.0,34.43775058725861,54.45925842759704,16.508125859600863,2.61341111034408,1.6526115595138695,5.451860542222449,0.036973402496337,0.055973490347176,2003-10-22,0.22,bmo,466400000.0,2025-04-25,2003-09-30,0.1363636363636363,51.61709677419354,3477947.2580645164
2003-06-30,EA,USD,712515,2003-08-11,2003-08-11 14:06:47,2004,Q1,353381000.0,149963000.0,203418000.0,0.5756336645,91122000,89844000.0,0.0,89844000.0,680000.0,181646000.0,331609000.0,0.0,0.0,13223000.0,34995000.0,0.0990290932,21772000.0,0.0616105563,-3404000.0,26621000.0,0.0753322901,8253000.0,18368000.0,0.0519778935,0.065,0.06,289910000,299632000,https://www.sec.gov/Archives/edgar/data/712515/000089161803004257/0000891618-03-004257-index.htm,https://www.sec.gov/Archives/edgar/data/712515/000089161803004257/f92123e10vq.htm,1.2189334621089305,0.063357593735987,-0.1183505225759718,-0.1603877065296126,5.599289434652134,6.582887792763271,6.206236418198752,6.582887792763271,0.0,10712174500.0,9901477500.0,145.79941338196866,30.31338555270374,-312.2081693917403,-230.37925287109124,5.6130381017006,5.6130381017006,28.019269570237224,282.93977711101587,-288.58026580396955,-212.9441588885543,0.0017146845395395,-0.0043406686476214,0.0,0.0,-23.166080868695527,4.35810150128025,0.0,-1.8679769163763067,0.0,0.0,0.2542411731247577,0.2578576663714235,0.0465015162658424,-0.3551922124100143,0.0344868569617495,0.9216516675489675,0.0,3.063365540321361,0.007871476124919,0.008203633037488,4.208055086061192,1476752000.0,1799250000.0,1476752000.0,1859210000.0,59647000.0,86689000.0,21102000.0,9.476995084625376,40.43677440435307,10.222921654007989,9.496681088925316,2.2256968149841194,8.803745450275919,0.0096245896528325,0.0420371839536407,2003-07-23,0.01292,bmo,50485714.0,2025-04-25,2003-06-30,4.41795665634675,47.44548387096774,4664074.080645162
2003-03-31,EA,USD,712515,2003-06-10,2003-06-10 17:15:58,2003,Q4,463130000.0,173866000.0,289264000.0,0.6245848898,99323000,107566000.0,29553000.0,107566000.0,67075000.0,273964000.0,447830000.0,0.0,9891000.0,17310000.0,32610000.0,0.0704121953,9576000.0,0.0206766998,4034000.0,13610000.0,0.0293869972,4623000.0,9240000.0,0.0199512016,0.0319,0.0319,286842000,289910000,https://www.sec.gov/Archives/edgar/data/712515/000089161803002939/0000891618-03-002939-index.htm,https://www.sec.gov/Archives/edgar/data/712515/000089161803002939/f90122e10vk.htm,1.6145822438833923,0.0322128558579287,1.5023636705921728,1.416469694117319,5.538690289427629,6.235687242454034,5.928333368195731,6.222028154872717,0.0344823979751919,8410207440.0,7460212440.0,227.54890259740264,18.15949612419839,19.515913872200603,20.69934861421156,4.712289830613888,4.712289830613888,16.108247014877033,228.77069733210672,17.311447367505064,18.36120442133088,0.0010986649337629,0.0483106989808089,0.0,0.0,-29.132014719411224,3.3477270020109446,0.9681528662420382,46.638636363636365,0.0,0.0,0.2322587610390171,0.2144603027227776,0.0373641733342996,0.0571725595847227,0.0531988858419882,1.4233391103408437,-0.0024917409798544,2.1235958095127256,0.0035351975483802,0.0040680276361721,3.8069747456788057,1340261000.0,1700495000.0,1340261000.0,1690675000.0,41041500.0,126408000.0,29193000.0,15.951180014250856,54.86984229234008,13.02899934432264,5.642215805952511,1.640245283018868,6.90766785856178,0.005177227594623,0.0858939764748537,2003-05-06,0.17,bmo,393635000.0,2025-04-25,2003-03-31,0.1764705882352941,47.508125,6122989.671875
2002-12-31,EA,USD,712515,2003-02-11,2003-02-11 13:43:20,2003,Q3,1233726000.0,558680000.0,675046000.0,0.5471603906,112558000,181742000.0,139492000.0,181742000.0,2245000.0,296545000.0,855225000.0,0.0,0.0,24956000.0,403457000.0,0.3270231802,369123000.0,0.2991936621,-4439000.0,364684000.0,0.2955956185,113052000.0,250219000.0,0.2028156981,0.9,0.85,283777000,296050000,https://www.sec.gov/Archives/edgar/data/712515/000089161803000693/0000891618-03-000693-index.htm,https://www.sec.gov/Archives/edgar/data/712515/000089161803000693/f87407e10vq.htm,4.347519354986486,0.88174517314652,0.6869513737899829,0.6478925353358447,4.11121056322394,6.041451562318299,5.620677503814615,6.031316843859791,0.0,7063209530.0,5897883530.0,7.057027573845311,5.725103896651282,36.23255000230839,38.41686490043893,4.126793641315557,4.126793641315557,4.780545704637821,14.618369566025624,30.254710553449502,32.0786455234231,0.0354256799174977,0.0260302344449917,0.0,0.0,-2.88835241425976,2.584091883203857,0.0,0.779081524584464,0.0,0.0,0.147311477589027,0.0912341962477892,0.0485188082201521,0.0568582289000261,0.0089841666626139,0.444141689373297,0.0,10.938779711777276,0.1485599606205505,0.1068572641407504,1.5387963083688954,1182683000.0,1595019000.0,1182683000.0,1604320000.0,0.0,133568000.0,35021500.0,0.0,23.651177776186724,5.350898546574067,0.0,3.805307323452485,16.81960500963391,0.1461944706228101,0.0390588384541382,2003-01-29,0.79,bmo,1082914444.0,2025-04-25,2002-12-31,0.1392405063291139,42.884375,5748118.65625
2002-09-30,EA,USD,712515,2002-11-08,2002-11-08 14:51:44,2003,Q2,453490000.0,198891000.0,254599000.0,0.5614214205,98140000,82967000.0,55514000.0,82967000.0,2246000.0,183353000.0,382244000.0,0.0,0.0,25067000.0,71246000.0,0.1571060001,71246000.0,0.1571060001,1177000.0,72423000.0,0.1597014267,22451000.0,50234000.0,0.1107720126,0.19,0.17,279686000,293238000,https://www.sec.gov/Archives/edgar/data/712515/000089161802004960/0000891618-02-004960-index.htm,https://www.sec.gov/Archives/edgar/data/712515/000089161802004960/f85537e10vq.htm,1.6214254556895948,0.1796085610291541,0.2929213475111374,0.2393720100398303,3.315478786925337,4.981325486438363,4.546966955800434,4.976248364237037,0.0,9224044280.0,8303276280.0,45.90538420193494,20.340127191338286,112.58995044308278,137.77717785179763,6.627482711075761,6.627482711075761,18.309722992789258,116.54375375459676,101.35092986353538,124.02390297091816,0.0054459842640738,0.0072580961200676,0.0,0.0,-12.923785194958311,2.862410163083472,0.0,1.6308874467492136,0.0,0.0,0.1829522150433306,0.2164105051930583,0.0657706602565664,0.1828113175304543,0.0330260865730225,0.5974787569314238,0.0,4.484415032147076,0.0352854011552291,0.0291110169732168,1.7585023919681355,845307000.0,1271723000.0,845307000.0,1273847000.0,0.0,103323000.0,30450500.0,0.0,54.44590252952622,16.664554957237883,0.0,1.653016954787234,5.400684280555027,0.0360931665549398,0.0535493374713071,2002-10-24,0.08,bmo,315671554.0,2025-04-25,2002-09-30,1.125,32.51412698412698,7171496.317460317
2002-06-30,EA,USD,712515,2002-08-13,2002-08-13 19:25:08,2003,Q1,331898000.0,141365000.0,190533000.0,0.5740709495,90969000,91037000.0,65374000.0,91037000.0,2265000.0,184271000.0,325636000.0,0.0,0.0,24306000.0,30568000.0,0.0921005851,6282000.0,0.0189275018,3147000.0,9429000.0,0.0284093306,2923000.0,7404000.0,0.0223080585,0.035,0.025,277496000,290444000,https://www.sec.gov/Archives/edgar/data/712515/000102140802010724/0001021408-02-010724-index.htm,https://www.sec.gov/Archives/edgar/data/712515/000102140802010724/d10q.htm,1.196046069132528,0.0266814656787845,0.0239390838066134,-0.0063640556981001,2.999210799434947,4.643580448006458,4.253618070170381,4.6347082480468185,0.0,8929821280.0,8102955280.0,301.5201674770394,26.905318139910456,1344.245262682523,-5056.523941109853,6.9432633679933256,6.9432633679933256,24.413992491669127,265.07966762627586,1219.773487881981,-4588.309898074745,0.0008291319353258,-0.0001977643162865,0.0,0.0,-27.050052342318764,2.933561732720808,0.0,0.8972177201512695,0.0,0.0,0.274292101790309,0.2740872195674574,0.064648582771012,1.2658437452958,0.0253360972346925,0.3459639595161689,0.0034769718407462,1.6680432259559164,0.0033638502513051,0.0047290202420461,1.6541355551071006,744982000.0,1180362000.0,744982000.0,1163087000.0,95247500.0,87444500.0,23927000.0,0.0,54.959431259505536,15.326707459413576,0.0,1.637571531172532,5.872102683392872,0.0057568813937811,0.0303031395047135,2002-07-25,0.01097,bmo,442533333.0,2025-04-25,2002-06-30,1.7347310847766635,26.412459016393445,8387356.032786885
2002-03-31,EA,USD,712515,2002-06-28,2002-06-28 16:36:26,2002,Q4,469691000.0,199969000.0,269722000.0,0.5742541373,101970000,88018000.0,0.0,88018000.0,6109000.0,196097000.0,396066000.0,0.0,0.0,27350000.0,100975000.0,0.2149817646,67373000.0,0.1434411134,2556000.0,69929000.0,0.148882989,21678000.0,47295000.0,0.1006938604,0.17,0.17,275914000,277496000,https://www.sec.gov/Archives/edgar/data/712515/000101287002002877/0001012870-02-002877-index.htm,https://www.sec.gov/Archives/edgar/data/712515/000101287002002877/d10k.txt,1.7023094152525786,0.1714121066709192,1.0712649593713983,1.0297230296396704,2.913244706683966,4.5173206143943405,4.116790014279812,4.506092478090999,0.0,8487114640.0,7690178640.0,44.86264213976108,18.06957050486384,28.7137180497806,29.87211037783996,6.826313518765473,6.826313518765473,16.372846488436014,76.15923386976975,26.01751367663925,27.067133519877515,0.0055725652363757,0.0334760412756719,0.0,0.0,-7.892409012131716,2.5443461329589256,0.0,6.249645839940797,0.0,0.0,0.1873955430272242,0.2171001786280767,0.0650310055349793,0.0387783893875369,0.0244032778997255,0.4190859232175503,0.0,4.168809554510751,0.0372975439231907,0.0297665876583365,1.832397957334532,699561000.0,1135880000.0,699561000.0,1118900000.0,326939500.0,121131000.0,24349000.0,36.50176392564473,39.85952822687516,10.70265891213138,2.465634268615974,2.257929383602633,8.409125315391085,0.0380400774072745,0.041541929731728,2002-05-09,0.14,bmo,328790000.0,2025-04-25,2002-03-31,0.4285714285714285,31.84265625,11656962.09375
2001-12-31,EA,USD,712515,2002-02-14,2002-02-14 00:00:00,2002,Q3,832878000.0,400853000.0,432025000.0,0.518713425,97406000,125708000.0,256000000.0,125708000.0,6359000.0,229473000.0,630326000.0,0.0,0.0,28257000.0,230809000.0,0.2771222196,188501000.0,0.2263248639,3515000.0,192016000.0,0.2305451699,59525000.0,132292000.0,0.1588371886,0.51,0.46,274206000,286798000,https://www.sec.gov/Archives/edgar/data/712515/000101287002000689/0001012870-02-000689-index.htm,https://www.sec.gov/Archives/edgar/data/712515/000101287002000689/d10q.txt,3.037417124351765,0.4824547967586413,0.2570038584130179,0.219276748138261,1.802017461324697,4.2819522548740725,3.858325492512928,4.268852614457743,0.0,8220695880.0,7733853880.0,15.535134172890272,9.870228148660429,116.6519451697128,136.72220267101304,7.022964414012277,7.022964414012277,9.28569836158477,33.50759233825371,109.7436411624475,128.62530776523027,0.0160925549285737,0.0073141010052788,0.0,0.0,-2.109285166522969,2.242916836135646,0.0,0.5327003900462614,0.0063254985659437,0.3930698757294469,0.150932069282656,0.1169511020821777,0.0685164857526927,0.1467958905664661,0.0124207867178626,0.3661039742364724,0.1692925014227774,6.807304125809873,0.1107755319287533,0.0837708933316109,1.2139960467677586,647853000.0,1057976000.0,647853000.0,1086804000.0,283461000.0,116694000.0,22868500.0,50.07283179529295,34.50868522874969,5.594619473971756,1.7973818690330263,2.6080390893890004,16.0868849827434,0.1130174405939113,0.0377271102747569,2002-01-30,0.45,bmo,703319200.0,2025-04-25,2001-12-31,0.1555555555555555,31.05796875,9625644.78125
2001-09-30,EA,USD,712515,2001-11-14,2001-11-14 00:00:00,2002,Q2,240156000.0,117760000.0,122396000.0,0.5096520595,97555000,70423000.0,233000000.0,70423000.0,6475000.0,174453000.0,292213000.0,0.0,0.0,27939000.0,-24118000.0,-0.1004263895,-52057000.0,-0.2167632705,4060000.0,-47997000.0,-0.1998575926,-14879000.0,-32824000.0,-0.1366778261,-0.12,-0.12,273304000,274608000,https://www.sec.gov/Archives/edgar/data/712515/000101287001502822/0001012870-01-502822-index.htm,https://www.sec.gov/Archives/edgar/data/712515/000101287001502822/d10q.txt,0.8787138131897082,-0.1201006937329859,-0.1862138863682931,-0.2399306267014021,1.509403448174926,3.7338311916400784,3.2792933875830577,3.71949550683488,0.0,5845972560.0,5438027560.0,-44.5251383134292,24.3423964423125,-114.86791032165524,-89.15076951230671,5.750779900310166,5.750779900310166,22.64372974233415,-225.4758918649971,-106.8521714184662,-82.92963003629487,-0.0056148056911166,-0.0112169530949697,0.0,0.0,16.91454515299776,2.714145300550641,0.0,1.55048135510602,0.0090660706077621,-1.6146721910796975,0.2932385616016256,0.4062151268342244,0.0959910427832279,-0.2884679621951938,0.0611310981195556,0.525466194208812,0.5829544129649061,,-0.0351988502575804,-0.0280564993482488,0.830240318473202,469129000.0,896244000.0,469129000.0,930486000.0,90264500.0,69428500.0,18419500.0,38.801529006146005,60.90361752717392,15.91126019021739,2.3194962236087235,1.47774473264817,5.656371583649551,-0.0322895117126209,0.0537167403331089,2001-10-25,-0.13,bmo,312260000.0,2025-04-25,2001-09-30,-0.2307692307692307,30.6984375,6359615.46875
2001-06-30,EA,USD,712515,2001-08-14,2001-08-14 00:00:00,2002,Q1,181950000.0,89029000.0,92921000.0,0.5106952459,90805000,64019000.0,234000000.0,64019000.0,6475000.0,161299000.0,250328000.0,0.0,0.0,27355000.0,-41023000.0,-0.2254630393,-68378000.0,-0.3758065403,2717000.0,-65661000.0,-0.3608738664,-20355000.0,-45254000.0,-0.2487166804,-0.17,-0.17,271460000,272764000,https://www.sec.gov/Archives/edgar/data/712515/000101287001501611/0001012870-01-501611-index.htm,https://www.sec.gov/Archives/edgar/data/712515/000101287001501611/d10q.txt,0.6702644956899727,-0.1667059603624843,-0.1111950195240551,-0.1665622927871509,1.7275547041921462,3.838403448021808,3.3584874382966183,3.822526339055478,0.0,7858767000.0,7398573000.0,-43.414764440712425,43.19190436933224,-260.3533874440947,-173.80884662169635,7.573525316022639,7.573525316022639,40.662671063478975,-180.35182702386467,-245.10760311412955,-163.63094105938293,-0.005758409684369,-0.0057534470738221,0.0,0.0,11.217950905589548,2.970004655776199,0.0,0.6670128607415919,0.0062350747897221,-1.0827772130640383,0.3518494091783457,0.4990656773838967,0.1010707707967087,-0.4979294351499089,0.0826051112943116,0.5494425150795101,0.6870019236053861,,-0.0452801812291408,-0.0390558384396306,1.0598624106682384,486601000.0,911695000.0,486601000.0,954237000.0,125720000.0,66114500.0,15853000.0,38.08293487221764,59.81331925552348,16.194723067764436,2.363263238560352,1.504681584640346,5.557365792759051,-0.043611461524599,0.0553672732630958,2001-07-27,-0.17,bmo,206266666.0,2025-04-25,2001-06-30,-0.1176470588235295,28.290666666666667,6006826.766666667
2001-03-31,EA,USD,712515,2001-06-29,2001-06-29 00:00:00,2001,Q4,307255000.0,115967000.0,191288000.0,0.6225708288,107457000,73546000.0,0.0,73546000.0,-28230000.0,152773000.0,268740000.0,0.0,0.0,19396000.0,77234000.0,0.2513677564,-31153000.0,-0.1013913525,5556000.0,-25597000.0,-0.0833086524,-7717000.0,-17880000.0,-0.0581927064,-0.0659,-0.0659,271460000,271460000,https://www.sec.gov/Archives/edgar/data/712515/000095000501500255/0000950005-01-500255-index.htm,https://www.sec.gov/Archives/edgar/data/712515/000095000501500255/p13919-10k.txt,1.1318610476681648,-0.0658660576143815,0.7095483680836956,0.6524976055404111,1.7553746408310618,3.82705370957047,3.323244676932145,3.810310911368157,0.0,7364709800.0,6898217800.0,-102.9741303131991,23.969373321833658,38.235589313341706,41.5786966413929,7.120153874860177,7.120153874860177,22.451116499324662,89.31581686821866,35.813688516930235,38.94503830584835,-0.0024277942356941,0.0240507779410398,0.0,0.0,-6.039982391174871,2.407836459564857,0.0,-10.772595078299776,0.0,0.0,0.2393646970757188,0.3497323070413826,0.0991821123518584,0.0804043319800222,0.0504043872353582,0.7984636007424211,0.0,,-0.0209463289269607,-0.0143943504589608,1.0136585500626245,478701000.0,902128000.0,478701000.0,952664000.0,265466500.0,70626500.0,17769000.0,51.09895689248344,56.701389188303565,12.173635603231954,1.7612883994749182,1.587262698293207,7.393025627948489,-0.0172862685346406,0.0570507625432844,2001-05-11,-0.07,bmo,537775000.0,2025-04-25,2001-03-31,-0.4285714285714286,27.92203125,6489947.15625
2000-12-31,EA,USD,712515,2001-02-13,2001-02-13 00:00:00,2001,Q3,640319000.0,292138000.0,348181000.0,0.5437617812,110250000,93874000.0,0.0,93874000.0,18689000.0,222813000.0,514951000.0,0.0,0.0,18689000.0,144057000.0,0.2249769256,125368000.0,0.195789911,2308000.0,127676000.0,0.1993943644,39698000.0,87978000.0,0.1373971411,0.36,0.32,264678000,277808000,https://www.sec.gov/Archives/edgar/data/712515/000095000501000141/0000950005-01-000141-index.htm,https://www.sec.gov/Archives/edgar/data/712515/000095000501000141/0000950005-01-000141-0001.txt,2.419237715261563,0.3323963457484188,0.16729384384044,0.099290458594972,1.1811559706511308,3.843247266489848,3.450736366452822,3.82697466355345,0.0,5640288180.0,5344911180.0,16.02755285412262,8.808559764742261,127.3806585514578,214.62283789954336,5.568367149891995,5.568367149891995,8.347263129783748,37.10275224390345,120.70984394408184,203.38322602739728,0.0155981391716761,0.0046593363958222,0.0,0.0,-2.050417543055873,2.528987386464117,0.0,0.5032962786151083,0.0,0.0,0.1466050515446207,0.1721798041288795,0.0776870294539048,0.4064906614873868,0.0281094267076254,0.9630798865642892,0.0,5.349918583710541,0.0849249584808438,0.0713304096767681,1.0195860630653095,489357000.0,913334000.0,489357000.0,933433000.0,252290000.0,71440500.0,19568500.0,50.10558799598325,21.00815368079469,6.115876743183016,1.796206842382828,4.28405091506335,14.715796897038082,0.086856165763005,0.068003385245468,2001-01-30,0.34,bmo,659703030.0,2025-04-25,2000-12-31,-0.0294117647058823,27.516610169491525,5800952.474576271
2000-09-30,EA,USD,712515,2000-11-14,2000-11-14 00:00:00,2001,Q2,219900000.0,106932000.0,112968000.0,0.5137244202,92008000,64555000.0,0.0,64555000.0,16559000.0,173122000.0,280054000.0,0.0,0.0,16559000.0,-43595000.0,-0.1982492042,-60154000.0,-0.2735516144,3869000.0,-56285000.0,-0.2559572533,-17376000.0,-38909000.0,-0.176939518,-0.15,-0.15,261382000,262686000,https://www.sec.gov/Archives/edgar/data/712515/000095000500001138/0000950005-00-001138-index.htm,https://www.sec.gov/Archives/edgar/data/712515/000095000500001138/0000950005-00-001138-0001.txt,0.8412974114514389,-0.1488587584454935,-0.1730761873426632,-0.311544023689466,1.036662815343061,3.4363192568730825,3.0208889671056154,3.420273775546901,0.0,6453521580.0,6199704580.0,-41.4654808656095,29.347528785811733,-142.6539397422578,-79.25043692897141,7.218720377450509,7.218720377450509,28.193290495679857,-142.21136781741026,-137.04336037489776,-76.13351729050005,-0.0060291113181649,-0.0126182269619062,0.0,0.0,5.822158504415644,2.683644678850019,0.0,1.1626872959983552,0.0,0.0,0.2935652569349704,0.4184083674397453,0.097377813649,-0.8000397886779107,0.1645884492951341,2.185699619542243,0.0,,-0.0462969869463104,-0.0386571870833391,0.6686439770144845,365196000.0,789606000.0,365196000.0,809744000.0,116535000.0,61131000.0,22495000.0,60.61227830832196,62.862473347547976,16.231343283582092,1.4848476663785652,1.431696769269906,5.544827586206897,-0.0435224687303551,0.1384678363468027,2000-10-25,-0.15,bmo,253730769.0,2025-04-25,2000-09-30,-0.1333333333333332,28.64666666666667,6455365.174603174
2000-06-30,EA,USD,712515,2000-08-14,2000-08-14 00:00:00,2001,Q1,154799000.0,67537000.0,87262000.0,0.5637116519,79213000,57402000.0,0.0,57402000.0,15024000.0,151639000.0,219176000.0,0.0,0.0,15024000.0,-49353000.0,-0.318819889,-64377000.0,-0.4158747796,3338000.0,-61039000.0,-0.3943113328,-18768000.0,-42271000.0,-0.2730702395,-0.16,-0.16,258553528,258553528,https://www.sec.gov/Archives/edgar/data/712515/000095000500000916/0000950005-00-000916-index.htm,https://www.sec.gov/Archives/edgar/data/712515/000095000500000916/0000950005-00-000916-0001.txt,0.5987116137900853,-0.1634903237522251,0.0088376283923691,-0.1871295293251616,1.1572226544903306,3.4325464706093665,2.9949542982062884,3.4165420477263804,0.0,4713430815.440001,4416486815.440001,-27.876267508693903,30.44871617671949,2062.7705975667395,-97.41915167393508,5.33580437335217,5.33580437335217,28.530460890832632,-89.48770724049197,1932.8169870634576,-91.28178937726062,-0.0089682020708845,-0.0102649220693999,0.0,0.0,6.016736571231739,3.5162779186204407,0.0,-0.0540559721795084,0.0,0.0,0.3708163489428226,0.5117151919586044,0.1091047778482807,22.17417943107221,0.327314775935245,3.3724707135250265,0.0,,-0.0502341378273667,-0.0457551147206319,0.8752152861747066,376176000.0,774356000.0,376176000.0,807765000.0,159530500.0,72638000.0,24345500.0,49.40380751813642,63.39591631253979,34.254556761478895,1.8217219384752985,1.419649801357913,2.6273876677689167,-0.0478525718309317,0.1959671577175307,2000-07-25,-0.17,bmo,164475000.0,2025-04-25,2000-06-30,-0.0588235294117647,23.338870967741936,5631383.838709678
2000-03-31,EA,USD,712515,2000-06-29,2000-06-29 00:00:00,2000,Q4,294311000.0,131872000.0,162439000.0,0.5519297614,73759000,65430000.0,0.0,65430000.0,15325000.0,154514000.0,286386000.0,0.0,0.0,15325000.0,23250000.0,0.0789980667,7925000.0,0.026927298,-2732000.0,5193000.0,0.0176446004,1742000.0,3451000.0,0.0117256915,0.0133,0.0133,256600000,258553528,https://www.sec.gov/Archives/edgar/data/712515/000095000500000777/0000950005-00-000777-index.htm,https://www.sec.gov/Archives/edgar/data/712515/000095000500000777/0000950005-00-000777-0001.txt,1.1469641465315663,0.0134489477786438,0.504427123928293,0.3100233826968043,1.3251753702260327,3.6126656274356974,3.1557833203429464,3.5985697583788,0.0,4567480000.0,4321215000.0,330.8809040857723,15.519229658422551,35.28755523965512,57.41502413515688,4.946409600246049,4.946409600246049,14.682478738477323,185.85870967741937,33.38495472666028,54.31937600563154,0.0007555588639687,0.0174170439717305,0.0,0.0,-10.592043010752688,2.6585664638789,0.0,37.506809620399885,0.0,0.0,0.2223158495604989,0.2506158451434027,0.0983266124974,0.3853950987360549,0.1694941745296642,3.255073409461664,0.0,1.0435190353129524,0.0056812184467735,0.0032100056182074,1.0202503897116133,440021000.0,809774000.0,440021000.0,842723000.0,305993500.0,93851500.0,22893000.0,71.58356296570635,66.68034154331473,15.687484833778209,1.257271869005968,1.3497231405381616,5.737057339249978,0.003737303618286,0.1944037412314887,2000-05-03,0.03554,bmo,294300000.0,2025-04-25,2000-03-31,0.1254924029262802,22.34523809523809,3758641.3333333335
1999-12-31,EA,USD,712515,2000-02-14,2000-02-14 00:00:00,2000,Q3,600700000.0,291300000.0,309400000.0,0.5150657566,73400000,95700000.0,0.0,95700000.0,10700000.0,179800000.0,471100000.0,0.0,0.0,10700000.0,140300000.0,0.2335608457,129600000.0,0.2157482937,4500000.0,134100000.0,0.2232395539,41200000.0,92900000.0,0.1546529049,0.37,0.35,253304000,269912000,https://www.sec.gov/Archives/edgar/data/712515/000095000500000342/0000950005-00-000342-index.html,https://www.sec.gov/Archives/edgar/data/712515/000095000500000342/,2.3714588004926886,0.3667529924517576,0.0777721630925686,-0.071060859678489,0.9814294286706882,3.428291696933329,3.098648264535893,3.4160534377664784,0.0,5319384000.0,5161984000.0,14.31481162540366,8.855308806392543,270.0194923857868,-295.52133333333336,6.147444816826534,6.147444816826534,8.593281171966039,36.792473271560944,262.02964467005074,-286.7768888888889,0.0174644282119884,-0.0033838504608804,0.0,0.0,-1.1218816821097648,2.445902688860435,0.0,0.2122844827586207,0.0,0.0,0.1593141335109039,0.1221907774263359,0.0707147696476964,1.9137055837563453,0.0627601132012651,3.5233644859813085,0.0,5.309338561931168,0.103388473440316,0.0846623530483915,0.912046394845719,451700000.0,784900000.0,451700000.0,779000000.0,321800000.0,92950000.0,23350000.0,56.61894456467455,27.80638516992791,7.044284243048404,1.5895739613654405,3.236666666666667,12.776315789473683,0.1073616086906275,0.1488330227710577,2000-01-25,0.33,bmo,564293939.0,2025-04-25,1999-12-31,0.0606060606060604,22.92904761904762,3447473.015873016
1999-09-30,EA,USD,712515,1999-11-15,1999-11-15 00:00:00,2000,Q2,338900000.0,167900000.0,171000000.0,0.5045736205,68400000,68100000.0,0.0,68100000.0,10800000.0,147300000.0,315200000.0,0.0,0.0,10800000.0,34500000.0,0.101799941,23700000.0,0.0699321334,3000000.0,26700000.0,0.0787843022,8600000.0,18100000.0,0.053408085,0.075,0.07,249668000,262428000,https://www.sec.gov/Archives/edgar/data/712515/000095000599001001/0000950005-99-001001-index.html,https://www.sec.gov/Archives/edgar/data/712515/000095000599001001/,1.3574026306935612,0.0724962750532707,-0.4049377573417498,-0.5190893506576734,0.92322604418668,2.9755515324350736,2.630693561049074,2.9627345114311807,0.0,4516494120.0,4381194120.0,62.38251546961325,13.326922750073768,-44.67353234421365,-34.849491666666665,6.105845775314316,6.105845775314316,12.92768993803482,126.99113391304348,-43.335253412462905,-33.805510185185184,0.0040075331704406,-0.0286948231430444,0.0,0.0,-3.921739130434783,2.43728423475259,0.0,-5.554945054945055,0.0,0.0,0.2009442313366775,0.2018294482148126,0.085791151853328,-0.2818991097922849,0.0840956034228386,2.638888888888889,0.0,2.198343094500261,0.0216264532707382,0.0197275204359673,0.7250628835093004,374700000.0,656800000.0,374700000.0,676500000.0,169500000.0,70000000.0,19950000.0,70.56063735615226,51.40559857057772,12.81119714115545,1.2754986827248778,1.7507820646506778,7.02510460251046,0.0244693794781668,0.1141515933159235,1999-10-21,0.06,bmo,290485714.0,2025-04-25,1999-09-30,0.1666666666666668,15.94,5309961.904761905
1999-06-30,EA,USD,712515,1999-08-12,1999-08-12 00:00:00,2000,Q1,186100000.0,78200000.0,107900000.0,0.5797958087,47500000,51400000.0,0.0,51400000.0,9900000.0,108800000.0,187000000.0,0.0,0.0,9900000.0,9020000.0,0.0484685653,-900000.0,-0.0048361096,4280000.0,3400000.0,0.0182697474,1100000.0,2300000.0,0.0123589468,0.01,0.01,245820000,256476000,https://www.sec.gov/Archives/edgar/data/712515/000095000599000745/0000950005-99-000745-index.html,https://www.sec.gov/Archives/edgar/data/712515/000095000599000745/,0.7570580099259621,0.0093564396713042,-0.0109836465706614,-0.0874623708404523,1.3184443902042144,2.7894394272231717,2.431047107639736,2.778862582377349,0.0,3333319200.0,3131319200.0,362.3173043478261,17.911441160666307,-1234.5626666666667,-155.0381023255814,4.879694334650857,4.879694334650857,16.82600322407308,347.15290465631927,-1159.747851851852,-145.64275348837208,0.0006900029256124,-0.0064500273481159,0.0,0.0,-22.394678492239468,2.904735062006764,0.0,-1.173913043478261,0.0,0.0,0.276195593766792,0.2552391187533584,0.1020739195921677,-6.962962962962963,0.1010209564750134,1.898989898989899,0.0,0.764856752865732,-0.0008878861446868,0.0029677419354838,0.8529615165568302,337900000.0,597600000.0,337900000.0,618600000.0,111400000.0,54000000.0,19200000.0,35.448683503492745,50.75447570332481,18.414322250639387,2.538881309686221,1.7732426303854876,4.8875,0.0033670033670033,0.0764787242697909,1999-07-22,,bmo,,2025-04-25,1999-06-30,,21.064126984126982,5564368.317460317
1999-03-31,EA,USD,712515,1999-06-29,1999-06-29 00:00:00,1999,Q4,277800000.0,122900000.0,154900000.0,0.5575953924,55700000,60400000.0,0.0,60400000.0,9400000.0,125500000.0,248400000.0,0.0,0.0,9400000.0,38800000.0,0.1396688265,29400000.0,0.1058315335,2700000.0,32100000.0,0.1155507559,10200000.0,21900000.0,0.0788336933,0.0891,0.0891,243396571,245820000,https://www.sec.gov/Archives/edgar/data/712515/000095000599000599/0000950005-99-000599-index.html,https://www.sec.gov/Archives/edgar/data/712515/000095000599000599/,1.1413472213624571,0.0899766168028718,0.5263015804770725,-0.1088758148527901,0.9950838625413504,2.7346317873968733,2.361988904108267,2.7235387798458346,0.0,2891551263.48,2649351263.48,33.008576067123286,10.40875184838013,22.572609394847778,-109.1151420181132,4.361972037230352,4.361972037230352,9.536901596400288,68.28224905876289,20.681899012334117,-99.97551937660376,0.007573789293171,-0.0091646308798644,0.0,0.0,-6.242268041237113,2.4110922946655378,0.0,5.849315068493151,0.0,0.0,0.2174226061915047,0.2005039596832253,0.1005654728905643,1.2068696330991413,0.556515478761699,16.4468085106383,0.0,2.348133964596967,0.0301306052654854,0.0269970414201183,0.5309236669566721,333300000.0,574900000.0,333200000.0,605300000.0,232100000.0,67250000.0,26300000.0,48.4341252699784,46.79414157851912,16.403580146460538,1.8581939799331104,1.923317683881064,5.486607142857143,0.0330366571126866,0.6351773953298627,1999-05-05,0.08,bmo,243075000.0,2025-04-25,1999-03-31,0.1249999999999999,21.9853125,5674337.5
1998-12-31,EA,USD,712515,1999-02-16,1999-02-16 00:00:00,1999,Q3,520200000.0,260900000.0,259300000.0,0.49846213,61800000,79600000.0,0.0,79600000.0,15400000.0,156800000.0,417700000.0,0.0,0.0,15400000.0,117900000.0,0.2266435986,102500000.0,0.1970396002,3800000.0,106300000.0,0.2043444829,33800000.0,72500000.0,0.1393694733,0.3,0.29,241666667,250000000,https://www.sec.gov/Archives/edgar/data/712515/000095000599000202/0000950005-99-000202-index.html,https://www.sec.gov/Archives/edgar/data/712515/,2.1525517211688943,0.2999999995862069,0.2205517238337217,0.6620689646040429,0.73448275760761,2.665655168737028,2.246068962419215,2.653655168753579,0.0,3390583338.01,3213083338.01,11.691666682793104,6.517845709361784,63.613195835084426,21.1911458625625,5.287047151114923,5.287047151114923,6.176630792022299,27.25261525029686,60.28298945609755,20.0817708625625,0.0213827512178337,0.0471895199290123,0.0,0.0,-1.5055131467345209,2.107765993841943,0.0,0.7341597796143251,0.0,0.0,0.1530180699730872,0.1188004613610149,0.1082754938601174,2.00187617260788,0.2051134179161861,6.928571428571429,0.0,4.232277444164101,0.1085195257019506,0.0868159501856065,0.5641034474977884,323800000.0,542800000.0,323800000.0,594400000.0,258500000.0,74350000.0,28150000.0,54.44636678200692,24.35415868148716,10.417784591797624,1.6530028598665396,3.6954674220963177,8.639072847682119,0.1130516139092468,0.441517240770321,1999-01-21,0.27,bmo,462400000.0,2025-04-25,1998-12-31,0.111111111111111,15.98625,3207037.5
1998-09-30,EA,USD,712515,1998-11-13,1998-11-13 00:00:00,1999,Q2,245800000.0,126900000.0,118900000.0,0.483726607,48300000,49900000.0,0.0,49900000.0,8300000.0,106500000.0,233400000.0,0.0,0.0,8300000.0,20700000.0,0.0842148088,12400000.0,0.0504475183,-38300000.0,-25900000.0,-0.1053702197,-600000.0,-25300000.0,-0.1029292107,-0.1,-0.1,240952381,240952381,https://www.sec.gov/Archives/edgar/data/712515/000095000598000895/0000950005-98-000895-index.html,https://www.sec.gov/Archives/edgar/data/712515/,1.0201185768734944,-0.104999999979249,-0.1095652173696511,-0.8927075097049986,0.5150395255899132,2.3502569165315697,1.9298418968518096,2.339881422462474,0.0,2643247619.57,2519147619.57,-26.11904762420949,10.753651829007325,-100.12301589280302,-12.288459412226873,4.688271762273856,4.688271762273856,10.248769811106593,121.69795263623188,-95.42225831704546,-11.711518454532776,-0.0095715587948267,-0.0813771658801274,0.0,0.0,-5.995169082125604,2.19906103286385,0.0,1.0434782608695652,0.0,0.0,0.2030105777054515,0.1965012205044752,0.1299884511741306,-7.1477272727272725,0.7676973148901546,22.734939759036145,0.0,,0.0213892659592818,-0.037315634218289,0.3148962449970561,255400000.0,465000000.0,255400000.0,514400000.0,151150000.0,59850000.0,22550000.0,74.07241659886087,55.39007092198582,18.51063829787234,1.2150271873455265,1.6248399487836107,4.862068965517241,-0.04487406881873,0.7831422923353474,1998-10-21,0.0375,bmo,245800000.0,2025-04-25,1998-09-30,0.0666666666666667,12.50904761904762,2844165.0793650798
1998-06-30,EA,USD,712515,1998-08-11,1998-08-11 00:00:00,1999,Q1,178200000.0,80200000.0,98000000.0,0.5499438833,36200000,49100000.0,0.0,49100000.0,7400000.0,92700000.0,172900000.0,0.0,0.0,7400000.0,12700000.0,0.0712682379,5300000.0,0.0297418631,300000.0,5600000.0,0.0314253648,1900000.0,3700000.0,0.0207631874,0.015,0.015,246666667,246666667,https://www.sec.gov/Archives/edgar/data/712515/000095000598000667/0000950005-98-000667-index.html,https://www.sec.gov/Archives/edgar/data/712515/,0.7224324314561724,0.0149999999797297,-0.0170270270040175,-0.0725675674695032,0.8177027015976991,2.342837834671841,2.342837834671841,2.333513510360117,0.0,3330000004.5,3128300004.5,225.00000030405403,18.68686871212121,-792.8571439285715,-186.03351980446928,5.785267554725504,5.785267554725504,17.554994413580246,246.322835,-744.8333344047619,-174.76536337988827,0.0011111111096096,-0.0053753753681113,0.0,0.0,-15.881889763779528,4.316041500399042,0.0,-1.135135135135135,0.0,0.0,0.2755331088664422,0.2031425364758698,0.0,-3.261904761904762,0.0768799102132435,1.851351351351351,0.0,0.887446228614595,0.006060549868961,0.0052624093301095,0.652702701820672,415500000.0,577900000.0,415600000.0,524200000.0,119700000.0,48900000.0,19300000.0,50.505050505050505,46.68329177057357,21.321695760598505,1.782,1.9278846153846152,4.221052631578948,0.0064280750521195,0.0555405404654857,1998-07-22,0.00538,bmo,89100000.0,2025-04-25,1998-06-30,2.717472118959108,10.99688524590164,3642052.4590163934
1998-03-31,EA,USD,712515,1998-06-26,1998-06-26 00:00:00,1998,Q4,204100000.0,97500000.0,106600000.0,0.5222929936,36900000,42700000.0,0.0,42700000.0,6500000.0,86100000.0,183600000.0,0.0,0.0,6500000.0,27000000.0,0.1322880941,20500000.0,0.1004409603,2500000.0,23000000.0,0.1126898579,7600000.0,15400000.0,0.0754532092,0.0624,0.0624,241463837,246666667,https://www.sec.gov/Archives/edgar/data/712515/000095000598000571/0000950005-98-000571-index.html,https://www.sec.gov/Archives/edgar/data/712515/,0.845261147738657,0.0637776662183994,0.331312551783893,0.2493126952173794,1.551371023728079,2.3357534900764456,2.3357534900764456,2.3357534900764456,0.0,2832370808.01,2457770808.01,45.98004558457792,13.87736799612935,35.404635100125,47.04934897026578,5.02193405675532,5.02193405675532,12.041993179862814,91.02854844481482,30.722135100125,40.82675760813954,0.0054371411950894,0.0212542792171679,0.0,0.0,-13.874074074074072,3.2460099064391854,0.0,5.194805194805195,0.0,0.0,0.2092111709946104,0.1807937285644292,0.0,0.2475,0.0970112689857912,3.046153846153846,0.0,1.8307922862295256,0.0243370336108541,0.0206517366233069,1.2724472691950142,408100000.0,564000000.0,408100000.0,513200000.0,206350000.0,75850000.0,25950000.0,61.46986771190592,51.87692307692308,18.09230769230769,1.464131994261119,1.7348754448398576,4.974489795918367,0.027304964539007,0.0819998565665135,1998-05-06,0.06,bmo,204100000.0,2025-04-25,1998-03-31,0.0,10.85140625,3766343.6875
1997-12-31,EA,USD,712515,1998-02-17,1998-02-17 00:00:00,1998,Q3,391200000.0,204200000.0,187000000.0,0.4780163599,45400000,62600000.0,0.0,62600000.0,6600000.0,114600000.0,318800000.0,0.0,0.0,6600000.0,79000000.0,0.2019427403,72400000.0,0.1850715746,15100000.0,87500000.0,0.2236707566,28900000.0,58600000.0,0.149795501,0.25,0.24,234400000,244166667,https://www.sec.gov/Archives/edgar/data/712515/000089843098000618/0000898430-98-000618-index.html,https://www.sec.gov/Archives/edgar/data/712515/,1.6689419795221845,0.25,0.0976962457337883,0.0601535836177474,1.227815699658703,2.2380546075085324,2.2380546075085324,2.2380546075085324,0.0,2215080000.0,1927280000.0,9.45,5.662269938650307,96.72838427947596,157.09787234042554,4.222417079679756,4.222417079679756,4.926584867075665,24.39594936708861,84.16069868995633,136.68652482269505,0.0264550264550264,0.0063654585838886,0.0,0.0,-3.643037974683544,2.4582357533177204,0.0,0.3907849829351535,0.0,0.0,0.1600204498977505,0.1160531697341513,0.0,0.3842794759825327,0.0224948875255623,1.3333333333333333,0.0,3.548106138101776,0.0924272098469582,0.0750512295081967,1.0781783276450512,373600000.0,524600000.0,373600000.0,466700000.0,208150000.0,75250000.0,26300000.0,62.87576687116564,42.09108716944172,14.236043095004897,1.4313940724478595,2.1382198952879583,6.321981424148607,0.1117041555470834,0.0375426621160409,1998-01-22,0.2,bmo,371640000.0,2025-04-25,1997-12-31,0.0499999999999999,12.04265625,4640775.125
1997-09-30,EA,USD,712515,1997-11-14,1997-11-14 00:00:00,1998,Q2,189800000.0,95300000.0,94500000.0,0.4978925184,36300000,42200000.0,0.0,42200000.0,8300000.0,86800000.0,182100000.0,0.0,0.0,8300000.0,16000000.0,0.0842992624,7700000.0,0.04056902,-7700000.0,0.0,0.0,0.0,0.0,0.0,0.0,0.0,223164000,223164000,https://www.sec.gov/Archives/edgar/data/712515/000101287097002276/0001012870-97-002276-index.html,https://www.sec.gov/Archives/edgar/data/712515/,0.8504955996486888,0.0,-0.0878277858435948,-0.1326378806617554,0.6380957502106075,2.044236525604488,2.044236525604488,2.044236525604488,0.0,2155764240.0,2013364240.0,0.0,11.358083456269757,-109.98797142857144,-72.82987297297298,4.725480578693555,4.725480578693555,10.607820021074817,125.835265,-102.72266530612244,-68.01906216216216,0.0,-0.0137306294680906,0.0,0.0,-8.9,2.995973154362416,0.0,6.758620689655173,0.0,0.0,0.2223393045310853,0.1912539515279241,0.0,-0.5102040816326531,0.0526870389884088,1.2048192771084338,0.0,0.0,,0.0,0.4964958505852198,297400000.0,456200000.0,297400000.0,388500000.0,111200000.0,43400000.0,18450000.0,67.80821917808218,51.941238195173135,19.1710388247639,1.3272727272727274,1.732727272727273,4.694581280788177,0.0,0.0448100948181606,1997-10-23,0.03227,bmo,189800000.0,2025-04-25,1997-09-30,-0.0703439727300899,11.528253968253969,3693485.714285714
1997-06-30,EA,USD,712515,1997-08-08,1997-08-08 00:00:00,1998,Q1,117800000.0,55100000.0,62700000.0,0.5322580645,23600000,33600000.0,0.0,33600000.0,5500000.0,62700000.0,117800000.0,0.0,0.0,5500000.0,1200000.0,0.0101867572,-2200000.0,-0.0186757216,-100000.0,2200000.0,0.0186757216,700000.0,1500000.0,0.0127334465,0.0069,0.0069,217288000,217288000,https://www.sec.gov/Archives/edgar/data/712515/000101287097001488/0001012870-97-001488-index.html,https://www.sec.gov/Archives/edgar/data/712515/,0.5421376237988292,0.0069032804388645,-0.019789403924745,-0.050163837855749,0.5499613416295424,1.8224660358602407,1.8224660358602407,1.8224660358602407,0.0,1827392080.0,1707892080.0,304.5653466666667,15.512666213921902,-424.9749023255814,-167.6506495412844,4.614626464646465,4.614626464646465,14.498234974533108,1423.2434,-397.1842046511628,-156.68734678899082,0.0008208419071182,-0.0059647845250593,0.0,0.0,-99.58333333333331,3.3187325256290774,0.0,-2.8666666666666667,0.0,0.0,0.2852292020373514,0.200339558573854,0.0,-1.5348837209302326,0.0560271646859083,1.2,0.0,0.5320454567577877,-0.0037878787878787,0.002980329823167,0.3684050660874047,248800000.0,396000000.0,248800000.0,334900000.0,91300000.0,37650000.0,16200000.0,60.66213921901527,51.941923774954624,27.11433756805808,1.4836272040302267,1.7327044025157232,3.319277108433735,0.0037878787878787,0.030374433931004,1997-07-23,,bmo,,2025-04-25,1997-06-30,,10.11688524590164,5705540.983606557
1997-03-31,EA,USD,712515,1997-06-23,1997-06-23 00:00:00,1997,Q4,143800000.0,66300000.0,77500000.0,0.5389429764,30300000,28300000.0,0.0,28300000.0,6400000.0,65000000.0,131300000.0,0.0,0.0,6400000.0,18900000.0,0.1314325452,12500000.0,0.0869262865,2900000.0,15400000.0,0.107093185,5000000.0,10400000.0,0.0723226704,0.0466,0.0466,223164000,223164000,https://www.sec.gov/Archives/edgar/data/712515/000101287097001195/0001012870-97-001195-index.html,https://www.sec.gov/Archives/edgar/data/712515/,0.6443691634851499,0.046602498610887,0.280063092613504,0.2437669158107938,0.5628147909160975,1.744008890322812,1.744008890322812,1.744008890322812,0.0,1486272240.0,1360672240.0,35.72769807692308,10.335690125173851,23.78035584,27.32118088235294,3.818787872559096,3.818787872559096,9.462254798331015,71.99324021164021,21.77075584,25.012357352941176,0.0069973721637968,0.0366016390106297,0.0,0.0,-6.645502645502646,2.8971742543171115,0.0,6.009615384615385,0.0,0.0,0.1968011126564673,0.2107093184979137,0.0,0.1296,0.0563282336578581,1.265625,0.0,1.3522911548533028,0.0216839415400936,0.0201277336946003,0.3737161907834597,241700000.0,389200000.0,241600000.0,326800000.0,149650000.0,49950000.0,17250000.0,64.58970792767732,59.04977375565611,21.44796380090498,1.3934108527131783,1.5241379310344827,4.19620253164557,0.02672147995889,0.0362961768027101,1997-05-06,0.05,bmo,156200000.0,2025-04-25,1997-03-31,0.0,8.87828125,4893393.75
1996-12-31,EA,USD,712515,1997-02-14,1997-02-14 00:00:00,1997,Q3,271100000.0,130100000.0,141000000.0,0.5201032829,33800000,46000000.0,0.0,46000000.0,5400000.0,85200000.0,215300000.0,0.0,0.0,5400000.0,61200000.0,0.2257469568,55800000.0,0.2058281077,900000.0,56700000.0,0.2091479159,20000000.0,36700000.0,0.1353744006,0.17,0.17,215882353,222424242,https://www.sec.gov/Archives/edgar/data/712515/000095000597000277/0000950005-97-000277-index.html,https://www.sec.gov/Archives/edgar/data/712515/,1.2557765664153198,0.1699999999536784,0.2019618528060049,0.1528610353806918,0.6267302450608364,1.7583651221366852,1.7583651221366852,1.7583651221366852,0.0,1614800000.44,1479500000.44,11.000000002997275,5.956473627591295,37.03669725779817,48.93333334666667,4.253951529083246,4.253951529083246,5.457395796532645,24.174836608496733,33.93348624862386,44.83333334666667,0.02272727272108,0.0204359672968839,0.0,0.0,-2.2107843137254903,2.3115550755939527,0.0,1.1880108991825613,0.0,0.0,0.1696790852084101,0.1246772408705274,0.0,0.2431192660550458,0.0390999631132423,1.962962962962963,0.0,2.593404440179008,0.095146101995417,0.0649787535410764,0.4934400543614605,242900000.0,379600000.0,242900000.0,326300000.0,149150000.0,47700000.0,21550000.0,65.10143858354851,39.01614142966949,12.936202920830132,1.382457929627741,2.3067375886524824,6.957219251336898,0.0966807165437302,0.0491008174253131,1997-01-23,0.16,bmo,273694117.0,2025-04-25,1996-12-31,0.0625,8.4784375,3381950.0
1996-09-30,EA,USD,712515,1996-11-14,1996-11-14 00:00:00,1997,Q2,129300000.0,59300000.0,70000000.0,0.5413766435,28700000,30900000.0,0.0,30900000.0,5200000.0,64800000.0,124100000.0,0.0,0.0,5200000.0,10400000.0,0.0804331013,5200000.0,0.0402165507,3000000.0,8200000.0,0.0634184068,2300000.0,5900000.0,0.0456303171,0.015,0.015,219720000,219720000,https://www.sec.gov/Archives/edgar/data/712515/000095000596000920/0000950005-96-000920-index.html,https://www.sec.gov/Archives/edgar/data/712515/,0.5884762424904424,0.0268523575459675,-0.1051338066630256,-0.1529219006007646,0.4000546149645003,1.5319497542326597,1.5319497542326597,1.5319497542326597,0.0,2052184800.0,1964284800.0,86.95698305084746,15.871498839907192,-88.83916883116883,-61.076928571428574,6.096805704099822,6.096805704099822,15.19168445475638,188.8735384615385,-85.03397402597403,-58.46085714285714,0.0028749847479622,-0.0163727944968698,0.0,0.0,-8.451923076923077,2.924833491912464,0.0,0.0,0.0,0.0,0.2389791183294663,0.2219644238205723,0.0,-0.4545454545454545,0.0812064965197215,2.019230769230769,0.0,0.9620656979749526,0.0111154587481703,0.0133574824541544,0.3260968505370472,202300000.0,336600000.0,202300000.0,280300000.0,77250000.0,32500000.0,19000000.0,71.1368909512761,59.19055649241147,37.03204047217538,1.2651663405088065,1.5205128205128204,2.430327868852459,0.0175282234105763,0.0477880939377389,1996-10-23,0.01824,amc,,2025-04-25,1996-09-30,0.6447368421052632,7.10015625,4393687.5
1996-06-30,EA,USD,712515,1996-08-14,1996-08-14 00:00:00,1997,Q1,80600000.0,35000000.0,45600000.0,0.5657568238,25300000,22100000.0,0.0,22100000.0,4500000.0,51900000.0,86900000.0,0.0,0.0,4500000.0,-1800000.0,-0.0223325062,-6300000.0,-0.0781637717,6100000.0,-200000.0,-0.0024813896,-100000.0,-100000.0,-0.0012406948,-0.0005,-0.0005,212456000,212456000,https://www.sec.gov/Archives/edgar/data/712515/000095000596000615/0000950005-96-000615-index.html,https://www.sec.gov/Archives/edgar/data/712515/,0.3793726701058101,-0.0004706856949203,-0.0112964566780886,-0.0442444553225138,0.4565651240727492,1.5659713070000376,1.5659713070000376,1.5607937643559138,0.0,1493565680.0,1396565680.0,-3733.9142,18.530591563275436,-622.3190333333334,-158.8899659574468,4.504118455971049,4.504118455971049,17.327117617866005,-775.8698222222222,-581.9023666666667,-148.57081702127658,-6.695386840972403e-05,-0.006293663630514,0.0,0.0,53.888888888888886,3.689521345407503,0.0,0.0,0.0,0.0,0.2741935483870967,0.3138957816377171,0.0,-2.9166666666666665,0.086848635235732,1.5555555555555556,0.0,,-0.0094679891794409,-0.0002439024390243,0.3093581729864066,207900000.0,332700000.0,207900000.0,280300000.0,62700000.0,31500000.0,14100000.0,58.39950372208437,66.85714285714286,34.971428571428575,1.5411089866156789,1.3461538461538465,2.573529411764706,-0.0003015681544028,0.0329479986444252,1996-07-24,,amc,,2025-04-25,1996-06-30,,7.800327868852459,5037829.508196721
1996-03-31,EA,USD,712515,1996-07-01,1996-07-01 00:00:00,1996,Q4,118500000.0,50700000.0,67800000.0,0.5721518987,29700000,23400000.0,0.0,23400000.0,5100000.0,58200000.0,108900000.0,0.0,0.0,5100000.0,14700000.0,0.1240506329,9600000.0,0.0810126582,1100000.0,10700000.0,0.0902953586,3400000.0,7300000.0,0.0616033755,0.0332,0.0332,210050934,219720000,https://www.sec.gov/Archives/edgar/data/712515/000091205796013563/0000912057-96-013563-index.html,https://www.sec.gov/Archives/edgar/data/712515/,0.5641488840035341,0.034753475554648,0.2785038794447826,0.235181053753372,0.5027352080234025,1.540578724586866,1.540578724586866,1.5343897494880931,0.0,1392637692.42,1287037692.42,47.69307165821918,11.752216813670886,23.80577252,28.19104640526316,4.320936060874962,4.320936060874962,10.861077573164556,87.55358451836736,22.0006443148718,26.053394583400813,0.0052418515165381,0.0354722554680802,0.0,0.0,-7.183673469387755,2.985089463220676,0.0,8.013698630136986,0.0,0.0,0.1974683544303797,0.250632911392405,0.0,0.1555555555555555,0.0767932489451476,1.7843137254901962,0.0,1.0953633984336355,0.0202395942839319,0.0172088637435172,0.3195653488501032,199700000.0,323600000.0,199700000.0,269800000.0,117800000.0,42750000.0,23650000.0,55.51898734177215,65.68047337278107,25.91715976331361,1.6210670314637483,1.3702702702702705,3.4726027397260277,0.0226497052435619,0.0433228256914106,1996-05-06,0.04553,amc,,2025-04-25,1996-03-31,-0.1214583790907094,8.497031250000001,4886175.0
1995-12-31,EA,USD,712515,1996-02-14,1996-02-14 00:00:00,1996,Q3,239700000.0,123300000.0,116400000.0,0.4856070088,30000000,41600000.0,0.0,41600000.0,3700000.0,75300000.0,198600000.0,0.0,0.0,3900000.0,45000000.0,0.1877346683,41100000.0,0.1714643304,1900000.0,43000000.0,0.1793909053,13700000.0,29300000.0,0.1222361285,0.14,0.14,217037037,217037037,https://www.sec.gov/Archives/edgar/data/712515/000091205796002551/0000912057-96-002551-index.html,https://www.sec.gov/Archives/edgar/data/712515/,1.1044197954103103,0.1350000000230375,0.0497610921586623,0.0096757679197398,0.3257508532979097,1.3324914678041797,1.3324914678041797,1.3265017067110072,0.0,1417251851.61,1346551851.61,12.09259259052901,5.912606806883605,131.22702329722222,674.8818341000001,4.922722652344564,4.922722652344564,5.617654783521068,29.923374480222225,124.68072700092594,641.2151674333334,0.0206738131735126,0.0014817408759172,0.0,0.0,-1.5711111111111111,2.248712288447388,0.0,0.3686006825938566,0.0,0.0,0.1735502711722987,0.1251564455569462,0.0,0.8055555555555556,0.0362953692115143,2.230769230769231,0.0,2.007298915164921,0.0968373057994789,0.0689249588332157,0.3364633106376217,169700000.0,289200000.0,169700000.0,235200000.0,117950000.0,42550000.0,25800000.0,61.01376720901126,35.4014598540146,23.868613138686133,1.4750769230769232,2.5422680412371133,3.770642201834862,0.1017714484195901,0.0400853242389224,1996-01-24,0.14,amc,,2025-04-25,1995-12-31,0.0,7.78828125,4325100.0
1995-09-30,EA,USD,712515,1995-11-14,1995-11-14 00:00:00,1996,Q2,93700000.0,44500000.0,49200000.0,0.5250800427,20700000,22200000.0,0.0,22200000.0,3500000.0,46400000.0,90900000.0,0.0,0.0,3700000.0,6500000.0,0.0693703308,2800000.0,0.0298826041,1500000.0,4300000.0,0.0458911419,1300000.0,3000000.0,0.0320170758,0.015,0.015,200000000,200000000,https://www.sec.gov/Archives/edgar/data/712515/000091205795009843/0000912057-95-009843-index.html,https://www.sec.gov/Archives/edgar/data/712515/,0.4685,0.015,-0.1545,-0.197,0.403,1.3015,1.3015,1.298,0.0,1838000000.0,1757400000.0,153.16666666666666,19.615795090715046,-59.48220064724919,-46.6497461928934,7.080123266563944,7.080123266563944,18.755602988260407,270.3692307692308,-56.87378640776699,-44.60406091370558,0.0016322089227421,-0.021436343852013,0.0,0.0,-12.4,2.713933415536375,0.0,-9.96774193548387,0.0,0.0,0.2369263607257203,0.2209178228388474,0.0,-0.2750809061488673,0.0907150480256136,2.297297297297298,0.0,0.6618723441873062,0.0075018754688672,0.0087847730600292,0.3195,139000000.0,260300000.0,138900000.0,201700000.0,66850000.0,36250000.0,15450000.0,70.50160085378869,74.02247191011236,38.2247191011236,1.276566757493188,1.215846994535519,2.3544973544973544,0.0115562403697996,0.0425,1995-10-18,,amc,,2025-04-25,1995-09-30,,7.1598412698412695,5537384.253968254
1995-06-30,EA,USD,712515,1995-08-10,1995-08-10 00:00:00,1996,Q1,80000000.0,39600000.0,40400000.0,0.505,19300000,17900000.0,0.0,17900000.0,3200000.0,40400000.0,80000000.0,0.0,0.0,3200000.0,2000000.0,0.025,-1200000.0,-0.015,2400000.0,1200000.0,0.015,400000.0,800000.0,0.01,0.005,0.005,160000000,160000000,https://www.sec.gov/Archives/edgar/data/712515/000091205795006218/0000912057-95-006218-index.html,https://www.sec.gov/Archives/edgar/data/712515/,0.5,0.005,-0.196875,-0.3875,0.68875,1.52125,1.52125,1.51375,0.0,1084800000.0,974600000.0,339.0,13.56,-34.438095238095244,-17.496774193548386,4.478943022295624,4.478943022295624,12.1825,487.3,-30.93968253968254,-15.719354838709677,0.0007374631268436,-0.0571533923303834,0.0,0.0,-55.1,2.66871921182266,0.0,-39.375,0.0,0.0,0.22375,0.24125,0.0,-0.9682539682539684,0.38125,9.53125,0.0,0.4126704193421185,-0.0032867707477403,0.0024645717806531,0.50140625,135500000.0,243400000.0,135500000.0,193200000.0,58350000.0,35050000.0,12200000.0,67.8375,81.5909090909091,27.272727272727277,1.326699834162521,1.1030640668523677,3.3,0.0033030553261767,0.190625,1995-07-19,,amc,,2025-04-25,1995-06-30,,6.265079365079365,4162152.444444445
1995-03-31,EA,USD,712515,1995-06-29,1995-06-29 00:00:00,1995,Q4,116100000.0,50900000.0,65200000.0,0.5615848407,23300000,21600000.0,0.0,21600000.0,3100000.0,48000000.0,98900000.0,0.0,0.0,3100000.0,20300000.0,0.1748492679,17200000.0,0.1481481481,2500000.0,19700000.0,0.1696813092,6300000.0,13400000.0,0.1154177433,0.0838,0.0838,160000000,160000000,https://www.sec.gov/Archives/edgar/data/712515/000091205795004984/0000912057-95-004984-index.html,https://www.sec.gov/Archives/edgar/data/712515/,0.725625,0.08375,0.441875,0.393125,0.89625,1.48875,1.48875,1.481875,0.0,905600000.0,762200000.0,16.8955223880597,7.800172265288545,12.809052333804807,14.39745627980922,3.819485449177562,3.819485449177562,6.565030146425495,37.54679802955665,10.78076379066478,12.117647058823527,0.0147968197879858,0.0694567137809187,0.0,0.0,-7.064039408866995,2.6427184466019416,0.0,5.276119402985074,0.0,0.0,0.1860465116279069,0.2006890611541774,0.0,0.1103253182461103,0.0671834625322997,2.5161290322580645,0.0,1.6710500301083149,0.0491162568672829,0.0392731535756154,0.555625,169200000.0,238200000.0,169200000.0,199700000.0,100750000.0,39000000.0,14800000.0,43.72093023255814,60.47151277013753,21.92534381139489,2.0585106382978724,1.4883040935672514,4.104838709677419,0.0565162378743146,0.04875,1995-04-27,0.06,amc,,2025-04-25,1995-03-31,0.0,8.205238095238094,5322571.428571428
1994-12-31,EA,USD,712515,1995-02-13,1995-02-13 00:00:00,1995,Q3,216700000.0,124200000.0,92500000.0,0.4268574066,20800000,0.0,0.0,35600000.0,2700000.0,59100000.0,183300000.0,0.0,0.0,2800000.0,36200000.0,0.1670512229,33400000.0,0.1541301338,1400000.0,34800000.0,0.1605906784,11000000.0,23800000.0,0.109829257,0.12,0.12,198333333,198333333,https://www.sec.gov/Archives/edgar/data/712515/000091205795000644/0000912057-95-000644-index.html,https://www.sec.gov/Archives/edgar/data/712515/,1.0926050438531176,0.1200000002016806,0.031764705935739,0.012100840356472,0.5253781521434927,1.1057142875726291,1.1057142875726291,1.098151262349834,0.0,953983331.73,849783331.7299999,10.020833316491595,4.402322712182741,151.42592567142856,397.4930548875,4.380088759090909,4.380088759090909,3.9214736120443,23.47467767209945,134.88624313174603,354.0763882208333,0.0249480249899544,0.0025157672258777,0.0,0.0,-2.878453038674033,2.26840490797546,0.0,0.2647058823529412,0.0,0.0,0.0,0.0959852330410706,0.0,0.6190476190476191,0.0179972311952007,1.3928571428571428,0.0,1.721919978781755,0.1041610977457008,0.0680583357163282,0.4599579839663159,165400000.0,219300000.0,165400000.0,192800000.0,110850000.0,41950000.0,18950000.0,60.26303645592985,31.73913043478261,12.46376811594203,1.4934527911784976,2.835616438356164,7.22093023255814,0.1092745638200183,0.019663865579267,1995-01-18,0.11,amc,,2025-04-25,1994-12-31,0.0909090909090908,9.008571428571427,5431453.968253968
1994-09-30,EA,USD,712515,1994-09-30,1994-09-29 20:00:00,1995,Q2,86300000.0,41800000.0,44500000.0,0.5156431054,15900000,0.0,0.0,19400000.0,2600000.0,37900000.0,79700000.0,0.0,0.0,2600000.0,9200000.0,0.1066048667,6600000.0,0.0764774044,2700000.0,9300000.0,0.1077636153,2600000.0,6700000.0,0.077636153,0.035,0.035,191428571,191428571,,,0.4508208965316885,0.0350000000783582,0.0057462686695811,-0.0130597015217754,0.607537314792994,1.0223134351245824,1.0223134351245824,1.010298509724549,0.0,886314283.73,770014283.73,33.071428497388055,10.27015392502897,805.7402579363636,-354.525713492,4.582803948965873,4.582803948965873,8.922529359559675,83.69720475326088,700.012985209091,-308.005713492,0.0075593952653041,-0.0028206698751134,0.0,0.0,-12.641304347826088,2.538065843621399,0.0,0.1641791044776119,0.0,0.0,0.0,0.1842410196987254,0.0,3.272727272727273,0.0417149478563151,1.3846153846153846,0.0,0.8919697742576813,0.024296569799067,0.0228747012632297,0.4539552248969147,149500000.0,195700000.0,149500000.0,175900000.0,68750000.0,30700000.0,15500000.0,79.88412514484357,86.33971291866028,44.569377990430624,1.1266318537859008,1.0423940149625934,2.0193236714975846,0.0346432264736297,0.0188059701913566,1994-10-19,0.04095,amc,,2025-04-25,1994-09-30,-0.0231990231990231,6.271587301587302,4654635.111111111
1994-06-30,EA,USD,712515,1994-06-30,1994-06-29 20:00:00,1995,Q1,74200000.0,35800000.0,38400000.0,0.5175202156,13800000,0.0,0.0,14800000.0,2300000.0,30900000.0,66700000.0,0.0,0.0,2300000.0,9800000.0,0.1320754717,7500000.0,0.1010781671,9400000.0,16900000.0,0.2277628032,5100000.0,11800000.0,0.1590296496,0.06,0.06,196666667,196666667,,,0.3772881349537489,0.059999999898305,-0.0727118642835392,-0.0859322032441827,0.469322033102844,0.9513559305909222,0.9513559305909222,0.9335593204515944,0.0,688333334.5,596033334.5,14.583333358050847,9.276729575471698,-48.13519821678322,-40.72978310650888,3.74909223583878,3.74909223583878,8.032794265498651,60.81972801020408,-41.68065276223776,-35.268244644970416,0.0171428571138014,-0.0245520580697664,0.0,0.0,-9.418367346938776,2.9216216216216218,0.0,-1.2118644067796611,0.0,0.0,0.0,0.1859838274932614,0.0,-0.1818181818181818,0.0350404312668463,1.1304347826086956,0.0,1.122633101451023,0.0279887033165822,0.0451934124856376,0.3514830502517236,142200000.0,187100000.0,142200000.0,167600000.0,63000000.0,28600000.0,10000000.0,73.86792452830188,53.547486033519554,25.893854748603356,1.2183908045977012,1.6807511737089202,3.4757281553398056,0.0642701525054466,0.0132203389606434,1994-07-20,0.03516,amc,,2025-04-25,1994-06-30,-0.1467576791808873,5.315714285714286,4745993.714285715
1994-03-31,EA,USD,712515,1994-03-31,1994-03-30 19:00:00,1994,Q4,107200000.0,54200000.0,53000000.0,0.4944029851,0,0.0,0.0,-28200000.0,65000000.0,36800000.0,91000000.0,0.0,0.0,2400000.0,18600000.0,0.1735074627,16200000.0,0.151119403,200000.0,16400000.0,0.1529850746,5200000.0,11200000.0,0.1044776119,0.0557,0.0557,201111111,201111111,,,0.5330386743276456,0.0556906077655749,0.2327071824490094,0.2177900553689447,0.4669060776060255,0.8736464093224566,0.8736464093224566,0.8562430943957144,0.0,1319288888.1599998,1225388888.1599998,29.448412682142852,12.306799329850746,28.189933507692302,30.12075087123287,7.661375657142856,7.661375657142856,11.43086649402985,65.88112301935483,26.183523251282047,27.97691525479452,0.0084894219154839,0.0331997035623391,0.0,0.0,-5.048387096774194,2.38469387755102,0.0,4.178571428571429,0.0,0.0,0.0,0.0,0.0,0.0641025641025641,0.0279850746268656,1.25,0.0,1.0358116200566645,0.0629676416286075,0.0409207161125319,0.2465055249980693,135700000.0,175700000.0,135700000.0,160800000.0,73800000.0,34950000.0,10650000.0,54.65485074626866,59.61254612546125,16.1070110701107,1.6466973886328724,1.50974930362117,5.587628865979381,0.065040650406504,0.0149171270800647,1994-04-25,0.06,amc,,2025-04-25,1994-03-31,0.0,5.052539682539683,4611873.079365079
1993-12-31,EA,USD,712515,1993-12-31,1993-12-30 19:00:00,1994,Q3,149500000.0,82800000.0,66700000.0,0.4461538462,0,0.0,0.0,40500000.0,1800000.0,42300000.0,125100000.0,0.0,0.0,2200000.0,26600000.0,0.1779264214,24400000.0,0.1632107023,1300000.0,25700000.0,0.1719063545,7600000.0,18100000.0,0.1210702341,0.09,0.09,201111111,201111111,,,0.7433701661565582,0.0900000000497237,0.0014917127080064,-0.0164088397880711,0.4688950278833674,0.7925966855207717,0.7925966855207717,0.7801657462873844,0.0,1508333332.5,1414033332.5,20.833333321823204,10.089186170568562,5027.7777750000005,-457.0707068181818,9.613341826003824,9.613341826003824,9.458416939799331,53.159147838345866,4713.4444416666665,-428.4949492424242,0.0120000000066298,-0.0021878453050761,0.0,0.0,-3.545112781954887,2.470657276995305,0.0,0.0165745856353591,0.0,0.0,0.0,0.0,0.0,12.0,0.0240802675585284,1.6363636363636365,0.0,1.2569151272479742,0.1078069999853536,0.0739983646770237,0.3817541438573227,125300000.0,159400000.0,125300000.0,149800000.0,65250000.0,30900000.0,11800000.0,49.66555183946489,36.95652173913044,12.608695652173912,1.812121212121212,2.4352941176470586,7.137931034482759,0.1153601019757807,0.0179005524960776,1994-01-21,0.09,amc,,2025-04-25,1993-12-31,0.0,4.12578125,4341800.0
1993-09-30,EA,USD,712515,1993-09-30,1993-09-29 20:00:00,1994,Q2,82100000.0,40100000.0,42000000.0,0.5115712546,0,0.0,0.0,30200000.0,1700000.0,31900000.0,72000000.0,0.0,0.0,1900000.0,12000000.0,0.1461632156,10100000.0,0.1230207065,1400000.0,11500000.0,0.1400730816,3500000.0,8000000.0,0.0974421437,0.04,0.04,200000000,200000000,,,0.4105,0.04,-0.037,-0.054,0.462,0.6835,0.6835,0.668,0.0,1712000000.0,1619600000.0,53.5,20.852618757612667,-231.35135135135133,-158.5185185185185,12.81437125748503,12.81437125748503,19.727161997563947,134.96666666666667,-218.86486486486487,-149.96296296296296,0.0046728971962616,-0.0063084112149532,0.0,0.0,-7.7,2.6133540372670807,0.0,-0.9135802469135802,0.0,0.0,0.0,0.0,0.0,-0.4594594594594595,0.0414129110840438,1.7894736842105263,0.0,0.7753708789992052,0.0513602847698957,0.0397614314115308,0.3495,103900000.0,136700000.0,103800000.0,127000000.0,33500000.0,25950000.0,13600000.0,52.61875761266748,62.39401496259352,26.93266832917706,1.7104166666666667,1.4424460431654675,3.341666666666667,0.059880239520958,0.017,1993-10-20,0.03721,amc,,2025-04-25,1993-09-30,0.0749798441279226,4.817903225806451,5846909.548387097
1993-06-30,EA,USD,712515,1993-06-30,1993-06-29 20:00:00,1994,Q1,79500000.0,40200000.0,39300000.0,0.4943396226,0,0.0,0.0,28100000.0,1400000.0,29500000.0,69700000.0,0.0,0.0,1400000.0,11200000.0,0.1408805031,9800000.0,0.1232704403,800000.0,10600000.0,0.1333333333,3300000.0,7300000.0,0.0918238994,0.04,0.04,182500000,182500000,,,0.4356164383561643,0.04,0.0060273972602739,-0.0158904109589041,0.5457534246575343,0.6865753424657535,0.6865753424657535,0.6684931506849315,0.0,1379700000.0,1280100000.0,47.25,17.354716981132075,1254.2727272727273,-475.7586206896552,11.309016393442622,11.309016393442622,16.10188679245283,114.29464285714286,1163.7272727272727,-441.41379310344826,0.0052910052910052,-0.0021019062114952,0.0,0.0,-8.892857142857142,2.7028985507246377,0.0,0.1506849315068493,0.0,0.0,0.0,0.0,0.0,3.636363636363636,0.050314465408805,2.857142857142857,0.0,0.77565703478821,0.0538631811953199,0.0404432132963988,0.363013698630137,94000000.0,125300000.0,94000000.0,115600000.0,22700000.0,28950000.0,13900000.0,21.50943396226415,53.95522388059701,34.02985074626866,4.184210526315789,1.6680497925311204,2.6447368421052637,0.0598360655737704,0.021917808219178,1993-07-22,0.03695,amc,,2025-04-25,1993-06-30,0.0825439783491205,6.912222222222222,6033364.952380952
1993-03-31,EA,USD,712515,1993-03-31,1993-03-30 19:00:00,1993,Q4,86600000.0,43400000.0,43200000.0,0.4988452656,0,0.0,0.0,29400000.0,2100000.0,31500000.0,74900000.0,0.0,0.0,2100000.0,13800000.0,0.1593533487,11700000.0,0.1351039261,700000.0,12400000.0,0.143187067,3800000.0,8600000.0,0.0993071594,0.0454,0.0454,189230769,189230769,,,0.4576422769808645,0.045447154526968,0.1712195124039262,0.134227642440115,0.5178861794933571,0.6003252039841365,0.6003252039841365,0.5844715454282173,0.0,1383276921.39,1285276921.39,40.2115384125,15.973174611893764,42.693732141666665,54.45972131456693,12.507024605696202,12.507024605696202,14.841534889030022,93.1360087963768,39.66904078364197,50.60145359803149,0.0062171210023212,0.018362194588251,0.0,0.0,-7.101449275362318,2.257016248153619,0.0,3.767441860465116,0.0,0.0,0.0,0.0,0.0,0.2160493827160493,0.0808314087759815,3.333333333333333,0.0,0.773083303686007,0.0714305997273966,0.0474351902923331,0.298048780851279,85100000.0,113600000.0,85100000.0,104000000.0,35600000.0,31150000.0,12450000.0,27.4364896073903,70.09216589861751,26.12903225806452,3.2803030303030303,1.2840236686390532,3.4444444444444446,0.077757685352622,0.0369918699638112,1993-04-22,0.03369,amc,,2025-04-25,1993-03-31,0.1872959335114278,8.8646875,3473043.75
1992-12-31,EA,USD,712515,1992-12-31,1992-12-30 19:00:00,1993,Q3,107100000.0,60400000.0,46700000.0,0.4360410831,0,0.0,0.0,29500000.0,1000000.0,30500000.0,90900000.0,0.0,0.0,1000000.0,17200000.0,0.1605975724,16200000.0,0.1512605042,1200000.0,17400000.0,0.162464986,5100000.0,12300000.0,0.1148459384,0.065,0.065,189230769,189230769,,,0.5659756104463117,0.0650000000792682,-0.0237804878338786,-0.0496747968085465,0.3413821142374578,0.5115447160709895,0.5115447160709895,0.496747968085465,0.0,976430768.04,911830768.04,19.846153821951223,9.11700063529412,-216.98461512000003,-103.8756136212766,10.38756136212766,10.38756136212766,8.513826032119516,53.01341674651163,-202.62905956444447,-97.00327319574468,0.0125968992401682,-0.0096268986063074,0.0,0.0,-3.755813953488372,2.134920634920635,0.0,-0.3658536585365853,0.0,0.0,0.0,0.0,0.0,-1.0888888888888888,0.0457516339869281,4.9,0.0,0.8523461176135906,0.1183029353092049,0.0769712140175219,0.2185162604290848,71500000.0,96800000.0,71500000.0,85600000.0,36050000.0,25050000.0,10200000.0,37.64705882352941,42.466887417218544,18.327814569536425,2.390625,2.119298245614035,4.9105691056910565,0.1308510638297872,0.0258943089746678,1992-12-30,,amc,,2025-04-25,1992-12-31,,7.82328125,3513068.75
1992-09-30,EA,USD,712515,1992-09-30,1992-09-29 20:00:00,1993,Q2,54600000.0,27600000.0,27000000.0,0.4945054945,0,0.0,0.0,20100000.0,300000.0,20400000.0,48000000.0,0.0,0.0,300000.0,6900000.0,0.1263736264,6600000.0,0.1208791209,800000.0,7400000.0,0.1355311355,2200000.0,5200000.0,0.0952380952,0.03,0.03,173333333,173333333,,,0.3150000006057692,0.0300000000576923,0.0161538461849112,-0.0092307692485207,0.3986538469204881,0.4626923085821006,0.4626923085821006,0.4626923085821006,0.0,672533332.04,603433332.04,32.33333327115385,12.317460293772893,240.19047572857144,-420.333332525,8.385702394513716,8.385702394513716,11.051892528205128,87.45410609275362,215.5119043,-377.145832525,0.0077319587777557,-0.0023790642393094,0.0,0.0,-10.014492753623188,2.139963167587477,0.0,0.4745762711864407,0.0,0.0,0.0,0.0,0.0,1.5714285714285714,0.0805860805860805,14.666666666666666,0.0,0.5588535665928313,0.0577563865235098,0.038632986627043,0.2262980773582655,61900000.0,80200000.0,61800000.0,72000000.0,19500000.0,17050000.0,7100000.0,45.0,70.43478260869564,26.413043478260867,2.0,1.2777777777777777,3.407407407407407,0.0648379052369077,0.0253846154334319,1993-01-18,0.06,amc,,2025-04-25,1992-09-30,0.0,7.702380952380952,3694380.952380952
1992-06-30,EA,USD,712515,1992-06-30,1992-06-29 20:00:00,1993,Q1,45200000.0,23300000.0,21900000.0,0.4845132743,0,0.0,0.0,15400000.0,600000.0,16000000.0,39300000.0,0.0,0.0,600000.0,6500000.0,0.1438053097,5900000.0,0.1305309735,400000.0,6300000.0,0.139380531,2200000.0,4100000.0,0.0907079646,0.025,0.025,164000000,164000000,,,0.275609756097561,0.025,0.073170731707317,0.0640243902439024,0.4213414634146341,0.4323170731707317,0.4323170731707317,0.4323170731707317,0.0,487080000.00000006,417980000.00000006,29.7,10.776106194690266,40.59,46.38857142857143,6.869957686882934,6.869957686882934,9.247345132743364,64.30461538461539,34.83166666666667,39.807619047619056,0.0084175084175084,0.0215570337521557,0.0,0.0,-10.63076923076923,2.707386363636364,0.0,2.926829268292683,0.0,0.0,0.0,0.0,0.0,0.125,0.0331858407079646,2.5,0.0,0.4931311728724281,0.0541563122663263,0.0386427898209236,0.2788109756097561,60100000.0,70900000.0,60100000.0,65500000.0,15250000.0,13250000.0,7300000.0,23.29646017699115,48.28326180257511,23.56223175965665,3.8632478632478633,1.864,3.819672131147541,0.0578279266572637,0.0091463414634146,1992-06-29,,amc,,2025-04-25,1992-06-30,,6.213387096774194,3977741.935483871
1992-03-31,EA,USD,712515,1992-03-31,1992-03-30 19:00:00,1992,Q4,45400000.0,23300000.0,22100000.0,0.486784141,0,0.0,0.0,15000000.0,400000.0,15400000.0,38700000.0,0.0,0.0,400000.0,7100000.0,0.1563876652,6700000.0,0.1475770925,600000.0,7300000.0,0.1607929515,2500000.0,4800000.0,0.1057268722,0.0282,0.0282,170000000,170000000,,,0.2670588235294117,0.028235294117647,0.1447058823529411,0.1417647058823529,0.3347058823529412,0.3835294117647059,0.3835294117647059,0.3835294117647059,0.0,504900000.00000006,448000000.00000006,26.296875,11.12114537444934,20.52439024390244,20.950207468879672,7.743865030674847,7.743865030674847,9.867841409691632,63.09859154929578,18.21138211382114,18.589211618257263,0.0095068330362448,0.0477322242028124,0.0,0.0,-8.014084507042254,2.540389972144846,0.0,5.125,0.0,0.0,0.0,0.0,0.0,0.0203252032520325,0.0110132158590308,1.25,0.0,0.4936131878695649,0.0675687032523741,0.0474777448071216,0.2314705882352941,55300000.0,65200000.0,55300000.0,59800000.0,27050000.0,13700000.0,8250000.0,37.26872246696036,54.07725321888413,32.832618025751074,2.4148936170212765,1.6642857142857144,2.7411764705882358,0.0736196319018405,0.0029411764705882,1992-03-30,,amc,,2025-04-25,1992-03-31,,4.24203125,3341937.5
1991-12-31,EA,USD,712515,1991-12-31,1991-12-30 19:00:00,1992,Q3,59100000.0,32600000.0,26500000.0,0.448392555,0,0.0,0.0,15600000.0,500000.0,16100000.0,48700000.0,0.0,0.0,600000.0,11000000.0,0.1861252115,10400000.0,0.1759729272,100000.0,10500000.0,0.1776649746,3700000.0,6800000.0,0.1150592217,0.04,0.04,170000000,170000000,,,0.3476470588235294,0.04,0.018235294117647,0.0105882352941176,0.1694117647058823,0.3323529411764706,0.3323529411764706,0.3323529411764706,0.0,406300000.0,377500000.0,14.9375,6.874788494077834,131.06451612903228,225.72222222222223,7.191150442477877,7.191150442477877,6.387478849407783,34.31818181818182,121.7741935483871,209.72222222222223,0.0167364016736401,0.0044302239724341,0.0,0.0,-2.618181818181818,2.49025974025974,0.0,0.4558823529411764,0.0,0.0,0.0,0.0,0.0,0.4193548387096774,0.0219966159052453,2.1666666666666665,0.0,0.5469164900227671,0.1189971394918391,0.0778032036613272,0.1669117647058823,45900000.0,56500000.0,45800000.0,50600000.0,31250000.0,12600000.0,6600000.0,53.756345177664976,36.99386503067485,22.085889570552144,1.6742209631728044,2.4328358208955225,4.075,0.1203539823008849,0.0076470588235294,1991-12-30,,amc,,2025-04-25,1991-12-31,,3.38734375,2719175.0
1991-09-30,EA,USD,712515,1991-09-30,1991-09-29 20:00:00,1992,Q2,33000000.0,16800000.0,16200000.0,0.4909090909,0,0.0,0.0,11900000.0,500000.0,12400000.0,29200000.0,0.0,0.0,400000.0,4300000.0,0.1303030303,3800000.0,0.1151515152,400000.0,4200000.0,0.1272727273,1500000.0,2700000.0,0.0818181818,0.02,0.02,135000000,135000000,,,0.2444444444444444,0.02,0.0118518518518518,0.0037037037037037,0.1888888888888888,0.357037037037037,0.357037037037037,0.357037037037037,0.0,213300000.0,187800000.0,19.75,6.463636363636364,133.3125,426.6,4.425311203319502,4.425311203319502,5.6909090909090905,43.674418604651166,117.375,375.6,0.0126582278481012,0.0023441162681669,0.0,0.0,-5.930232558139535,2.5,0.0,0.64,0.0,0.0,0.0,0.0,0.0,0.6875,0.0333333333333333,2.75,0.0,0.4008324670815311,0.0505767524401064,0.0368349249658935,0.1733333333333333,37500000.0,48200000.0,37400000.0,41300000.0,23000000.0,8550000.0,4400000.0,74.18181818181817,63.21428571428572,27.857142857142858,1.213235294117647,1.423728813559322,3.230769230769231,0.0560165975103734,0.0081481481481481,1991-09-29,,amc,,2025-04-25,1991-09-30,,2.7744444444444443,2035682.53968254
1991-06-30,EA,USD,712515,1991-06-30,1991-06-29 20:00:00,1992,Q1,23900000.0,12600000.0,11300000.0,0.4728033473,0,0.0,0.0,9000000.0,300000.0,9300000.0,21900000.0,0.0,0.0,300000.0,2300000.0,0.0962343096,2000000.0,0.0836820084,400000.0,2400000.0,0.10041841,800000.0,1600000.0,0.0669456067,0.01,0.01,160000000,160000000,,,0.149375,0.01,-0.020625,-0.0225,0.15625,0.289375,0.289375,0.289375,0.0,185600000.0,160600000.0,29.0,7.765690376569037,-56.24242424242424,-51.55555555555556,4.008639308855291,4.008639308855291,6.719665271966528,69.82608695652173,-48.66666666666666,-44.61111111111112,0.0086206896551724,-0.0193965517241379,0.0,0.0,-10.869565217391305,3.196428571428572,0.0,-2.0625,0.0,0.0,0.0,0.0,0.0,-0.0909090909090909,0.0125523012552301,1.0,0.0,0.25516538754306,0.028735632183908,0.0253164556962025,0.15,36900000.0,46300000.0,36800000.0,39500000.0,18000000.0,6550000.0,4550000.0,70.7949790794979,37.85714285714285,25.714285714285715,1.2712765957446808,2.3773584905660377,3.5,0.0345572354211663,0.001875,1991-06-29,,amc,,2025-04-25,1991-06-30,,2.805079365079365,2544761.904761905
1991-03-31,EA,USD,712515,1991-03-31,1991-03-30 19:00:00,1991,Q4,25200000.0,14400000.0,10800000.0,0.4285714286,0,0.0,0.0,7300000.0,400000.0,7700000.0,22100000.0,0.0,0.0,400000.0,3500000.0,0.1388888889,3100000.0,0.123015873,100000.0,3200000.0,0.126984127,1000000.0,2200000.0,0.0873015873,0.0165,0.0165,133333333,133333333,,,0.1890000004725,0.01650000004125,0.06450000016125,0.0630000001575,0.2070000005175,0.32850000082125,0.32850000082125,0.32850000082125,0.0,147999999.63000005,120399999.63000004,16.818181776136363,5.873015858333335,17.20930228255814,17.619047575000003,3.378995425342466,3.378995425342466,4.777777763095239,34.39999989428572,13.999999956976747,14.333333289285717,0.014864864902027,0.0567567568986486,0.0,0.0,-7.885714285714286,2.81151832460733,0.0,3.909090909090909,0.0,0.0,0.0,0.0,0.0,0.0232558139534883,0.0079365079365079,0.5,0.0,0.349221456399486,0.0484375,0.0348652931854199,0.1796250004490625,34600000.0,43800000.0,34400000.0,37100000.0,21000000.0,8600000.0,6800000.0,61.42857142857143,48.75,34.375,1.4651162790697674,1.8461538461538465,2.618181818181818,0.0502283105022831,0.00150000000375,1991-03-30,,amc,,2025-04-25,1991-03-31,,2.0175,2480075.0
1990-12-31,EA,USD,712515,1990-12-31,1990-12-30 19:00:00,1991,Q3,35200000.0,19500000.0,15700000.0,0.4460227273,0,0.0,0.0,9500000.0,300000.0,9800000.0,29300000.0,0.0,0.0,400000.0,6300000.0,0.1789772727,5900000.0,0.1676136364,200000.0,6100000.0,0.1732954545,2100000.0,4000000.0,0.1136363636,0.03,0.03,133333333,133333333,,,0.26400000066,0.030000000075,-0.003750000009375,-0.011250000028125,0.138000000345,0.30450000076125,0.30450000076125,0.30450000076125,0.0,78125333.13802001,59725333.13802001,4.88283332112625,2.219469691421023,-156.25066627604,-52.083555425346674,1.9242692891137927,1.9242692891137927,1.6967424186937503,9.480211609209524,-119.45066627604002,-39.81688875868001,0.0511997816755981,-0.0191999181283493,0.0,0.0,-2.9206349206349205,2.542056074766355,0.0,-0.125,0.0,0.0,0.0,0.0,0.0,-2.0,0.0284090909090909,2.5,0.0,0.4533624389246285,0.0950577999758327,0.0644122383252818,0.1466250003665625,33000000.0,40600000.0,32900000.0,35600000.0,21200000.0,10000000.0,8550000.0,63.40909090909091,43.38461538461539,37.38461538461539,1.4193548387096775,2.074468085106383,2.407407407407407,0.0985221674876847,0.00750000001875,1990-12-30,,amc,,2025-04-25,1990-12-31,,1.3828125,2161425.0
1990-09-30,EA,USD,712515,1990-09-30,1990-09-29 20:00:00,1991,Q2,24300000.0,14000000.0,10300000.0,0.4238683128,0,0.0,0.0,7600000.0,400000.0,8000000.0,22000000.0,0.0,0.0,400000.0,2700000.0,0.1111111111,2300000.0,0.0946502058,300000.0,2600000.0,0.1069958848,900000.0,1700000.0,0.0699588477,0.015,0.015,113333333,113333333,,,0.2144117653365052,0.0150000000441176,-0.0158823529878892,-0.0185294118192041,0.174705882866782,0.3229411774204152,0.3229411774204152,0.3229411774204152,0.0,63749999.8125,43949999.8125,9.37499997242647,2.6234567824074078,-35.416666562500005,-30.357142767857145,1.7418032735655735,1.7418032735655735,1.8086419675925929,16.277777708333332,-24.4166665625,-20.92857133928571,0.026666666745098,-0.032941176567474,0.0,0.0,-7.333333333333333,2.5128205128205128,0.0,-1.0588235294117647,0.0,0.0,0.0,0.0,0.0,-0.1666666666666666,0.0123456790123456,0.75,0.0,0.3301403454592557,0.0409767344372248,0.0302491103202846,0.1579411769351211,29500000.0,36600000.0,29400000.0,31500000.0,14750000.0,8150000.0,7150000.0,65.18518518518519,68.14285714285714,57.85714285714285,1.380681818181818,1.320754716981132,1.5555555555555556,0.0464480874316939,0.0026470588313148,1990-09-29,,amc,,2025-04-25,1990-09-30,,1.27640625,2045275.0
1990-06-30,EA,USD,712515,1990-06-30,1990-06-29 20:00:00,1991,Q1,17000000.0,9200000.0,7800000.0,0.4588235294,0,0.0,0.0,6100000.0,300000.0,6400000.0,15600000.0,0.0,0.0,300000.0,1700000.0,0.1,1400000.0,0.0823529412,500000.0,1900000.0,0.1117647059,700000.0,1200000.0,0.0705882353,0.01,0.01,120000000,120000000,,,0.1416666666666666,0.01,-0.0091666666666666,-0.01,0.1791666666666666,0.2875,0.2875,0.2875,0.0,126000000.0,104500000.0,26.25,7.411764705882353,-114.54545454545456,-105.0,3.6521739130434794,3.6521739130434794,6.147058823529412,61.47058823529411,-95.0,-87.08333333333333,0.0095238095238095,-0.0095238095238095,0.0,0.0,-12.647058823529411,3.0984848484848486,0.0,-0.9166666666666666,0.0,0.0,0.0,0.0,0.0,-0.0909090909090909,0.0058823529411764,0.3333333333333333,0.0,0.2543373743671975,0.0254815713635674,0.0250521920668058,0.1639583333333333,27700000.0,34500000.0,27500000.0,29800000.0,11200000.0,5750000.0,5300000.0,63.00000000000001,55.76086956521739,51.84782608695652,1.4285714285714286,1.6140350877192982,1.7358490566037736,0.0347826086956521,0.0008333333333333,1990-06-29,,amc,,2025-04-25,1990-06-30,,0.912116393442623,3448708.196721312
1990-03-31,EA,USD,712515,1990-03-31,1990-03-30 19:00:00,1990,Q4,17900000.0,9400000.0,8500000.0,0.4748603352,0,0.0,0.0,6400000.0,300000.0,6700000.0,16100000.0,0.0,0.0,300000.0,2100000.0,0.1173184358,1800000.0,0.1005586592,500000.0,2300000.0,0.1284916201,900000.0,1400000.0,0.0782122905,0.01,0.01,139047619,140000000,,,0.1287328767564153,0.010068493154133,0.0445890411111606,0.0409931506989702,0.1582191781363764,0.2337328767923742,0.2337328767923742,0.2337328767923742,0.0,73869047.59375,51869047.59375,13.190901356026783,4.126762435405028,11.914362515120969,12.959482033991227,2.2728937721153843,2.2728937721153843,2.897712156075419,24.699546473214287,8.365975418346775,9.09983291118421,0.0189524577018974,0.0771635777862969,0.0,0.0,-10.476190476190476,2.842857142857143,0.0,4.428571428571429,0.0,0.0,0.0,0.0,0.0,0.0806451612903225,0.0279329608938547,1.6666666666666667,0.0,0.2301088917714751,0.0334040296924708,0.0299145299145299,0.1310702055243391,25800000.0,32500000.0,25500000.0,28000000.0,12150000.0,5900000.0,6200000.0,52.79329608938548,55.53191489361703,50.74468085106383,1.7047619047619047,1.6206896551724137,1.7735849056603774,0.043076923076923,0.0035958904121903,1990-03-30,,amc,,2025-04-25,1990-03-31,,0.5379653125,1480800.0
1989-12-31,EA,USD,712515,1989-12-31,1989-12-30 19:00:00,1990,Q3,23500000.0,12300000.0,11200000.0,0.4765957447,0,0.0,0.0,6800000.0,300000.0,7100000.0,19400000.0,0.0,0.0,300000.0,4400000.0,0.1872340426,4100000.0,0.1744680851,200000.0,4300000.0,0.1829787234,1500000.0,2800000.0,0.1191489362,0.02,0.02,140000000,140000000,,,0.1678571428571428,0.02,,,0.1157142857142857,0.2242857142857142,0.2242857142857142,0.2242857142857142,0.0007142857142857,76563200.0,60463200.0,6.836,3.2580085106382977,0.0,0.0,2.43831847133758,2.43831847133758,2.5729021276595745,13.741636363636363,0.0,0.0,0.0365710942071386,,0.0031847133757961,0.0021978021978021,-3.659090909090909,2.880597014925373,0.0,0.0,,,0.0,0.0,0.0,0.0,,0.0,,0.3176925737699442,0.0831703252916032,0.0615384615384615,0.1142857142857142,25200000.0,31400000.0,24500000.0,27300000.0,,,,52.85106382978723,43.90243902439025,51.95121951219512,1.7028985507246377,2.05,1.732394366197183,0.0891719745222929,,1989-12-30,,amc,,2025-04-25,1989-12-31,,0.747794126984127,1246171.4285714286
1989-09-30,EA,USD,712515,1989-09-30,1989-09-29 20:00:00,1990,Q2,17300000.0,0.0,17300000.0,1.0,0,0.0,0.0,0.0,0.0,0.0,0.0,0.0,0.0,0.0,17300000.0,1.0,17300000.0,1.0,-17300000.0,0.0,0.0,0.0,0.0,0.0,0.01,0.01,149568000,149568000,,,0.1156664527171587,0.0,,,,,,,,67773747.84,,0.0,3.917557678612717,0.0,0.0,0.0,0.0,,,0.0,0.0,0.0,,0.0,0.0,,0.0,0.0,0.0,,0.0,0.0,0.0,0.0,0.0,,0.0,,,0.0,0.0,,,,,,,,,,0.0,0.0,0.0,0.0,0.0,0.0,,1989-09-29,,amc,,2025-04-25,1989-09-30,,0.8747036507936508,2176126.984126984
1989-06-30,EA,USD,712515,1989-06-30,1989-06-29 20:00:00,1990,Q1,13700000.0,0.0,13700000.0,1.0,0,0.0,0.0,0.0,0.0,0.0,0.0,0.0,0.0,0.0,13700000.0,1.0,13700000.0,1.0,-13700000.0,0.0,0.0,0.0,0.0,0.0,0.01,0.01,149568000,149568000,,,0.0915971330765939,0.0,,,,,,,,77121747.84,,0.0,5.629324659854015,0.0,0.0,0.0,0.0,,,0.0,0.0,0.0,,0.0,0.0,,0.0,0.0,0.0,,0.0,0.0,0.0,0.0,0.0,,0.0,,,0.0,0.0,,,,,,,,,,0.0,0.0,0.0,0.0,0.0,0.0,,1989-06-29,,amc,,2025-04-25,1989-06-30,,0.5436522222222222,870019.0476190476
