date,symbol,reportedCurrency,cik,fillingDate,acceptedDate,calendarYear,period,revenue,costOfRevenue,grossProfit,grossProfitRatio,researchAndDevelopmentExpenses,generalAndAdministrativeExpenses,sellingAndMarketingExpenses,sellingGeneralAndAdministrativeExpenses,otherExpenses,operatingExpenses,costAndExpenses,interestIncome,interestExpense,depreciationAndAmortization,ebitda,ebitdaratio,operatingIncome,operatingIncomeRatio,totalOtherIncomeExpensesNet,incomeBeforeTax,incomeBeforeTaxRatio,incomeTaxExpense,netIncome,netIncomeRatio,eps,epsdiluted,weightedAverageShsOut,weightedAverageShsOutDil,link,finalLink,revenuePerShare,netIncomePerShare,operatingCashFlowPerShare,freeCashFlowPerShare,cashPerShare,bookValuePerShare,tangibleBookValuePerShare,shareholdersEquityPerShare,interestDebtPerShare,marketCap,enterpriseValue,peRatio,priceToSalesRatio,pocfratio,pfcfRatio,pbRatio,ptbRatio,evToSales,enterpriseValueOverEBITDA,evToOperatingCashFlow,evToFreeCashFlow,earningsYield,freeCashFlowYield,debtToEquity,debtToAssets,netDebtToEBITDA,currentRatio,interestCoverage,incomeQuality,dividendYield,payoutRatio,salesGeneralAndAdministrativeToRevenue,researchAndDdevelopementToRevenue,intangiblesToTotalAssets,capexToOperatingCashFlow,capexToRevenue,capexToDepreciation,stockBasedCompensationToRevenue,grahamNumber,roic,returnOnTangibleAssets,grahamNetNet,workingCapital,tangibleAssetValue,netCurrentAssetValue,investedCapital,averageReceivables,averagePayables,averageInventory,daysSalesOutstanding,daysPayablesOutstanding,daysOfInventoryOnHand,receivablesTurnover,payablesTurnover,inventoryTurnover,roe,capexPerShare,report_date,epsEstimated,time,revenueEstimated,updatedFromDate,fiscalDateEnding,surprise(%),QuarterAvgPrice,QuarterAvgVolume
2025-03-31,EBAY,USD,1065088,2025-05-01,2025-05-01 16:05:29,2025,Q1,2585000000.0,723000000.0,1862000000.0,0.7203094778,362000000,261000000.0,536000000.0,797000000.0,0.0,1246000000.0,1969000000.0,0.0,0.0,79000000.0,616000000.0,0.2382978723,616000000.0,0.2382978723,18000000.0,634000000.0,0.2452611219,129000000.0,503000000.0,0.1945841393,1.08,1.06,467000000,475000000,https://www.sec.gov/Archives/edgar/data/1065088/000106508825000061/0001065088-25-000061-index.htm,https://www.sec.gov/Archives/edgar/data/1065088/000106508825000061/ebay-20250331.htm,5.535331905781584,1.077087794432548,1.6852248394004283,1.379014989293362,10.259100642398288,10.599571734475374,1.269807280513919,10.599571734475374,15.370449678800856,31629910000.0,35776910000.0,15.72063121272366,12.235941972920696,40.19048284625159,49.11476708074535,6.389880808080809,6.389880808080809,13.840197292069632,58.07939935064935,45.45986022871664,55.55420807453416,0.0159026693405071,0.020360475259019,1.45010101010101,0.3787063416693046,6.732142857142857,1.1687074829931974,0.0,1.5584158415841585,0.0042364964048269,0.2664015904572565,0.1009671179883945,0.1400386847195358,0.229872322464915,0.181702668360864,0.0553191489361702,1.810126582278481,0.0526112185686653,16.027322302301542,0.0348779116127255,0.0344591354387887,-17.661134903640257,992000000.0,593000000.0,-7132000000.0,7061000000.0,1124500000.0,274500000.0,0.0,44.80851063829787,36.34854771784232,0.0,2.0085470085470085,2.4760273972602738,0.0,0.1016161616161616,0.3062098501070663,2025-04-30,1.34,amc,2547252081.0,2025-05-12,2025-03-31,0.0298507462686565,66.639835,5250685.183333334
2024-12-31,EBAY,USD,1065088,2025-02-27,2025-02-27 16:06:24,2024,Q4,2579000000.0,718000000.0,1861000000.0,0.7215975184,375000000,241000000.0,609000000.0,850000000.0,93000000.0,1318000000.0,2036000000.0,76000000.0,65000000.0,79000000.0,761000000.0,0.2950756107,543000000.0,0.2105467235,74000000.0,617000000.0,0.2392400155,-63000000.0,679000000.0,0.2632803412,1.42,1.4,496000000,501000000,https://www.sec.gov/Archives/edgar/data/1065088/000106508825000037/0001065088-25-000037-index.htm,https://www.sec.gov/Archives/edgar/data/1065088/000106508825000037/ebay-20241231.htm,5.199596774193548,1.3689516129032258,1.3649193548387095,1.1290322580645162,11.875,10.399193548387096,1.7923387096774193,10.399193548387096,15.983870967741936,30727200000.0,36157200000.0,11.31340206185567,11.9143854207057,45.38729689807976,54.87,5.95719271035285,5.95719271035285,14.019852656068243,47.512746386333774,53.40797636632201,64.56642857142857,0.0220976854383087,0.0182248952068525,1.5244280728964714,0.4060418280402788,7.1353482260183965,1.2408986552968186,8.353846153846154,0.9955882352941176,0.0041656903329948,0.1885125184094256,0.0934470725087243,0.1454051958123303,0.2204492641363284,0.172821270310192,0.045366421093447,1.481012658227848,0.0550601008142691,17.897201948113008,0.0397426008951234,0.0449788023317435,-15.31350806451613,1469000000.0,889000000.0,-6640000000.0,7428000000.0,1103000000.0,794000000.0,0.0,33.57115160915083,32.21448467966574,0.0,2.680873180873181,2.793774319066148,0.0,0.1316401706087631,0.2358870967741935,2025-02-26,1.2,amc,2572108374.0,2025-05-12,2024-12-31,0.0416666666666667,63.52796875,4308475.578125
2024-09-30,EBAY,USD,1065088,2024-10-31,2024-10-31 16:05:57,2024,Q3,2576000000.0,727000000.0,1849000000.0,0.7177795031,374000000,194000000.0,592000000.0,786000000.0,94000000.0,1254000000.0,1981000000.0,72000000.0,63000000.0,92000000.0,952000000.0,0.3695652174,595000000.0,0.2309782609,202000000.0,797000000.0,0.3093944099,161000000.0,634000000.0,0.2461180124,1.3,1.28,487000000,494000000,https://www.sec.gov/Archives/edgar/data/1065088/000106508824000199/0001065088-24-000199-index.htm,https://www.sec.gov/Archives/edgar/data/1065088/000106508824000199/ebay-20240930.htm,5.28952772073922,1.3018480492813145,1.5503080082135523,1.326488706365503,10.043121149897331,11.129363449691992,2.2566735112936347,11.129363449691992,16.26694045174538,31708570000.0,37978570000.0,12.503379337539432,12.30922748447205,41.9981059602649,49.08447368421053,5.850289667896679,5.850289667896679,14.743233695652174,39.89345588235294,50.302741721854304,58.7903560371517,0.0199945945212918,0.020373041105291,1.45,0.394627165453176,6.586134453781512,1.2521723709877637,9.444444444444445,1.1871069182389935,0.0041313752086581,0.2066246056782334,0.0753105590062111,0.1451863354037267,0.2169721315591262,0.1443708609271523,0.0423136645962732,1.184782608695652,0.0566770186335403,18.055377375626804,0.0303700601703105,0.0406566628190329,-17.804928131416837,1422000000.0,1099000000.0,-7434000000.0,7444000000.0,1205500000.0,1381500000.0,0.0,43.462732919254655,164.77303988995874,0.0,2.0707395498392285,0.546205860255447,0.0,0.1169741697416974,0.2238193018480492,2024-10-30,1.18,amc,2547164988.0,2025-04-24,2024-09-30,0.0084745762711864,57.56578125,4717122.046875
2024-06-30,EBAY,USD,1065088,2024-08-01,2024-08-01 16:03:45,2024,Q2,2572000000.0,735000000.0,1837000000.0,0.7142301711,379000000,241000000.0,577000000.0,818000000.0,91000000.0,1288000000.0,2023000000.0,63000000.0,65000000.0,77000000.0,470000000.0,0.1827371695,549000000.0,0.2134525661,-221000000.0,328000000.0,0.1275272162,102000000.0,224000000.0,0.0870917574,0.45,0.44,503000000,507000000,https://www.sec.gov/Archives/edgar/data/1065088/000106508824000145/0001065088-24-000145-index.htm,https://www.sec.gov/Archives/edgar/data/1065088/000106508824000145/ebay-20240630.htm,5.113320079522863,0.4453280318091451,0.7296222664015904,0.5526838966202783,10.73558648111332,10.984095427435388,2.4652087475149105,10.984095427435388,16.38568588469185,26498040000.0,32478040000.0,29.573705357142856,10.302503888024884,72.2017438692098,95.31669064748202,4.796025339366516,4.796025339366516,12.627542768273717,69.10221276595745,88.49602179836512,116.8274820143885,0.0084534554253824,0.0104913420011442,1.48,0.4012660712533124,12.72340425531915,1.2534919813760994,8.446153846153846,1.6238938053097345,0.0050947164394045,0.6026785714285714,0.093701399688958,0.1473561430793157,0.2102757876140936,0.2425068119891008,0.0346034214618973,1.155844155844156,0.0598755832037325,10.49091635429583,0.0232784240150093,0.0139190952588081,-17.05318091451292,1470000000.0,1240000000.0,-7584000000.0,7479000000.0,1230500000.0,1438500000.0,0.0,40.83592534992224,175.3469387755102,0.0,2.203941730934019,0.513268156424581,0.0,0.0405429864253393,0.1769383697813121,2024-07-31,1.13,amc,2530209964.0,2025-04-24,2024-06-30,0.0442477876106195,52.12619047619047,5152672.079365079
2024-03-31,EBAY,USD,1065088,2024-05-02,2024-05-02 16:52:38,2024,Q1,2556000000.0,700000000.0,1856000000.0,0.7261345853,351000000,238000000.0,541000000.0,779000000.0,95000000.0,1225000000.0,1925000000.0,61000000.0,66000000.0,76000000.0,678000000.0,0.265258216,631000000.0,0.2468701095,-95000000.0,536000000.0,0.2097026604,97000000.0,438000000.0,0.1713615023,0.85,0.84,516000000,519000000,https://www.sec.gov/Archives/edgar/data/1065088/000106508824000076/0001065088-24-000076-index.htm,https://www.sec.gov/Archives/edgar/data/1065088/000106508824000076/ebay-20240331.htm,4.953488372093023,0.8488372093023255,1.191860465116279,0.9147286821705426,15.875968992248062,12.156976744186046,3.949612403100775,12.156976744186046,16.03488372093023,26971320000.0,32970320000.0,15.394589041095893,10.552159624413145,43.85580487804879,57.142627118644064,4.299588713534194,4.299588713534194,12.899186228482003,48.62879056047198,53.61027642276423,69.85237288135593,0.0162394721504175,0.0175000704451988,1.3084648493543758,0.3832290596694369,8.848082595870206,1.9885343015478696,9.56060606060606,1.400911161731207,0.0051536224404293,0.317351598173516,0.0931142410015649,0.1373239436619718,0.1977308805677467,0.232520325203252,0.0559467918622848,1.881578947368421,0.0571205007824726,15.237589041396394,0.0289414703377328,0.0254903101903043,-11.593992248062015,5173000000.0,2038000000.0,-4739000000.0,11158000000.0,1250000000.0,856000000.0,0.0,45.563380281690144,185.78571428571428,0.0,1.9752704791344669,0.4844290657439446,0.0,0.0698230511716881,0.2771317829457364,2024-05-01,1.2,amc,2533165525.0,2025-04-24,2024-03-31,0.0416666666666667,45.43049180327869,6944349.622950819
2023-12-31,EBAY,USD,1065088,2024-05-29,2024-05-28 18:45:03,2023,Q4,2562000000.0,710000000.0,1852000000.0,0.7228727557,399000000,365000000.0,573000000.0,938000000.0,105000000.0,1442000000.0,2152000000.0,0.0,212000000.0,98000000.0,1341000000.0,0.5234192037,410000000.0,0.1600312256,621000000.0,1031000000.0,0.4024199844,303000000.0,724000000.0,0.2825917252,1.4,1.39,518000000,521000000,https://www.sec.gov/Archives/edgar/data/1065088/000106508824000094/0001065088-24-000094-index.htm,https://www.sec.gov/Archives/edgar/data/1065088/000106508824000094/ebay-20231231.htm,4.945945945945946,1.3976833976833978,0.2355212355212355,-0.0077220077220077,17.403474903474905,12.347490347490348,4.11003861003861,12.347490347490348,16.293436293436294,22595160000.0,28815160000.0,7.802196132596684,8.819344262295083,185.2062295081967,-5648.79,3.532701688555347,3.532701688555347,11.247135050741608,21.487815063385533,236.18983606557376,-7203.79,0.0320422603778862,-0.0001770290628612,1.2864290181363351,0.3805735430157261,4.638329604772558,2.4371681415929203,1.9339622641509435,0.1675824175824175,0.0057091872772753,0.1781767955801105,0.1424668227946916,0.1557377049180328,0.19736355226642,1.0327868852459017,0.0491803278688524,1.2857142857142858,0.0581576893052302,19.705388879421378,0.0161122737436874,0.0417218924681611,-10.24034749034749,6496000000.0,2129000000.0,-4208000000.0,12499000000.0,1094000000.0,285000000.0,0.0,42.36533957845433,33.84507042253521,0.0,2.1243781094527363,2.6591760299625467,0.0,0.1131957473420888,0.2432432432432432,2024-02-27,1.03,amc,2512080288.0,2025-04-24,2023-12-31,0.0388349514563107,41.39095238095239,6584520.825396826
2023-09-30,EBAY,USD,1065088,2023-11-08,2023-11-08 16:05:07,2023,Q3,2500000000.0,705000000.0,1795000000.0,0.718,401000000,283000000.0,567000000.0,850000000.0,89000000.0,1340000000.0,2045000000.0,58000000.0,65000000.0,97000000.0,1823000000.0,0.7292,455000000.0,0.182,1206000000.0,1661000000.0,0.6644,355000000.0,1305000000.0,0.522,2.47,2.45,529000000,532000000,https://www.sec.gov/Archives/edgar/data/1065088/000106508823000038/0001065088-23-000038-index.htm,https://www.sec.gov/Archives/edgar/data/1065088/000106508823000038/ebay-20230930.htm,4.725897920604915,2.4669187145557654,1.629489603024575,1.4688090737240076,16.47826086956522,11.151228733459355,3.139886578449905,11.151228733459355,15.39319470699433,23323610000.0,28851610000.0,4.468124521072798,9.329444,27.057552204176336,30.01751608751609,3.9538243770130537,3.9538243770130537,11.540644,15.82644541963796,33.47054524361949,37.1320592020592,0.055951887379355,0.0333138823706964,1.369384641464655,0.3813255287009063,3.032364234777839,2.1568381430363863,7.0,0.660536398467433,0.0056595012521646,0.1011494252873563,0.1132,0.1604,0.2000566465256797,0.0986078886310904,0.034,0.8762886597938144,0.0576,24.878835064958626,0.0207201647654614,0.0770093237342145,-11.023629489603024,5532000000.0,1661000000.0,-4971000000.0,11417000000.0,924000000.0,298500000.0,0.0,35.352000000000004,38.68085106382979,0.0,2.545824847250509,2.3267326732673266,0.0,0.2212239362603831,0.1606805293005671,2023-11-07,1.0,amc,2362680000.0,2025-04-24,2023-09-30,0.03,44.611269841269845,5345276.761904762
2023-06-30,EBAY,USD,1065088,2023-07-27,2023-07-27 16:47:03,2023,Q2,2540000000.0,718000000.0,1822000000.0,0.7173228346,392000000,251000000.0,566000000.0,817000000.0,95000000.0,1304000000.0,2022000000.0,48000000.0,65000000.0,101000000.0,451000000.0,0.1775590551,518000000.0,0.2039370079,-233000000.0,285000000.0,0.1122047244,113000000.0,171000000.0,0.0673228346,0.32,0.32,534000000,537000000,https://www.sec.gov/Archives/edgar/data/1065088/000106508823000026/0001065088-23-000026-index.htm,https://www.sec.gov/Archives/edgar/data/1065088/000106508823000026/ebay-20230630.htm,4.7565543071161045,0.3202247191011236,1.1254681647940077,0.9138576779026216,13.355805243445692,9.865168539325843,1.9176029962546817,9.865168539325843,15.288389513108614,23864460000.0,29695460000.0,34.88956140350877,9.395456692913386,39.70792013311148,48.90258196721312,4.53007972665148,4.53007972665148,11.691125984251968,65.84359201773836,49.41008319467554,60.8513524590164,0.0071654669747398,0.0204488180331756,1.5373955960516326,0.4058428542794147,12.929046563192903,2.452039381153305,7.969230769230769,3.514619883040936,0.0055731409803532,0.7777777777777778,0.0988188976377952,0.1543307086614173,0.2126678693124874,0.1880199667221297,0.0444881889763779,1.118811881188119,0.0606299212598425,8.430841805466068,0.0189224347109526,0.0108834012219959,-12.933520599250937,5162000000.0,1024000000.0,-5971000000.0,11103000000.0,884500000.0,287000000.0,0.0,30.685039370078737,36.85236768802229,0.0,2.933025404157044,2.442176870748299,0.0,0.0324601366742596,0.2116104868913857,2023-07-26,0.99,amc,2252460000.0,2025-04-24,2023-06-30,0.0404040404040404,44.39338709677419,4693417.951612903
2023-03-31,EBAY,USD,1065088,2023-04-27,2023-04-27 16:10:56,2023,Q1,2510000000.0,700000000.0,1810000000.0,0.7211155378,352000000,297000000.0,511000000.0,808000000.0,92000000.0,1252000000.0,1952000000.0,42000000.0,68000000.0,107000000.0,905000000.0,0.3605577689,558000000.0,0.222310757,172000000.0,730000000.0,0.2908366534,161000000.0,567000000.0,0.2258964143,1.06,1.05,537000000,541000000,https://www.sec.gov/Archives/edgar/data/1065088/000162828023013570/0001628280-23-013570-index.htm,https://www.sec.gov/Archives/edgar/data/1065088/000162828023013570/ebay-20230331.htm,4.674115456238361,1.0558659217877095,1.5661080074487896,1.320297951582868,12.793296089385477,10.031657355679702,2.0484171322160147,10.031657355679702,15.240223463687151,23826690000.0,29860690000.0,10.505595238095236,9.492705179282868,28.331379310344825,33.60605077574048,4.422997958047151,4.422997958047151,11.896689243027888,32.99523756906078,35.50617122473246,42.11662905500705,0.0237968429521683,0.0297565461253745,1.5065899387414146,0.4057188562287542,6.667403314917127,2.6818465377417344,8.205882352941176,1.4832451499118169,0.0056239452479551,0.2363315696649029,0.1183266932270916,0.1402390438247012,0.2143071385722855,0.1569560047562425,0.0525896414342629,1.233644859813084,0.0509960159362549,15.437678441739456,0.0257007768466195,0.0360755869440733,-13.165270018621976,5392000000.0,1100000000.0,-6019000000.0,11400000000.0,939000000.0,270500000.0,-1000000.0,32.3784860557769,36.0,0.0,2.779623477297896,2.5,0.0,0.1052533877854093,0.2458100558659217,2023-04-26,1.07,amc,2496640000.0,2025-04-24,2023-03-31,0.0373831775700934,45.82,4892454.403225807
2022-12-31,EBAY,USD,1065088,2023-05-12,2023-05-12 16:58:53,2022,Q4,2510000000.0,681000000.0,1829000000.0,0.728685259,340000000,288000000.0,554000000.0,842000000.0,82000000.0,1264000000.0,1945000000.0,0.0,125000000.0,107000000.0,1061000000.0,0.4227091633,565000000.0,0.2250996016,264000000.0,829000000.0,0.3302788845,158000000.0,672000000.0,0.2677290837,1.24,1.24,541000000,544000000,https://www.sec.gov/Archives/edgar/data/1065088/000106508823000015/0001065088-23-000015-index.htm,https://www.sec.gov/Archives/edgar/data/1065088/000106508823000015/ebay-20221231.htm,4.639556377079482,1.2421441774491682,1.2643253234750462,0.9815157116451017,13.809611829944547,9.524953789279111,1.6469500924214415,9.524953789279111,17.401109057301294,22435270000.0,29570270000.0,8.346454613095238,8.938354581673307,32.80010233918129,42.25097928436912,4.353826896953231,4.353826896953231,11.78098406374502,27.87018850141376,43.23138888888889,55.68789077212806,0.0299528376524998,0.0236680904664842,1.8026392392780903,0.445515587529976,6.72478793590952,2.175134628892531,4.52,1.0178571428571428,0.0053041483342968,0.1770833333333333,0.1147410358565737,0.1354581673306772,0.2044124700239808,0.2236842105263158,0.0609561752988047,1.4299065420560748,0.0509960159362549,16.31581234634281,0.0256056015355999,0.040511212925006,-13.85536044362292,5019000000.0,891000000.0,-6407000000.0,11032000000.0,909000000.0,242500000.0,-12500000.0,34.9601593625498,34.49339207048458,-0.2643171806167401,2.5743589743589745,2.6091954022988504,-340.5,0.1304094702115272,0.2828096118299446,2023-02-22,1.06,amc,2469935323.0,2025-04-24,2022-12-31,0.0094339622641509,41.419841269841264,5943520.920634921
2022-09-30,EBAY,USD,1065088,2022-11-03,2022-11-03 16:17:06,2022,Q3,2380000000.0,647000000.0,1733000000.0,0.7281512605,345000000,212000000.0,538000000.0,750000000.0,70000000.0,1165000000.0,1812000000.0,0.0,29000000.0,104000000.0,79000000.0,0.0331932773,568000000.0,0.2386554622,-622000000.0,-54000000.0,-0.0226890756,16000000.0,-69000000.0,-0.0289915966,-0.13,-0.13,538461538,548000000,https://www.sec.gov/Archives/edgar/data/1065088/000106508822000030/0001065088-22-000030-index.htm,https://www.sec.gov/Archives/edgar/data/1065088/000106508822000030/ebay-20220930.htm,4.420000003788571,-0.1281428572526938,1.353857144017592,1.164428572426653,6.4888571484190205,9.012714293439467,1.4764285726940816,9.012714293439467,15.210000013037142,19820769213.780003,25944769213.780003,-71.81438120934784,8.328054291504202,27.18898383234568,31.61207211129187,4.084230210958171,4.084230210958171,10.901163535201682,328.4148001744304,35.58953252919068,41.37921724685806,-0.0034811968827137,0.0316334847168338,1.6816402225427571,0.4273446091009059,77.51898734177215,1.3309008555611477,19.58620689655172,-10.565217391304348,0.0060542554481978,-1.7391304347826086,0.0890756302521008,0.1449579831932773,0.2124941090223595,0.139917695473251,0.0428571428571428,0.9807692307692308,0.0495798319327731,,0.0448578223648285,-0.00458807101536,-18.8114643018384,1315000000.0,795000000.0,-8955000000.0,7094000000.0,765000000.0,236500000.0,-15000000.0,31.878151260504204,31.15919629057187,-3.199381761978361,2.823250296559905,2.888392857142857,-28.130434782608692,-0.0142180094786729,0.1894285715909388,2022-11-02,0.93,amc,2321190096.0,2025-04-24,2022-09-30,0.075268817204301,44.55203125,5221134.78125
2022-06-30,EBAY,USD,1065088,2022-08-04,2022-08-04 16:16:55,2022,Q2,2422000000.0,663000000.0,1759000000.0,0.7262592898,344000000,237000000.0,566000000.0,803000000.0,87000000.0,1234000000.0,1897000000.0,0.0,31000000.0,113000000.0,-583000000.0,-0.2407101569,525000000.0,0.2167630058,-1252000000.0,-727000000.0,-0.3001651528,-191000000.0,-531000000.0,-0.2192402973,-0.96,-0.96,556000000,556000000,https://www.sec.gov/Archives/edgar/data/1065088/000106508822000022/0001065088-22-000022-index.htm,https://www.sec.gov/Archives/edgar/data/1065088/000106508822000022/ebay-20220630.htm,4.356115107913669,-0.9550359712230216,0.4100719424460431,0.210431654676259,5.753597122302159,9.429856115107912,2.0323741007194243,9.429856115107912,15.01978417266187,23168520000.0,29746520000.0,-10.907966101694916,9.565862923203964,101.61631578947367,198.02153846153848,4.418943353042152,4.418943353042152,12.281800165152768,-51.02319039451115,130.46719298245614,254.24376068376068,-0.0229190297869695,0.0050499557157729,1.586877741750906,0.423345036381214,-11.283018867924527,1.2756797583081572,16.93548387096774,-0.4293785310734463,0.0052226037744318,-0.2278719397363465,0.0978530140379851,0.1420313790255986,0.2092810257975881,0.4868421052631579,0.0458298926507019,0.9823008849557522,0.0565648224607762,,0.0228037086901578,-0.0341698841698841,-19.24325539568345,1095000000.0,1130000000.0,-9343000000.0,6922000000.0,698500000.0,247000000.0,-5500000.0,25.528488852188275,33.800904977375566,-0.9502262443438914,3.5254730713246,2.6626506024096384,-94.71428571428572,-0.1012778943353042,0.1996402877697841,2022-08-03,0.9,amc,2366363578.0,2025-04-24,2022-06-30,0.0999999999999999,48.74709677419355,7233062.693548387
2022-03-31,EBAY,USD,1065088,2022-05-05,2022-05-05 17:07:09,2022,Q1,2483000000.0,689000000.0,1794000000.0,0.722513089,301000000,226000000.0,478000000.0,704000000.0,97000000.0,1102000000.0,1791000000.0,0.0,50000000.0,118000000.0,-1481000000.0,-0.5964559001,692000000.0,0.2786951269,-2341000000.0,-1649000000.0,-0.6641159887,-310000000.0,-1341000000.0,-0.540072493,-2.28,-2.28,587000000,587000000,https://www.sec.gov/Archives/edgar/data/1065088/000106508822000013/0001065088-22-000013-index.htm,https://www.sec.gov/Archives/edgar/data/1065088/000106508822000013/ebay-20220331.htm,4.229982964224872,-2.2844974446337307,1.0442930153321976,0.9028960817717206,9.487223168654172,12.017035775127768,4.9625212947189095,12.017035775127768,15.100511073253832,33611620000.0,40627620000.0,-6.266148396718867,13.536697543294402,54.83135399673736,63.41815094339623,4.764902183158491,4.764902183158491,16.362311719693917,-27.43255908170155,66.27670473083198,76.65588679245283,-0.039896916602056,0.0157683563005889,1.2495038276155372,0.3835509138381201,-4.737339635381499,1.475110397430751,13.84,-0.4571215510812826,0.003837958420332,-0.0961968680089485,0.0910189287152637,0.121224325412807,0.1802001740644038,0.1353996737357259,0.0334273056786145,0.7033898305084746,0.044703987112364,,0.0282380539614684,-0.0711821221933223,-16.74020442930153,2367000000.0,2913000000.0,-8577000000.0,8270000000.0,744500000.0,253500000.0,-2000000.0,25.734997986306887,32.00290275761974,-0.5224963715529753,3.4971830985915493,2.812244897959184,-172.25,-0.1901049050184292,0.141396933560477,2022-05-04,1.03,amc,2460516246.0,2025-04-24,2022-03-31,0.0194174757281553,58.24645161290323,7485717.080645162
2021-12-31,EBAY,USD,1065088,2022-02-24,2022-02-24 16:21:30,2021,Q4,2613000000.0,694000000.0,1919000000.0,0.7344048986,337000000,206000000.0,569000000.0,775000000.0,119000000.0,1231000000.0,1925000000.0,0.0,0.0,122000000.0,-1446000000.0,-0.5533869116,688000000.0,0.2632988902,-1849000000.0,-1161000000.0,-0.4443168772,-268000000.0,1969000000.0,0.7535399923,3.25,3.25,605403617,606000000,https://www.sec.gov/Archives/edgar/data/1065088/000106508822000006/0001065088-22-000006-index.htm,https://www.sec.gov/Archives/edgar/data/1065088/000106508822000006/ebay-20211231.htm,4.316128821542868,3.252375679149601,0.483974643977061,0.3138402128178894,12.096062518238968,16.151208425964857,9.23681300040862,16.151208425964857,15.331920291450784,40259340530.5,48162340530.5,5.111648112049263,15.407325116915423,137.40389259556312,211.89126595,4.117338978369809,4.117338978369809,18.43181803693073,-33.30728944017981,164.37658884129692,253.48600279210527,0.048907904949618,0.0047194016965096,0.9492738801390878,0.3486066251032825,-5.4654218533886585,1.9712245781047169,0.0,0.148806500761808,0.0026577683238238,0.0543423057389537,0.0788365862992728,0.1289705319556066,0.1572147524975587,0.3515358361774744,0.0394182931496364,0.8442622950819673,0.0428626100267891,34.379069841305984,0.0225098977066308,0.0877450980392156,-14.768246751323918,4489000000.0,5592000000.0,-7737000000.0,10200000000.0,719500000.0,263500000.0,785000000.0,26.83122847301952,33.976945244956774,0.0,3.354300385109114,2.648854961832061,0.0,0.2013704233994682,0.1701344311591716,2022-02-23,0.99,amc,2606900431.0,2025-04-24,2021-12-31,0.0606060606060606,71.36765625,7098904.234375
2021-09-30,EBAY,USD,1065088,2021-10-28,2021-10-28 16:33:48,2021,Q3,2501000000.0,678000000.0,1823000000.0,0.7289084366,334000000,219000000.0,496000000.0,715000000.0,112000000.0,1161000000.0,1839000000.0,0.0,47000000.0,119000000.0,600000000.0,0.2399040384,662000000.0,0.2646941224,-228000000.0,434000000.0,0.1735305878,151000000.0,264000000.0,0.1055577769,0.41,0.4,647000000,658000000,https://www.sec.gov/Archives/edgar/data/1065088/000106508821000040/0001065088-21-000040-index.htm,https://www.sec.gov/Archives/edgar/data/1065088/000106508821000040/ebay-20210930.htm,3.865533230293663,0.4080370942812983,0.3941267387944359,0.1483771251931993,22.50540958268933,16.916537867078826,10.516228748068006,16.916537867078826,14.45595054095827,45076490000.0,53138490000.0,42.68607007575758,18.023386645341866,176.77054901960784,469.5467708333333,4.118455002284148,4.118455002284148,21.24689724110356,88.56415,208.38623529411765,553.5259375,0.0058567115585086,0.0021297132940031,0.8502512562814071,0.3180777249888915,13.436666666666667,3.352719033232628,14.085106382978724,0.9659090909090908,0.0025734035635871,0.4393939393939394,0.0875649740103958,0.133546581367453,0.1415387770448098,0.6235294117647059,0.0635745701719312,1.3361344537815123,0.0507796881247501,12.462260490099856,0.0170513829617596,0.0105112279025322,-3.819165378670789,12460000000.0,6804000000.0,-556000000.0,18164000000.0,641000000.0,275000000.0,1492000000.0,23.750499800079968,35.17699115044248,208.4070796460177,3.789393939393939,2.558490566037736,0.4318471337579618,0.0241206030150753,0.2457496136012364,2021-10-27,0.89,amc,2455970000.0,2025-04-24,2021-09-30,0.0112359550561797,71.67046875,6676824.0
2021-06-30,EBAY,USD,1065088,2021-08-12,2021-08-12 16:30:00,2021,Q2,2668000000.0,672000000.0,1996000000.0,0.748125937,350000000,250000000.0,559000000.0,809000000.0,105000000.0,1264000000.0,1936000000.0,0.0,58000000.0,127000000.0,586000000.0,0.2196401799,732000000.0,0.2743628186,-331000000.0,401000000.0,0.1502998501,107000000.0,10734000000.0,4.0232383808,15.92,15.68,674000000,685000000,https://www.sec.gov/Archives/edgar/data/1065088/000106508821000030/0001065088-21-000030-index.htm,https://www.sec.gov/Archives/edgar/data/1065088/000106508821000030/ebay-20210630.htm,3.9584569732937687,15.925816023738872,1.583086053412463,1.4362017804154303,25.548961424332344,19.311572700296736,13.05786350148368,19.311572700296736,13.9540059347181,47321539999.99999,54540539999.99999,1.1021413266256752,17.736709145427284,44.35008434864105,48.88588842975206,3.6356438229870927,3.6356438229870927,20.44248125937031,93.07259385665527,51.11578256794751,56.34353305785123,0.2268311639900138,0.020455800888982,0.7181161647203442,0.2937183797882035,12.319112627986348,3.9622753308315226,12.620689655172416,0.0994037637413825,0.0025569751111227,0.0112725917644866,0.0937031484257871,0.1311844077961019,0.1324513716494359,0.0927835051546391,0.0371064467766116,0.7795275590551181,0.050599700149925,83.18613144007023,0.0195006832687548,0.388800347725297,-0.6135014836795252,14998000000.0,8801000000.0,1254000000.0,20839000000.0,993000000.0,304500000.0,1292500000.0,20.982008995502248,38.16964285714285,189.375,4.289389067524116,2.357894736842105,0.4752475247524752,0.8246773202212662,0.1468842729970326,2021-08-11,0.99,amc,2668000000.0,2025-04-24,2021-06-30,0.0,62.71142857142858,7565120.126984127
2021-03-31,EBAY,USD,1065088,2021-04-29,2021-04-29 16:22:24,2021,Q1,2638000000.0,606000000.0,2032000000.0,0.7702805155,304000000,246000000.0,546000000.0,792000000.0,95000000.0,1191000000.0,1797000000.0,0.0,81000000.0,134000000.0,939000000.0,0.3559514784,841000000.0,0.3188021228,-117000000.0,724000000.0,0.2744503412,156000000.0,641000000.0,0.2429871114,0.94,0.92,681000000,693000000,https://www.sec.gov/Archives/edgar/data/1065088/000106508821000012/0001065088-21-000012-index.htm,https://www.sec.gov/Archives/edgar/data/1065088/000106508821000012/ebay-20210331.htm,3.8737151248164463,0.9412628487518356,1.5301027900146842,1.408223201174743,4.944199706314244,5.535976505139501,-1.2129221732745965,5.535976505139501,10.94273127753304,41704440000.0,47408440000.0,16.26538221528861,15.809112964366944,40.02345489443378,43.48742440041711,11.062185676392572,11.062185676392572,17.971357088703563,50.48822151224707,45.49754318618042,49.43528675703858,0.0153700661128647,0.0229951535136306,1.955172413793104,0.3935187656825583,6.07454739084132,1.3042884990253412,10.382716049382717,1.625585023400936,0.0029253479965202,0.1903276131045241,0.0932524639878696,0.1152388172858226,0.2453686402220917,0.0796545105566218,0.0314632297194844,0.5928571428571429,0.0401819560272934,10.82789004638687,0.0446618869050713,0.0453484258931729,-14.662995594713657,1561000000.0,-826000000.0,-8270000000.0,7955000000.0,1008000000.0,301000000.0,1179500000.0,46.5352539802881,48.11881188118812,173.91089108910893,1.934017595307918,1.8703703703703705,0.5175064047822374,0.170026525198939,0.1218795888399412,2021-04-28,1.07,amc,2967660000.0,2025-04-24,2021-03-31,0.0186915887850467,57.98688524590164,7868021.065573771
2020-12-31,EBAY,USD,1065088,2021-02-04,2021-02-04 16:15:53,2020,Q4,2868000000.0,742000000.0,2126000000.0,0.7412831241,299000000,253000000.0,804000000.0,1057000000.0,93000000.0,1449000000.0,2191000000.0,0.0,0.0,138000000.0,1861000000.0,0.6488842399,677000000.0,0.2360529986,432000000.0,1109000000.0,0.3866806137,328000000.0,845000000.0,0.2946304045,1.23,1.21,688000000,697000000,https://www.sec.gov/Archives/edgar/data/1065088/000106508821000006/0001065088-21-000006-index.htm,https://www.sec.gov/Archives/edgar/data/1065088/000106508821000006/ebay-20201231.htm,4.168604651162791,1.2281976744186047,1.1017441860465116,0.8575581395348837,5.561046511627907,5.175872093023256,-1.6366279069767442,5.175872093023256,11.835755813953488,34572000000.0,41287000000.0,10.228402366863904,12.05439330543933,45.60949868073879,58.59661016949153,9.708508845829822,9.708508845829822,14.395746164574616,22.185384202041917,54.46833773087072,69.97796610169492,0.0244417447645493,0.0170658336225847,2.286717214265656,0.4216986017607457,3.6082751209027406,1.7966016991504248,0.0,0.8970414201183432,0.0031817655906513,0.1301775147928994,0.0882147838214783,0.1042538354253835,0.2427239772138788,0.2216358839050131,0.0585774058577405,1.2173913043478262,0.0418410041841004,11.959613978893076,0.0308249280019831,0.0577856800930041,-15.755813953488373,3188000000.0,-1126000000.0,-8559000000.0,9742000000.0,564500000.0,292500000.0,1152000000.0,20.460251046025103,33.719676549865234,144.09703504043128,4.398773006134969,2.6690647482014387,0.6245791245791246,0.2372928952541421,0.2441860465116279,2021-02-03,0.83,amc,2701600000.0,2025-04-24,2020-12-31,0.036144578313253,51.05453125,8445451.84375
2020-09-30,EBAY,USD,1065088,2020-10-29,2020-10-29 16:50:23,2020,Q3,2258000000.0,478000000.0,1780000000.0,0.7883082374,271000000,253000000.0,528000000.0,781000000.0,66000000.0,1118000000.0,1596000000.0,95000000.0,0.0,157000000.0,819000000.0,0.3627103632,662000000.0,0.2931798051,94000000.0,756000000.0,0.334809566,151000000.0,664000000.0,0.2940655447,0.95,0.94,696000000,708000000,https://www.sec.gov/Archives/edgar/data/1065088/000106508820000039/0001065088-20-000039-index.htm,https://www.sec.gov/Archives/edgar/data/1065088/000106508820000039/ebay-20200930.htm,3.2442528735632186,0.9540229885057472,0.1508620689655172,-0.0387931034482758,5.258620689655173,4.195402298850575,-2.3505747126436782,4.195402298850575,11.686781609195402,36261600000.0,43432600000.0,13.652710843373494,16.059167404782993,345.34857142857146,-1343.022222222222,12.41835616438356,12.41835616438356,19.23498671390611,53.03125763125763,413.6438095238095,-1608.6148148148147,0.0183113817371544,-0.0007445893176252,2.7856164383561643,0.4415612616036046,8.755799755799757,1.7549479166666666,0.0,0.1581325301204819,0.0030610894169038,0.1671686746987951,0.1120460584588131,0.1200177147918512,0.2473264209326312,1.2571428571428571,0.0584588131089459,0.8098159509202454,0.0500442869796279,9.489809291050026,0.0362909393256016,0.0478903714388748,-15.69719827586207,2899000000.0,-1636000000.0,-8762000000.0,9255000000.0,661000000.0,306000000.0,558000000.0,19.01240035429584,57.80334728033473,210.1255230125523,4.733752620545073,1.5570032573289905,0.4283154121863799,0.2273972602739726,0.1896551724137931,2020-10-28,0.77,amc,2335246753.0,2025-04-24,2020-09-30,0.1038961038961038,55.0925,8937188.1875
2020-06-30,EBAY,USD,1065088,2020-07-29,2020-07-29 16:59:57,2020,Q2,2337000000.0,417000000.0,1920000000.0,0.8215661104,256000000,281000000.0,523000000.0,804000000.0,96000000.0,1156000000.0,1573000000.0,0.0,0.0,154000000.0,918000000.0,0.3928112965,764000000.0,0.3269148481,181000000.0,945000000.0,0.40436457,256000000.0,746000000.0,0.3192126658,1.06,1.05,703000000,711000000,https://www.sec.gov/Archives/edgar/data/1065088/000106508820000030/0001065088-20-000030-index.htm,https://www.sec.gov/Archives/edgar/data/1065088/000106508820000030/ebay-20200630.htm,3.324324324324324,1.0611664295874823,1.37126600284495,1.231863442389758,7.543385490753912,4.128022759601707,-2.9359886201991463,4.128022759601707,12.927453769559031,36872350000.0,44954350000.0,12.35668565683646,15.777642276422764,38.24932572614108,42.5777713625866,12.705840799448657,12.705840799448657,19.23592212237912,48.96988017429194,46.63314315352697,51.91033487297921,0.0202319624325544,0.0234864336013299,3.131633356305996,0.4540821425002498,8.803921568627452,1.5758738277919864,0.0,1.292225201072386,0.0030375064241904,0.1501340482573726,0.120239623448866,0.1095421480530594,0.2481263115818927,0.1016597510373444,0.0419341035515618,0.5697674418604651,0.0496362858365425,9.927823598045254,0.0351706531274658,0.0495746943115364,-15.89651493598862,2702000000.0,-2064000000.0,-9718000000.0,9568000000.0,740000000.0,286500000.0,0.0,32.541720154043645,65.82733812949641,0.0,2.765680473372781,1.3672131147540985,0.0,0.2570640937284631,0.139402560455192,2020-07-28,1.06,amc,2811944444.0,2025-04-24,2020-06-30,0.0188679245283019,42.275238095238095,12720829.873015871
2020-03-31,EBAY,USD,1065088,2020-04-30,2020-04-30 17:17:01,2020,Q1,2129000000.0,502000000.0,1627000000.0,0.7642085486,232000000,207000000.0,520000000.0,727000000.0,103000000.0,1062000000.0,1564000000.0,1000000.0,0.0,141000000.0,706000000.0,0.331611085,565000000.0,0.2653828088,1000000.0,566000000.0,0.2658525129,135000000.0,3412000000.0,1.6026303429,4.53,4.51,753000000,757000000,https://www.sec.gov/Archives/edgar/data/1065088/000106508820000018/0001065088-20-000018-index.htm,https://www.sec.gov/Archives/edgar/data/1065088/000106508820000018/ebay-20200331.htm,2.827357237715804,4.53120849933599,0.7861885790172642,0.6560424966799469,5.883134130146082,2.808764940239044,-3.698539176626826,2.808764940239044,12.211155378486056,22635180000.0,30950180000.0,1.6584979484173503,10.631836542977924,38.23510135135136,45.8202024291498,10.702212765957446,10.702212765957446,14.537426021606388,43.83878186968838,52.28070945945946,62.65218623481781,0.1507388056998,0.0218244343539569,4.347517730496454,0.4857625865074753,11.777620396600566,1.337042585063129,0.0,0.1735052754982415,0.0050364079278362,0.033411488862837,0.0972287458900892,0.108971348050728,0.258862063500449,0.1655405405405405,0.046031000469704,0.6666666666666666,0.0469704086425551,16.922167128402386,0.0281735653134084,0.243210492551144,-15.81374501992032,1575000000.0,-2785000000.0,-10566000000.0,8482000000.0,667500000.0,248500000.0,0.0,26.84358853922029,48.04780876494024,0.0,3.352755905511811,1.873134328358209,0.0,1.6132387706855793,0.1301460823373174,2020-04-29,0.74,amc,2219844155.0,2025-04-24,2020-03-31,0.0405405405405405,34.8316129032258,14135143.774193548
2019-12-31,EBAY,USD,1065088,2020-01-31,2020-01-31 16:53:51,2019,Q4,2821000000.0,650000000.0,2171000000.0,0.7695852535,308000000,323000000.0,829000000.0,1152000000.0,92000000.0,1552000000.0,2202000000.0,0.0,0.0,167000000.0,983000000.0,0.3484579936,619000000.0,0.2194257356,15000000.0,634000000.0,0.2247429989,76000000.0,556000000.0,0.1970932294,0.69,0.69,807000000,812000000,https://www.sec.gov/Archives/edgar/data/1065088/000106508820000006/0001065088-20-000006-index.htm,https://www.sec.gov/Archives/edgar/data/1065088/000106508820000006/ebay201910-k.htm,3.495662949194548,0.6889714993804213,1.0049566294919454,0.8351920693928129,3.436183395291202,3.355638166047088,-2.828996282527881,3.355638166047088,10.200743494423792,29140770000.0,36449770000.0,13.102864208633092,10.329943282523928,35.93189889025894,43.23556379821959,10.760993353028065,10.760993353028065,12.920868486352358,37.08013224821973,44.94422934648582,54.07977744807122,0.0190797978227754,0.023129107432645,3.039881831610044,0.4643763750211542,7.435401831129196,1.1991069083267665,0.0,1.45863309352518,0.0038777286941971,0.2032374100719424,0.1144984048209854,0.1091811414392059,0.2815479212500705,0.1689272503082614,0.0485643388869195,0.8509316770186336,0.0421836228287841,7.212394111485566,0.0360960781326125,0.0436557788944723,-14.524163568773234,758000000.0,-2283000000.0,-10454000000.0,7832000000.0,707000000.0,262500000.0,0.0,22.332506203473947,31.70769230769231,0.0,4.03,2.838427947598253,0.0,0.2053175775480059,0.1697645600991326,2020-01-28,0.76,amc,2646864197.0,2025-04-24,2019-12-31,0.0657894736842105,36.22703125,7486623.625
2019-09-30,EBAY,USD,1065088,2019-10-24,2019-10-24 19:08:46,2019,Q3,2083000000.0,530000000.0,1553000000.0,0.7455592895,243000000,250000000.0,577000000.0,827000000.0,75000000.0,1145000000.0,1675000000.0,0.0,142000000.0,144000000.0,552000000.0,0.2650024004,408000000.0,0.1958713394,-142000000.0,266000000.0,0.1277004321,56000000.0,310000000.0,0.1488238118,0.37,0.37,830000000,837000000,https://www.sec.gov/Archives/edgar/data/1065088/000106508819000043/0001065088-19-000043-index.htm,https://www.sec.gov/Archives/edgar/data/1065088/000106508819000043/ebay10-qq32019.htm,2.5096385542168678,0.3734939759036144,1.2156626506024095,1.1,3.7180722891566265,3.9397590361445785,-2.2963855421686747,3.9397590361445785,10.110843373493976,32353400000.0,39706400000.0,26.091451612903224,15.532117138742198,32.06481665014866,35.43636363636363,9.89400611620795,9.89400611620795,19.062121939510323,71.93188405797102,39.35222993062438,43.49003285870756,0.0095816822961419,0.0282195997947665,2.522935779816514,0.4408464251362616,13.320652173913045,1.4135685210312077,2.8732394366197185,3.2548387096774194,0.0035544950453429,0.3709677419354839,0.1200192030724916,0.1166586653864618,0.2765843753339745,0.0951437066402378,0.0460873739798367,0.5647058823529412,0.0556889102256361,5.753973930816525,0.0205045046252399,0.0228985079036785,-14.24397590361446,1524000000.0,-1906000000.0,-10235000000.0,8850000000.0,755500000.0,299500000.0,0.0,30.849735957753243,50.264150943396224,0.0,2.917366946778712,1.7905405405405406,0.0,0.0948012232415902,0.1156626506024096,2019-10-23,0.65,amc,2530388059.0,2025-04-24,2019-09-30,0.0307692307692307,40.1103125,7278160.6875
2019-06-30,EBAY,USD,1065088,2019-07-18,2019-07-18 16:20:28,2019,Q2,2423000000.0,553000000.0,1870000000.0,0.7717705324,295000000,256000000.0,688000000.0,944000000.0,73000000.0,1312000000.0,1865000000.0,0.0,0.0,168000000.0,726000000.0,0.2996285596,558000000.0,0.2302930252,-51000000.0,507000000.0,0.2092447379,107000000.0,402000000.0,0.1659100289,0.47,0.46,860000000,867000000,https://www.sec.gov/Archives/edgar/data/1065088/000106508819000036/0001065088-19-000036-index.htm,https://www.sec.gov/Archives/edgar/data/1065088/000106508819000036/ebay10-qq22019.htm,2.817441860465116,0.4674418604651162,0.8651162790697674,0.7058139534883721,5.205813953488372,4.774418604651163,-1.363953488372093,4.774418604651163,11.424418604651162,34305400000.0,42622400000.0,21.334203980099502,14.158233594717291,46.10940860215054,56.5163097199341,8.354943984413055,8.354943984413055,17.590755262071813,58.70853994490359,57.28817204301075,70.2181219110379,0.011718271758965,0.0176940073574422,2.3928397467121285,0.4641220652841419,11.455922865013774,1.313879823382607,0.0,1.8507462686567164,0.0034979915698403,0.2985074626865671,0.1056541477507222,0.1217498968221213,0.2493740847465633,0.1841397849462365,0.0565414775072224,0.7828571428571428,0.0573669005365249,7.086231021632133,0.0244263821999962,0.0252989301447451,-13.939825581395349,1635000000.0,-1173000000.0,-10219000000.0,9157000000.0,756500000.0,277000000.0,0.0,29.60379694593479,49.31283905967451,0.0,3.040150564617315,1.825082508250825,0.0,0.0979055041402825,0.1593023255813953,2019-07-17,0.62,amc,2244838235.0,2025-04-24,2019-06-30,0.0967741935483871,37.59142857142857,9249630.317460315
2019-03-31,EBAY,USD,1065088,2019-04-24,2019-04-24 16:55:10,2019,Q1,2413000000.0,539000000.0,1874000000.0,0.7766266059,272000000,284000000.0,647000000.0,931000000.0,78000000.0,1281000000.0,1820000000.0,64000000.0,0.0,162000000.0,755000000.0,0.3128885205,593000000.0,0.2457521757,64000000.0,657000000.0,0.2722751761,141000000.0,518000000.0,0.2146705346,0.58,0.57,900000000,908000000,https://www.sec.gov/Archives/edgar/data/1065088/000106508819000020/0001065088-19-000020-index.htm,https://www.sec.gov/Archives/edgar/data/1065088/000106508819000020/ebay10-qq12019.htm,2.681111111111111,0.5755555555555556,0.6111111111111112,0.4088888888888889,4.934444444444445,5.781111111111112,-0.1255555555555555,5.781111111111112,10.885555555555555,33912000000.0,42014000000.0,16.366795366795365,14.053874844591794,61.65818181818181,92.15217391304348,6.517778204881799,6.517778204881799,17.411520928305013,55.6476821192053,76.38909090909091,114.16847826086956,0.0152748289690964,0.0108516159471573,1.8829521429944265,0.4387567737023601,10.73112582781457,1.481111111111111,0.0,1.061776061776062,0.0036860108516159,0.2413127413127413,0.1176958143389971,0.112722751761293,0.2380760446056697,0.3309090909090909,0.0754247824285122,1.0769230769230769,0.0501450476585163,8.65247877136309,0.0240329820845942,0.0304473050020572,-13.497777777777776,2165000000.0,-113000000.0,-10461000000.0,9759000000.0,1049000000.0,268500000.0,0.0,26.70534604227103,41.91094619666048,0.0,3.370111731843576,2.147410358565737,0.0,0.0995579473380741,0.2022222222222222,2019-04-23,0.63,amc,2268940298.0,2025-04-24,2019-03-31,0.0634920634920635,34.69524590163934,13215838.86885246
2018-12-31,EBAY,USD,1065088,2019-01-30,2019-01-30 17:31:09,2018,Q4,2877000000.0,618000000.0,2259000000.0,0.7851929093,292000000,245000000.0,945000000.0,1190000000.0,96000000.0,1578000000.0,2196000000.0,0.0,0.0,172000000.0,1675000000.0,0.5822036844,681000000.0,0.2367049009,-165000000.0,516000000.0,0.1793534932,-247000000.0,760000000.0,0.2641640598,0.81,0.8,945000000,950000000,https://www.sec.gov/Archives/edgar/data/1065088/000106508819000006/0001065088-19-000006-index.htm,https://www.sec.gov/Archives/edgar/data/1065088/000106508819000006/ebay201810-k.htm,3.0444444444444443,0.8042328042328042,1.3047619047619048,1.1671957671957671,5.201058201058201,6.646560846560846,1.0888888888888888,6.646560846560846,9.768253968253967,26526150000.0,33555150000.0,8.725707236842107,9.22007299270073,21.51350364963504,24.04909338168631,4.223236745741124,4.223236745741124,11.663242961418144,20.03292537313433,27.214233576642336,30.421713508612875,0.0286509727193731,0.041581609091406,1.469670434644165,0.4045313116262763,4.196417910447761,1.5999101930848676,0.0,1.6223684210526317,0.0282739862362235,0.986842105263158,0.0851581508515815,0.1014946124435175,0.230159077961348,0.105433901054339,0.0451859575947167,0.7558139534883721,0.0493569690649982,10.966818181815809,0.050574183021422,0.0432629361871691,-11.202645502645504,2672000000.0,1029000000.0,-9412000000.0,9521000000.0,1071500000.0,255500000.0,0.0,43.23253388946819,41.6504854368932,0.0,2.081765557163531,2.160839160839161,0.0,0.1209998407896831,0.1375661375661375,2019-01-29,0.68,amc,2755436619.0,2025-04-24,2018-12-31,0.0441176470588234,29.40793650793651,14143328.222222222
2018-09-30,EBAY,USD,1065088,2018-10-31,2018-10-31 16:21:11,2018,Q3,2649000000.0,608000000.0,2041000000.0,0.7704794262,307000000,248000000.0,852000000.0,1100000000.0,78000000.0,1485000000.0,2093000000.0,0.0,0.0,175000000.0,731000000.0,0.2759531899,556000000.0,0.2098905247,392000000.0,948000000.0,0.3578708947,228000000.0,721000000.0,0.2721781804,0.74,0.73,974000000,983000000,https://www.sec.gov/Archives/edgar/data/1065088/000106508818000045/0001065088-18-000045-index.htm,https://www.sec.gov/Archives/edgar/data/1065088/000106508818000045/ebay10-qq32018.htm,2.7197125256673518,0.7402464065708418,0.5728952772073922,0.3891170431211499,4.967145790554415,7.113963039014374,1.697125256673511,7.113963039014374,9.452772073921972,31664740000.0,38785740000.0,10.979452149791957,11.953469233673085,56.7468458781362,83.54812664907651,4.569885986433828,4.569885986433828,14.641653454133635,53.05846785225718,69.50849462365592,102.33704485488128,0.0227698064155903,0.011969149280872,1.3287631692884976,0.3892694063926941,9.741450068399454,1.738142785821268,0.0,0.7739251040221914,0.0,0.0,0.0936202340505851,0.1158927897319743,0.2230678166751226,0.3207885304659498,0.0675726689316723,1.022857142857143,0.0471876179690449,10.885169978573323,0.0199263156385739,0.0392359599477579,-11.616273100616016,2957000000.0,1653000000.0,-9760000000.0,9813000000.0,753000000.0,239000000.0,0.0,25.85503963759909,33.305921052631575,0.0,3.480946123521682,2.7022222222222223,0.0,0.1040554192524173,0.1837782340862423,2018-10-30,0.54,amc,2554392857.0,2025-04-24,2018-09-30,0.037037037037037,34.65396825396825,9815373.873015871
2018-06-30,EBAY,USD,1065088,2018-07-19,2018-07-19 17:06:48,2018,Q2,2640000000.0,597000000.0,2043000000.0,0.7738636364,352000000,368000000.0,838000000.0,1206000000.0,79000000.0,1637000000.0,2234000000.0,0.0,0.0,170000000.0,576000000.0,0.2181818182,406000000.0,0.1537878788,301000000.0,707000000.0,0.2678030303,69000000.0,642000000.0,0.2431818182,0.64,0.64,992000000,1004000000,https://www.sec.gov/Archives/edgar/data/1065088/000106508818000032/0001065088-18-000032-index.htm,https://www.sec.gov/Archives/edgar/data/1065088/000106508818000032/ebay10-qq22018.htm,2.661290322580645,0.6471774193548387,0.375,0.189516129032258,4.039314516129032,7.203629032258065,1.8387096774193548,7.203629032258065,9.278225806451612,35969920000.0,43554920000.0,14.006978193146416,13.624969696969696,96.69333333333331,191.32936170212767,5.033574027427931,5.033574027427931,16.49807575757576,75.61618055555556,117.08311827956987,231.67510638297875,0.0178482465348824,0.0052265893279718,1.2879932829554996,0.3836918459229614,13.16840277777778,2.371165644171779,0.0,0.5794392523364486,0.0,0.0,0.1393939393939394,0.1333333333333333,0.2218609304652326,0.4946236559139785,0.0696969696969697,1.0823529411764703,0.0571969696969697,10.241854620108768,0.0171339960540505,0.0343940855030536,-12.375252016129032,3576000000.0,1824000000.0,-10658000000.0,10474000000.0,714000000.0,252500000.0,0.0,25.397727272727277,38.14070351758794,0.0,3.5436241610738257,2.3596837944664038,0.0,0.089840470193115,0.1854838709677419,2018-07-18,0.51,amc,2540377358.0,2025-04-24,2018-06-30,0.0392156862745098,38.915625,9481252.265625
2018-03-31,EBAY,USD,1065088,2018-04-26,2018-04-26 16:32:47,2018,Q1,2580000000.0,559000000.0,2021000000.0,0.7833333333,334000000,270000000.0,756000000.0,1026000000.0,82000000.0,1442000000.0,2001000000.0,0.0,0.0,179000000.0,758000000.0,0.2937984496,579000000.0,0.2244186047,-32000000.0,547000000.0,0.2120155039,140000000.0,407000000.0,0.157751938,0.4,0.4,1010000000,1029000000,https://www.sec.gov/Archives/edgar/data/1065088/000106508818000020/0001065088-18-000020-index.htm,https://www.sec.gov/Archives/edgar/data/1065088/000106508818000020/ebay10-qq12018.htm,2.5544554455445545,0.402970297029703,0.4900990099009901,0.3336633663366337,4.758415841584158,7.52079207920792,2.700990099009901,7.52079207920792,9.136633663366336,40642400000.0,47343400000.0,24.964619164619165,15.752868217054264,82.10585858585858,120.60059347181009,5.350500263296472,5.350500263296472,18.35015503875969,62.45831134564643,95.64323232323233,140.48486646884274,0.0100141723913942,0.008291833159459,1.2148499210110584,0.3758094074526573,8.840369393139841,2.6335669781931466,0.0,1.2162162162162162,0.0,0.0,0.1046511627906976,0.1294573643410852,0.1982488291590307,0.3191919191919192,0.0612403100775193,0.88268156424581,0.0465116279069767,8.257708877544891,0.0195760381710024,0.0206735409153248,-11.52549504950495,4195000000.0,2728000000.0,-10196000000.0,10611000000.0,1020000000.0,291000000.0,0.0,23.82558139534884,40.57245080500895,0.0,3.777452415812592,2.2182539682539684,0.0,0.0535808320168509,0.1564356435643564,2018-04-25,0.53,amc,2580000000.0,2025-04-24,2018-03-31,0.0,41.39409836065574,10870612.62295082
2017-12-31,EBAY,USD,1065088,2018-02-05,2018-02-05 08:57:23,2017,Q4,2613000000.0,590000000.0,2023000000.0,0.7742058936,317000000,265000000.0,689000000.0,954000000.0,89000000.0,1360000000.0,1950000000.0,0.0,0.0,172000000.0,1138000000.0,0.435514734,663000000.0,0.2537313433,-102000000.0,561000000.0,0.214695752,3158000000.0,-2601000000.0,-0.9954075775,-2.51,-2.51,1035000000,1035000000,https://www.sec.gov/Archives/edgar/data/1065088/000106508818000009/0001065088-18-000009-index.htm,https://www.sec.gov/Archives/edgar/data/1065088/000106508818000009/ebay201710-k.htm,2.52463768115942,-2.5130434782608697,0.9545893719806764,0.7690821256038647,5.664734299516908,7.790338164251208,3.1120772946859905,7.790338164251208,9.676328502415458,39060900000.0,46955900000.0,-3.7544117647058814,14.948679678530423,39.53532388663968,49.0714824120603,4.844462358923478,4.844462358923478,17.97011098354382,41.26177504393673,47.52621457489879,58.98982412060302,-0.0665883274578926,0.0203784347006853,1.242093513580553,0.385474000230938,6.937609841827768,2.187906188188754,0.0,-0.3798539023452518,0.0,0.0,0.101415996938385,0.1213164944508228,0.1863669604711135,0.194331983805668,0.0734787600459242,1.1162790697674418,0.0486031381553769,,-0.1321612977729758,-0.1230427172524717,-10.664009661835747,4204000000.0,3221000000.0,-10175000000.0,10643000000.0,991500000.0,295000000.0,0.0,46.73938002296211,50.33898305084745,0.0,1.9255711127487103,1.7878787878787878,0.0,-0.3225846459134317,0.1855072463768116,2018-01-31,0.59,amc,2707000000.0,2025-04-24,2017-12-31,0.0,37.11952380952381,8933776.07936508
2017-09-30,EBAY,USD,1065088,2017-10-20,2017-10-19 19:25:20,2017,Q3,2498000000.0,557000000.0,1941000000.0,0.7770216173,316000000,254000000.0,719000000.0,973000000.0,78000000.0,1367000000.0,1924000000.0,0.0,0.0,173000000.0,747000000.0,0.2990392314,574000000.0,0.2297838271,120000000.0,694000000.0,0.2778222578,174000000.0,520000000.0,0.2081665332,0.49,0.48,1062000000,1078000000,https://www.sec.gov/Archives/edgar/data/1065088/000106508817000051/0001065088-17-000051-index.htm,https://www.sec.gov/Archives/edgar/data/1065088/000106508817000051/ebay10-qq32017.htm,2.352165725047081,0.4896421845574388,0.8258003766478342,0.6779661016949152,5.677966101694915,10.624293785310735,6.154425612052731,10.624293785310735,9.414312617702448,40844520000.0,49082520000.0,19.636788461538465,16.350888710968775,46.57299885974915,56.7285,3.6200053177346447,3.6200053177346447,19.64872698158527,65.70618473895583,55.96638540478905,68.17016666666666,0.0127312060467352,0.017627823757018,0.8861118496853674,0.3853833404001079,11.028112449799195,2.4633228840125394,0.0,1.6768642447418738,0.0,0.0,0.1016813450760608,0.1265012009607686,0.1829780673013915,0.1790193842645382,0.0628502802241793,0.907514450867052,0.0472377902321857,10.818840252746147,0.0182999938444137,0.0245329307416493,-7.684086629001883,4668000000.0,6536000000.0,-6802000000.0,10961000000.0,622500000.0,272000000.0,0.0,22.55404323458767,42.01077199281867,0.0,3.990415335463259,2.142307692307692,0.0,0.0460870335903571,0.147834274952919,2017-10-18,0.48,amc,2498000000.0,2025-04-24,2017-09-30,0.0,36.355555555555554,8238523.666666667
2017-06-30,EBAY,USD,1065088,2017-07-21,2017-07-21 17:07:10,2017,Q2,2419000000.0,560000000.0,1859000000.0,0.7684993799,313000000,267000000.0,727000000.0,994000000.0,72000000.0,1379000000.0,1939000000.0,0.0,0.0,168000000.0,648000000.0,0.267879289,480000000.0,0.1984291029,-18000000.0,462000000.0,0.1909880116,433000000.0,29000000.0,0.011988425,0.03,0.03,1076000000,1091000000,https://www.sec.gov/Archives/edgar/data/1065088/000106508817000029/0001065088-17-000029-index.htm,https://www.sec.gov/Archives/edgar/data/1065088/000106508817000029/ebay10-qq22017.htm,2.2481412639405205,0.0269516728624535,0.6496282527881041,0.4804832713754647,8.380111524163569,10.6635687732342,6.242565055762082,10.6635687732342,10.656133828996282,37573920000.0,46403920000.0,323.9131034482759,15.53283174865647,53.75381974248927,72.67682785299806,3.274701063273488,3.274701063273488,19.18310045473336,71.610987654321,66.38615164520743,89.75613152804642,0.0007718119376418,0.013759543853822,0.9993027714833536,0.4172033620783757,13.626543209876544,2.3729329852045256,0.0,25.88888888888889,0.0,0.0,0.1103761885076477,0.1293923108722612,0.1730888185423716,0.2603719599427754,0.0752377015295576,1.0833333333333333,0.0566349731293923,2.542935879108215,0.0012002975910234,0.0012760714600017,-6.066682156133829,6310000000.0,6717000000.0,-5103000000.0,12605000000.0,605500000.0,290000000.0,0.0,23.030177759404715,45.642857142857146,0.0,3.907915993537965,1.971830985915493,0.0,0.0025274533728429,0.1691449814126394,2017-07-20,0.45,amc,2419000000.0,2025-04-24,2017-06-30,0.0,34.21793650793651,8981116.349206349
2017-03-31,EBAY,USD,1065088,2017-04-20,2017-04-20 17:04:33,2017,Q1,2303000000.0,514000000.0,1789000000.0,0.7768128528,278000000,245000000.0,648000000.0,893000000.0,71000000.0,1242000000.0,1756000000.0,0.0,0.0,163000000.0,710000000.0,0.3082935302,547000000.0,0.2375162831,11000000.0,558000000.0,0.2422926617,-477000000.0,1035000000.0,0.4494138081,0.96,0.94,1083000000,1102000000,https://www.sec.gov/Archives/edgar/data/1065088/000106508817000013/0001065088-17-000013-index.htm,https://www.sec.gov/Archives/edgar/data/1065088/000106508817000013/ebay10-qq12017.htm,2.126500461680517,0.9556786703601108,0.5373961218836565,0.4127423822714681,6.236380424746076,10.706371191135734,6.335180055401662,10.706371191135734,8.278855032317637,36356310000.0,43343310000.0,8.781717391304348,15.78650021710812,62.46788659793815,81.33402684563758,3.13551617076326,3.13551617076326,18.820369083803733,61.046915492957744,74.4730412371134,96.96489932885906,0.0284682356377751,0.0122949771305173,0.7732643380767572,0.3614156723637536,9.840845070422535,1.915858335213174,0.0,0.5623188405797102,0.0,0.0,0.1063829787234042,0.1207121146330872,0.1908255401483392,0.2319587628865979,0.0586191923577941,0.8282208588957055,0.0438558402084237,15.172891555248915,0.0449234790433273,0.0515592308458702,-5.554016620498615,4060000000.0,6861000000.0,-4720000000.0,10290000000.0,592000000.0,289500000.0,0.0,23.13504125054277,51.82879377431907,0.0,3.890202702702702,1.7364864864864864,0.0,0.0892626131953428,0.1246537396121883,2017-04-19,0.48,amc,2256000000.0,2025-04-24,2017-03-31,0.0208333333333333,32.5133870967742,9283225.306451611
2016-12-31,EBAY,USD,1065088,2017-02-06,2017-02-06 17:09:13,2016,Q4,2395000000.0,539000000.0,1856000000.0,0.7749478079,292000000,249000000.0,608000000.0,857000000.0,69000000.0,1218000000.0,1757000000.0,0.0,0.0,176000000.0,2365000000.0,0.987473904,638000000.0,0.266388309,1366000000.0,2004000000.0,0.836743215,-3944000000.0,5936000000.0,2.4784968685,5.37,5.3,1106000000,1119000000,https://www.sec.gov/Archives/edgar/data/1065088/000106508817000007/0001065088-17-000007-index.htm,https://www.sec.gov/Archives/edgar/data/1065088/000106508817000007/ebay201610-k.htm,2.165461121157324,5.367088607594937,0.5605786618444847,0.4376130198915009,6.463833634719711,9.528933092224232,5.367088607594937,9.528933092224232,8.10126582278481,32837140000.0,39981140000.0,1.3829658018867923,13.710705636743215,52.96312903225806,67.8453305785124,3.115773792579941,3.115773792579941,16.693586638830897,16.905344608879492,64.48570967741935,82.6056611570248,0.1807709197573235,0.0147394078777871,0.8501755384761362,0.3757286031785969,3.020718816067653,2.306992461658435,0.0,0.1044474393530997,0.0,0.0,0.1039665970772442,0.1219206680584551,0.193022183083826,0.2193548387096774,0.0567849686847599,0.7727272727272727,0.045929018789144,33.92210393594049,0.0882767586825323,0.3084597796715859,-5.1672694394213385,5028000000.0,5936000000.0,-4433000000.0,11147000000.0,609000000.0,280500000.0,0.0,22.24634655532359,47.25417439703154,0.0,4.045608108108108,1.9045936395759715,0.0,0.5632412942404402,0.1229656419529837,2017-01-25,0.54,amc,2714000000.0,2025-04-24,2016-12-31,0.0,29.532857142857143,11054415.666666666
2016-09-30,EBAY,USD,1065088,2016-10-20,2016-10-20 17:00:38,2016,Q3,2217000000.0,498000000.0,1719000000.0,0.7753721245,288000000,224000000.0,600000000.0,824000000.0,65000000.0,1177000000.0,1675000000.0,0.0,0.0,172000000.0,714000000.0,0.3220568336,542000000.0,0.2444745151,-9000000.0,533000000.0,0.2404149752,115000000.0,413000000.0,0.1862877763,0.37,0.36,1126000000,1139000000,https://www.sec.gov/Archives/edgar/data/1065088/000106508816000332/0001065088-16-000332-index.htm,https://www.sec.gov/Archives/edgar/data/1065088/000106508816000332/ebay10-qq32016.htm,1.9689165186500888,0.366785079928952,0.7122557726465364,0.5479573712255773,7.144760213143872,6.05595026642984,1.7539964476021317,6.05595026642984,8.020426287744227,37045400000.0,44323400000.0,22.42457627118644,16.709697789806043,46.19127182044888,60.04116693679092,5.432673412523831,5.432673412523831,19.992512404149757,62.07759103641457,55.26608478802993,71.83695299837926,0.0111484826726125,0.016655239246978,1.32438774013785,0.4404936103794751,10.193277310924367,2.599787403667287,0.0,1.9418886198547216,0.0,0.0,0.1010374379792512,0.1299052774018944,0.2362696322310018,0.2306733167082294,0.083446098331078,1.0755813953488371,0.047361299052774,7.069492524690872,0.0233702529882804,0.0263762932686166,-4.590142095914742,6020000000.0,1975000000.0,-3900000000.0,12390000000.0,627000000.0,291000000.0,0.0,25.412719891745603,50.24096385542169,0.0,3.5415335463258786,1.79136690647482,0.0,0.0605660654054846,0.1642984014209591,2016-10-19,0.44,amc,2167733333.0,2025-04-24,2016-09-30,0.0227272727272727,30.19390625,10362627.203125
2016-06-30,EBAY,USD,1065088,2016-07-21,2016-07-21 17:07:05,2016,Q2,2230000000.0,493000000.0,1737000000.0,0.7789237668,295000000,218000000.0,622000000.0,840000000.0,71000000.0,1206000000.0,1699000000.0,0.0,0.0,167000000.0,698000000.0,0.3130044843,531000000.0,0.2381165919,-8000000.0,523000000.0,0.234529148,86000000.0,435000000.0,0.1950672646,0.38,0.38,1144000000,1149000000,https://www.sec.gov/Archives/edgar/data/1065088/000106508816000317/0001065088-16-000317-index.htm,https://www.sec.gov/Archives/edgar/data/1065088/000106508816000317/ebay10-qq22016.htm,1.9493006993006992,0.3802447552447552,0.666958041958042,0.5384615384615384,7.068181818181818,5.640734265734266,1.6538461538461535,5.640734265734266,7.914335664335664,26781040000.0,33834040000.0,15.391402298850574,12.009434977578476,35.09965923984272,43.47571428571428,4.150168913683558,4.150168913683558,15.172215246636773,48.47283667621777,44.34343381389253,54.92538961038961,0.0162428344829028,0.0230013472217658,1.403068340306834,0.4528585004751663,10.10458452722063,4.494106980961015,0.0,1.7540229885057472,0.0,0.0,0.0977578475336322,0.132286995515695,0.228129845445906,0.1926605504587156,0.0659192825112107,0.8802395209580839,0.0506726457399103,6.946894374911977,0.0249443139612243,0.0281881804043545,-4.355769230769231,7708000000.0,1892000000.0,-3626000000.0,13771000000.0,613500000.0,289500000.0,0.0,25.34529147982063,55.49695740365112,0.0,3.550955414012739,1.6217105263157894,0.0,0.0674105067410506,0.1284965034965035,2016-07-20,0.42,amc,2178139534.0,2025-04-24,2016-06-30,0.0238095238095238,24.1271875,10641673.28125
2016-03-31,EBAY,USD,1065088,2016-04-27,2016-04-26 21:05:54,2016,Q1,2137000000.0,477000000.0,1660000000.0,0.7767898924,239000000,209000000.0,538000000.0,747000000.0,60000000.0,1046000000.0,1523000000.0,0.0,0.0,167000000.0,781000000.0,0.365465606,614000000.0,0.287318671,-23000000.0,591000000.0,0.2765559195,109000000.0,482000000.0,0.2255498362,0.42,0.41,1159000000,1170000000,https://www.sec.gov/Archives/edgar/data/1065088/000106508816000296/0001065088-16-000296-index.htm,https://www.sec.gov/Archives/edgar/data/1065088/000106508816000296/ebay10-qq12016.htm,1.8438308886971528,0.4158757549611734,0.5530629853321829,0.4167385677308024,6.913718723037101,5.450388265746333,1.4805867126833476,5.450388265746333,7.796376186367558,27653740000.0,34003740000.0,14.34322614107884,12.940449227889564,43.1415600624025,57.25412008281573,4.3776697799588415,4.3776697799588415,15.911904539073468,43.53871959026888,53.04795631825273,70.40111801242236,0.0174298304677775,0.0174659919417771,1.4304258350482824,0.4608323133414932,8.130601792573623,4.605125771238728,0.0,1.329875518672199,0.0,0.0,0.0978006551240056,0.1118390266729059,0.2346491228070175,0.2464898595943837,0.073935423490875,0.9461077844311376,0.0411792232101076,7.141456261442583,0.028603303662823,0.0321183447724395,-4.166307161345988,7596000000.0,1716000000.0,-3588000000.0,13694000000.0,609000000.0,312000000.0,0.0,25.226953673373888,51.886792452830186,0.0,3.5676126878130217,1.7345454545454546,0.0,0.0763020421085958,0.1363244176013805,2016-04-26,0.45,amc,2046063829.0,2025-04-24,2016-03-31,0.0444444444444443,24.32639344262295,13847554.49180328
2015-12-31,EBAY,USD,1065088,2016-02-01,2016-02-01 17:30:13,2015,Q4,2322000000.0,493000000.0,1829000000.0,0.7876830319,229000000,260000000.0,595000000.0,855000000.0,83000000.0,1167000000.0,1660000000.0,0.0,0.0,171000000.0,1186000000.0,0.5107665805,662000000.0,0.2850990525,-12000000.0,650000000.0,0.2799310939,127000000.0,477000000.0,0.2054263566,0.4,0.39,1191000000,1204000000,https://www.sec.gov/Archives/edgar/data/1065088/000106508816000265/0001065088-16-000265-index.htm,https://www.sec.gov/Archives/edgar/data/1065088/000106508816000265/ebay201510-k.htm,1.9496221662468511,0.4005037783375315,0.873215785054576,0.7649034424853065,5.147774979009236,5.521410579345088,1.7086481947942904,5.521410579345088,5.691855583543241,32728680000.0,37675680000.0,17.153396226415094,14.095038759689922,31.46988461538461,35.926103183315035,4.976989051094891,4.976989051094891,16.225529715762274,31.76701517706577,36.226615384615386,41.356399560922064,0.014574373301948,0.0278349142098,1.0308698296836982,0.3811639021647455,4.171163575042159,3.4927087936367656,0.0,2.180293501048218,0.0001527712086158,0.010482180293501,0.1119724375538329,0.0986218776916451,0.2553275231937025,0.1240384615384615,0.0555555555555555,0.7543859649122807,0.0335917312661498,7.053742302676065,0.034316156720486,0.0360163092721232,-3.8738455079764895,5641000000.0,2035000000.0,-3305000000.0,11736000000.0,607000000.0,262000000.0,616000000.0,23.992248062015506,63.71196754563894,0.0,3.751211631663974,1.4126074498567336,0.0,0.0725364963503649,0.1083123425692695,2016-01-27,0.5,amc,2322000000.0,2025-04-24,2015-12-31,0.0,27.6140625,12174489.984375
2015-09-30,EBAY,USD,1065088,2015-10-28,2015-10-27 21:58:00,2015,Q3,2099000000.0,433000000.0,1666000000.0,0.7937112911,241000000,207000000.0,565000000.0,772000000.0,75000000.0,1088000000.0,1521000000.0,0.0,0.0,182000000.0,760000000.0,0.3620771796,578000000.0,0.2753692234,87000000.0,665000000.0,0.3168175322,120000000.0,539000000.0,0.2567889471,0.45,0.45,1210000000,1223000000,https://www.sec.gov/Archives/edgar/data/1065088/000106508815000252/0001065088-15-000252-index.htm,https://www.sec.gov/Archives/edgar/data/1065088/000106508815000252/ebay10-qq32015.htm,1.734710743801653,0.4454545454545454,0.5669421487603306,0.3669421487603306,4.38099173553719,5.23801652892562,1.4925619834710744,5.23801652892562,6.147933884297521,29572400000.0,34624400000.0,13.716326530612246,14.088804192472606,43.10845481049563,66.6045045045045,4.665888292836858,4.665888292836858,16.49566460219152,45.55842105263158,50.47288629737609,77.98288288288288,0.0182264543966671,0.0150139995401117,1.173714105396024,0.4090734121528732,6.647368421052631,1.865449628127113,0.0,1.2727272727272727,0.0546117325614424,2.9962894248608536,0.0986183897093854,0.1148165793234873,0.2492163871322518,0.3527696793002915,0.1152929966650786,1.3296703296703296,0.0443068127679847,7.245633934961043,0.0329575765755444,0.039478502893137,-4.5320247933884295,3840000000.0,1806000000.0,-3570000000.0,9907000000.0,7880500000.0,271500000.0,1209000000.0,25.512148642210576,36.37413394919169,256.07390300230946,3.5277310924369747,2.474285714285714,0.351461038961039,0.0850426001893341,0.2,2015-10-21,0.4,amc,1952558139.0,2025-04-24,2015-09-30,0.0749999999999999,26.89078125,19378603.375
2015-06-30,EBAY,USD,1065088,2015-07-21,2015-07-21 17:14:30,2015,Q2,2110000000.0,434000000.0,1676000000.0,0.7943127962,232000000,353000000.0,588000000.0,941000000.0,75000000.0,1248000000.0,1682000000.0,0.0,0.0,174000000.0,602000000.0,0.2853080569,428000000.0,0.2028436019,124000000.0,552000000.0,0.2616113744,122000000.0,83000000.0,0.0393364929,0.07,0.07,1217000000,1225000000,https://www.sec.gov/Archives/edgar/data/1065088/000106508815000186/0001065088-15-000186-index.htm,https://www.sec.gov/Archives/edgar/data/1065088/000106508815000186/ebay10-qq22015.htm,1.733771569433032,0.0682004930156121,0.9498767460969596,0.6039441248972884,8.6721446179129,16.273623664749383,9.548069022185702,16.273623664749383,6.262941659819227,30850950000.0,33501950000.0,92.92454819277108,14.621303317535546,26.687673010380625,41.97408163265306,1.557735420348397,1.557735420348397,15.877701421800948,55.65107973421927,28.98092560553633,45.580884353741496,0.0026903547540675,0.0238242258342125,0.3848523100227215,0.1669367909238249,4.403654485049834,1.6734466588511137,0.0,13.927710843373497,0.0,0.0,0.1672985781990521,0.109952606635071,0.1792675982303211,0.3641868512110726,0.1995260663507109,1.2993827160493827,0.0938388625592417,4.997204822142567,0.0113160844822811,0.002214928081552,-2.73746918652424,11489000000.0,11620000000.0,2696000000.0,22455000000.0,15169000000.0,380500000.0,593000000.0,646.8909952606635,76.31336405529954,245.9447004608295,0.1391269945931689,1.1793478260869563,0.3659359190556492,0.0041908608937137,0.3459326211996713,2015-07-16,0.72,bmo,2026710526.0,2025-04-24,2015-06-30,0.0555555555555556,24.944761904761904,16999510.206349205
2015-03-31,EBAY,USD,1065088,2015-04-23,2015-04-23 16:44:59,2015,Q1,2061000000.0,411000000.0,1650000000.0,0.8005822416,221000000,302000000.0,519000000.0,821000000.0,79000000.0,1121000000.0,1532000000.0,0.0,0.0,160000000.0,689000000.0,0.3343037361,529000000.0,0.2566715187,10000000.0,539000000.0,0.2615235323,90000000.0,626000000.0,0.3037360505,0.51,0.51,1216000000,1229000000,https://www.sec.gov/Archives/edgar/data/1065088/000106508815000116/0001065088-15-000116-index.htm,https://www.sec.gov/Archives/edgar/data/1065088/000106508815000116/ebay10-qq12015.htm,1.6949013157894737,0.5148026315789473,0.946546052631579,0.6817434210526315,7.959703947368421,16.067434210526315,8.299342105263158,16.067434210526315,6.301809210526316,29524480000.0,31714480000.0,11.790926517571886,14.32531780688986,25.65115551694179,35.614571773220746,1.5111311290817897,1.5111311290817897,15.38790878214459,46.02972423802613,27.553848827106865,38.256308805790106,0.0212027442989681,0.0280783946067805,0.3922100522059576,0.1708927097968377,3.178519593613933,1.5055363125319403,0.0,1.838658146964856,0.0,0.0,0.1465308102862688,0.1072295002426006,0.2106554269530117,0.2797567332754127,0.1562348374575448,0.8451443569553806,0.0897622513343037,13.64221542938545,0.0156833140726249,0.0176861138578895,-3.490953947368421,8903000000.0,10092000000.0,1211000000.0,21296000000.0,7984500000.0,250000000.0,0.0,662.5327510917031,86.05839416058393,0.0,0.1358423411547587,1.045801526717557,0.0,0.0320401269321322,0.2648026315789473,2015-04-22,0.71,amc,1873636363.0,2025-04-24,2015-03-31,0.0845070422535212,23.848688524590163,21545991.606557377
2014-12-31,EBAY,USD,1065088,2015-02-06,2015-02-05 19:54:38,2014,Q4,4921000000.0,1600000000.0,3321000000.0,0.6748628328,509000000,475000000.0,945000000.0,1420000000.0,331000000.0,2260000000.0,3860000000.0,0.0,0.0,370000000.0,1571000000.0,0.3192440561,1061000000.0,0.215606584,-7000000.0,1054000000.0,0.2141841089,31000000.0,1023000000.0,0.2078845763,0.76,0.75,1230000000,1241000000,https://www.sec.gov/Archives/edgar/data/1065088/000106508815000054/0001065088-15-000054-index.htm,https://www.sec.gov/Archives/edgar/data/1065088/000106508815000054/ebay201410-k.htm,4.0008130081300814,0.8317073170731707,1.3341463414634147,1.0341463414634149,8.209756097560975,16.183739837398374,8.331707317073171,16.183739837398374,6.200813008130082,29052600000.0,30351600000.0,7.099853372434018,5.903800040642146,17.704204753199267,22.84009433962264,1.459489601125289,1.459489601125289,6.167770778297094,19.319923615531508,18.49579524680073,23.86132075471698,0.0352119947956465,0.0437826562854959,0.3831508088013664,0.1689931755738722,0.8268618714194781,1.5133763048314417,0.0,1.7532051282051282,0.0,0.0,0.0965250965250965,0.1034342613289981,0.2139945050075334,0.2248628884826325,0.0749847591952855,0.9972972972972972,0.038000406421459,17.402673182829925,0.0361953575497191,0.0288380222134521,-11.81321138211382,9000000000.0,10248000000.0,1305000000.0,21560000000.0,7338000000.0,223000000.0,0.0,14.576305628937208,6.018750000000001,0.0,6.174404015056462,14.953271028037385,0.0,0.0513915402391238,0.3,2015-01-21,0.89,amc,2297188888.0,2025-04-24,2014-12-31,0.0112359550561797,22.695,22528997.890625
2014-09-30,EBAY,USD,1065088,2014-10-16,2014-10-16 09:02:07,2014,Q3,2150000000.0,413000000.0,1737000000.0,0.8079069767,246000000,203000000.0,624000000.0,827000000.0,68000000.0,1141000000.0,1554000000.0,0.0,0.0,-97000000.0,606000000.0,0.2818604651,596000000.0,0.2772093023,17000000.0,613000000.0,0.2851162791,104000000.0,673000000.0,0.3130232558,0.54,0.54,1242000000,1251000000,https://www.sec.gov/Archives/edgar/data/1065088/000106508814000156/0001065088-14-000156-index.htm,https://www.sec.gov/Archives/edgar/data/1065088/000106508814000156/ebay10-qq32014.htm,1.7310789049919484,0.5418679549114331,1.1014492753623188,0.7576489533011272,8.36634460547504,15.950080515297907,8.009661835748792,15.950080515297907,6.115942028985507,29596860000.0,32402860000.0,10.994375928677565,13.765981395348836,21.63513157894737,31.452561105207224,1.4940363452801613,1.4940363452801613,15.071097674418604,53.47006600660065,23.68630116959064,34.434495217853346,0.0227388986534382,0.0317939132732323,0.3834427057041898,0.1707887399946038,4.63036303630363,1.5556364077375535,0.0,2.0326894502228825,0.0,0.0,0.0944186046511628,0.1144186046511628,0.2217375663279072,0.3121345029239766,0.1986046511627907,1.16986301369863,0.0804651162790697,13.945029364030985,0.0175273304828301,0.0194429999422199,-3.112520128824477,9163000000.0,9948000000.0,988000000.0,21850000000.0,13810000000.0,325500000.0,0.0,580.9813953488373,73.87409200968523,0.0,0.1549102961308451,1.218289085545723,0.0,0.0339727410398788,0.3438003220611916,2014-10-15,0.67,amc,2118382352.0,2025-04-24,2014-09-30,0.0149253731343283,22.2428125,31883534.0
2014-06-30,EBAY,USD,1065088,2014-07-18,2014-07-18 16:26:30,2014,Q2,4103000000.0,1181000000.0,2922000000.0,0.7121618328,468000000,448000000.0,885000000.0,1333000000.0,267000000.0,2068000000.0,3249000000.0,0.0,0.0,233000000.0,1087000000.0,0.2649281014,854000000.0,0.2081403851,10000000.0,864000000.0,0.2105776261,144000000.0,676000000.0,0.1647574945,0.54,0.53,1258000000,1267000000,https://www.sec.gov/Archives/edgar/data/1065088/000106508814000120/0001065088-14-000120-index.htm,https://www.sec.gov/Archives/edgar/data/1065088/000106508814000120/ebay10-qq22014.htm,3.261526232114468,0.5373608903020668,1.1875993640699525,0.9737678855325914,5.857710651828299,15.079491255961845,7.0659777424483305,15.079491255961845,4.22972972972973,26506060000.0,27993060000.0,9.80253698224852,6.460165732390934,17.741673360107097,21.6376,1.397261992619926,1.397261992619926,6.822583475505727,25.752585096596132,18.73698795180723,22.85147755102041,0.0255036018178484,0.0462158464894443,0.2804955192409067,0.1277857829010567,1.3679852805887764,1.275972174706352,0.0,2.210059171597633,0.0,0.0,0.1091883987326346,0.1140628808189129,0.2420989433237272,0.180053547523427,0.0655617840604435,0.7211796246648794,0.0404582013161101,13.502607120427983,0.0281235592438912,0.0214201970911625,-3.9707869634340223,4840000000.0,8889000000.0,-292000000.0,17606000000.0,13471500000.0,294500000.0,0.0,301.4111625639776,23.77646062658764,0.0,0.2985954442908085,3.78525641025641,0.0,0.035635213494992,0.2138314785373609,2014-07-16,0.68,amc,315362318.0,2025-04-24,2014-06-30,0.014705882352941,21.786349206349207,30579303.777777776
2014-03-31,EBAY,USD,1065088,2014-05-01,2014-04-30 17:53:32,2014,Q1,4262000000.0,1351000000.0,2911000000.0,0.6830126701,480000000,465000000.0,805000000.0,1270000000.0,283000000.0,2033000000.0,3384000000.0,0.0,0.0,382000000.0,1260000000.0,0.2956358517,878000000.0,0.2060065697,-5000000.0,873000000.0,0.2048334115,3199000000.0,-2326000000.0,-0.5457531675,-1.82,-1.82,1276000000,1276000000,https://www.sec.gov/Archives/edgar/data/1065088/000106508814000060/0001065088-14-000060-index.htm,https://www.sec.gov/Archives/edgar/data/1065088/000106508814000060/ebay10-qq12014.htm,3.3401253918495297,-1.822884012539185,0.9200626959247648,0.7586206896551724,6.147335423197492,15.367554858934168,7.481974921630094,15.367554858934168,3.2351097178683386,29667000000.0,29380000000.0,-3.188628546861565,6.960816518066635,25.27001703577513,30.647727272727277,1.5129277372635015,1.5129277372635015,6.893477240732051,23.31746031746032,25.025553662691653,30.35123966942149,-0.0784036134425456,0.0326288468668891,0.2105155795808047,0.1018128005919348,-0.2277777777777777,1.4204307223175148,0.0,-0.5047291487532244,0.0,0.0,0.1091037071797278,0.1126231816048803,0.2481687014428412,0.1754684838160136,0.0483341154387611,0.5392670157068062,0.0349601126231816,,-0.0942970766921803,-0.0763048256405209,-2.5003918495297808,6618000000.0,9547000000.0,1423000000.0,19366000000.0,13075000000.0,293000000.0,0.0,278.7846081651807,18.45299777942265,0.0,0.3228298742614755,4.877256317689531,0.0,-0.1186190014789127,0.1614420062695925,2014-04-29,0.67,amc,3825700000.0,2025-04-24,2014-03-31,0.0447761194029849,23.22655737704918,32488867.573770493
2013-12-31,EBAY,USD,1065088,2014-01-31,2014-01-31 16:06:53,2013,Q4,4530000000.0,1449000000.0,3081000000.0,0.6801324503,450000000,461000000.0,837000000.0,1298000000.0,311000000.0,2059000000.0,3508000000.0,0.0,0.0,367000000.0,1584000000.0,0.3496688742,1022000000.0,0.225607064,6000000.0,1028000000.0,0.2269315673,178000000.0,850000000.0,0.1876379691,0.66,0.65,1295000000,1310000000,https://www.sec.gov/Archives/edgar/data/1065088/000106508814000010/0001065088-14-000010-index.htm,https://www.sec.gov/Archives/edgar/data/1065088/000106508814000010/ebay201310-k.htm,3.498069498069498,0.6563706563706564,1.3227799227799228,1.1057915057915058,6.969111969111969,18.26023166023166,10.377606177606175,18.26023166023166,3.183783783783784,29901550000.0,29530550000.0,8.794573529411764,6.600783664459161,17.455662580268534,20.88097067039106,1.2644965534740136,1.2644965534740136,6.518885209713024,18.64302398989899,17.239083479276125,20.62189245810056,0.0284266200247144,0.0478904939710483,0.1743561551148137,0.0993781334361743,-0.2342171717171717,1.8421552338001423,0.0,2.0152941176470587,0.0,0.0,0.101766004415011,0.0993377483443708,0.2460470497493251,0.1640396964389959,0.0620309050772626,0.7656675749318801,0.0434878587196468,16.42173271633953,0.0292857012824757,0.0271739130434782,0.6911196911196911,10644000000.0,13439000000.0,5442000000.0,23612000000.0,12613500000.0,298500000.0,0.0,257.24503311258275,19.19254658385093,0.0,0.3498609823911028,4.689320388349515,0.0,0.0359453630481667,0.2169884169884169,2014-01-22,0.8,amc,3219753086.0,2025-04-24,2013-12-31,0.0125,22.135,29272218.046875
2013-09-30,EBAY,USD,1065088,2013-10-18,2013-10-18 17:12:08,2013,Q3,3892000000.0,1224000000.0,2668000000.0,0.6855087359,433000000,415000000.0,755000000.0,1170000000.0,266000000.0,1869000000.0,3093000000.0,0.0,0.0,357000000.0,1156000000.0,0.2970195272,799000000.0,0.2052929085,74000000.0,873000000.0,0.2243062693,184000000.0,689000000.0,0.1770298047,0.53,0.53,1295000000,1310000000,https://www.sec.gov/Archives/edgar/data/1065088/000106508813000162/0001065088-13-000162-index.htm,https://www.sec.gov/Archives/edgar/data/1065088/000106508813000162/ebay10-qq32013.htm,3.005405405405406,0.532046332046332,1.0301158301158302,0.7853281853281854,7.931274131274131,17.580694980694982,10.2996138996139,17.580694980694982,3.498841698841699,30406600000.0,29657600000.0,11.032873730043542,7.812589928057554,22.793553223388304,29.898328416912488,1.335555848377037,1.335555848377037,7.620143884892086,25.655363321799307,22.23208395802099,29.16184857423795,0.0226595541757381,0.0334466859168733,0.1990161198225501,0.113085581650735,-0.6479238754325259,1.9517791819088792,0.0,1.9361393323657472,0.0,0.0,0.1066289825282631,0.1112538540596094,0.2353308208750343,0.2376311844077961,0.0814491264131551,0.8879551820728291,0.0359712230215827,14.507213594772182,0.0221674268875086,0.0224884130817938,1.6835907335907336,11448000000.0,13338000000.0,6176000000.0,23640000000.0,12153500000.0,300500000.0,0.0,283.94398766700925,21.176470588235293,0.0,0.316963922143497,4.25,0.0,0.0302631001010234,0.2447876447876447,2013-10-16,0.63,amc,3831187500.0,2025-04-24,2013-09-30,0.0158730158730158,22.43171875,22365032.734375
2013-06-30,EBAY,USD,1065088,2013-07-19,2013-07-19 16:38:08,2013,Q2,3877000000.0,1211000000.0,2666000000.0,0.6876450864,451000000,419000000.0,771000000.0,1190000000.0,275000000.0,1916000000.0,3127000000.0,0.0,0.0,347000000.0,1097000000.0,0.2829507351,750000000.0,0.1934485427,6000000.0,756000000.0,0.194996131,116000000.0,640000000.0,0.1650760898,0.49,0.49,1297000000,1313000000,https://www.sec.gov/Archives/edgar/data/1065088/000106508813000116/0001065088-13-000116-index.htm,https://www.sec.gov/Archives/edgar/data/1065088/000106508813000116/ebay10-qq22013.htm,2.989205859676176,0.4934464148033924,0.779491133384734,0.5073245952197378,8.046260601387818,16.69313801079414,9.507324595219735,16.69313801079414,3.494988434849653,28884190000.0,26562190000.0,11.28288671875,7.450139282950735,28.56992087042532,43.8969452887538,1.3340811047988546,1.3340811047988546,6.851222594789786,24.213482224247947,26.27318496538081,40.36806990881459,0.0221574501483337,0.0227806284337556,0.2093667728973257,0.1175875486381323,-2.1166818596171377,2.009083119108826,0.0,1.5796875,0.0,0.0,0.108073252514831,0.1163270570028372,0.2417639429312581,0.3491592482690405,0.0910497807583183,1.0172910662824208,0.0415269538302811,13.61382770652705,0.0232656883444717,0.0218953130345535,1.9722436391673093,11776000000.0,12331000000.0,6547000000.0,23793000000.0,11909000000.0,310500000.0,0.0,279.2158885736394,23.261767134599506,0.0,0.322331227136681,3.869009584664537,0.0,0.0295598355734146,0.2721665381649961,2013-07-17,0.63,amc,3877000000.0,2025-04-24,2013-06-30,0.0,22.680625,24582694.75
2013-03-31,EBAY,USD,1065088,2013-04-19,2013-04-19 17:26:27,2013,Q1,3748000000.0,1152000000.0,2596000000.0,0.6926360726,434000000,408000000.0,697000000.0,1105000000.0,257000000.0,1796000000.0,2948000000.0,0.0,0.0,329000000.0,1129000000.0,0.3012273212,800000000.0,0.2134471718,9000000.0,809000000.0,0.2158484525,132000000.0,677000000.0,0.1806296692,0.52,0.51,1295000000,1319000000,https://www.sec.gov/Archives/edgar/data/1065088/000106508813000058/0001065088-13-000058-index.htm,https://www.sec.gov/Archives/edgar/data/1065088/000106508813000058/ebay10-qq12013.htm,2.894208494208494,0.5227799227799228,0.7235521235521235,0.4926640926640926,7.2602316602316606,16.302702702702703,8.983783783783784,16.302702702702703,3.487258687258687,30367750000.0,28353750000.0,11.214087887740028,8.102387940234792,32.409551760939166,47.59835423197492,1.4384118037135278,1.4384118037135278,7.565034685165422,25.114038972542076,30.260138740661688,44.4416144200627,0.0222933868989306,0.021009129751134,0.2139067828723001,0.1188421052631578,-1.783879539415412,1.90580204778157,0.0,1.3840472673559825,0.0,0.0,0.1088580576307363,0.115795090715048,0.2494210526315789,0.3191035218783351,0.0797758804695837,0.9088145896656536,0.029615795090715,13.847791425007692,0.0250821804954647,0.0237360633896641,1.0474903474903474,10616000000.0,11634000000.0,5448000000.0,22669000000.0,11433000000.0,304500000.0,0.0,283.11099252934895,24.0625,0.0,0.3178965224766751,3.74025974025974,0.0,0.0320670708601743,0.2308880308880309,2013-04-17,0.62,amc,3688507936.0,2025-04-24,2013-03-31,0.0161290322580645,22.77766666666667,26134323.15
2012-12-31,EBAY,USD,1065088,2013-02-01,2013-01-31 20:09:24,2012,Q4,3993000000.0,1224000000.0,2769000000.0,0.6934635612,416000000,436000000.0,793000000.0,1229000000.0,1124000000.0,2769000000.0,3993000000.0,0.0,0.0,318000000.0,1450000000.0,0.3631354871,873000000.0,0.2186326071,4000000.0,877000000.0,0.2196343601,127000000.0,750000000.0,0.1878287002,0.58,0.57,1294000000,1318000000,https://www.sec.gov/Archives/edgar/data/1065088/000106508813000004/0001065088-13-000004-index.htm,https://www.sec.gov/Archives/edgar/data/1065088/000106508813000004/ebay2012_10k.htm,3.0857805255023183,0.5795981452859351,1.071097372488408,0.8423493044822257,7.27047913446677,16.132148377125194,8.66306027820711,16.132148377125194,3.492272024729521,27769240000.0,25471240000.0,9.256413333333333,6.954480340596043,20.03552669552669,25.476366972477063,1.330262994011976,1.330262994011976,6.378973203105435,17.566372413793104,18.37751803751804,23.36811009174312,0.0270083012714788,0.0392520645145491,0.2164790419161676,0.1212373236035842,-1.5848275862068966,1.9503885776251584,0.0,1.8455392809587217,0.0198060875990844,0.7333333333333333,0.1091910843976959,0.1041823190583521,0.2592960240382035,0.2135642135642135,0.074129727022289,0.927899686520376,0.0318056599048334,14.504436348039643,0.0280331648931524,0.0271650548734108,1.017001545595054,10517000000.0,11210000000.0,5184000000.0,22673000000.0,9184500000.0,286000000.0,-491000000.0,249.64688204357628,22.13235294117647,0.0,0.3605092091007584,4.0664451827242525,0.0,0.0359281437125748,0.2287480680061824,2013-01-16,0.69,amc,3934971428.0,2025-04-24,2012-12-31,0.0144927536231884,20.870967741935484,23903440.032258064
2012-09-30,EBAY,USD,1065088,2012-10-19,2012-10-19 17:04:58,2012,Q3,3404000000.0,1022000000.0,2382000000.0,0.6997649824,389000000,369000000.0,726000000.0,1095000000.0,231000000.0,1715000000.0,2737000000.0,0.0,0.0,311000000.0,978000000.0,0.2873090482,667000000.0,0.1959459459,5000000.0,672000000.0,0.1974148061,75000000.0,597000000.0,0.1753819036,0.46,0.45,1292000000,1314000000,https://www.sec.gov/Archives/edgar/data/1065088/000106508812000143/0001065088-12-000143-index.htm,https://www.sec.gov/Archives/edgar/data/1065088/000106508812000143/ebay2012q3_10q.htm,2.634674922600619,0.4620743034055727,0.8931888544891641,0.6130030959752322,7.070433436532507,15.412538699690405,7.884674922600619,15.412538699690405,3.496904024767802,26227600000.0,23414600000.0,10.983082077051929,7.704935370152762,22.727556325823222,33.115656565656565,1.3171094260031135,1.3171094260031135,6.87855464159812,23.94130879345603,20.28994800693241,29.56388888888889,0.0227622809559395,0.0301971968460705,0.2268869582684678,0.1390068303489016,-2.876278118609407,2.465656422603031,0.0,1.932998324958124,0.1119812716375116,4.919597989949748,0.1084018801410105,0.1142773207990599,0.2992431235000923,0.3136915077989601,0.1063454759106933,1.1639871382636655,0.035840188014101,12.658558641324245,0.0232804791464379,0.0262118018967334,1.1801470588235294,10349000000.0,10187000000.0,4821000000.0,22468000000.0,6928500000.0,264000000.0,-491000000.0,192.8231492361927,23.864970645792564,-86.4774951076321,0.4667489373371726,3.7712177121771218,-1.040733197556008,0.0299804148043991,0.2801857585139319,2012-10-17,0.54,amc,3342109090.0,2025-04-24,2012-09-30,0.0185185185185185,19.113492063492064,26036915.47619048
2012-06-30,EBAY,USD,1065088,2012-07-19,2012-07-18 20:45:44,2012,Q2,3398000000.0,987000000.0,2411000000.0,0.7095350206,394000000,390000000.0,717000000.0,1107000000.0,215000000.0,1716000000.0,2703000000.0,0.0,0.0,290000000.0,985000000.0,0.2898763979,695000000.0,0.2045320777,156000000.0,851000000.0,0.2504414361,159000000.0,692000000.0,0.2036492054,0.54,0.53,1291000000,1309000000,https://www.sec.gov/Archives/edgar/data/1065088/000106508812000085/0001065088-12-000085-index.htm,https://www.sec.gov/Archives/edgar/data/1065088/000106508812000085/ebay2012q2_10q.htm,2.632068164213788,0.5360185902401239,0.5948876839659178,0.3183578621223857,4.457010069713401,14.649109217660728,7.144074360960496,14.649109217660728,1.6127033307513556,22824880000.0,20868880000.0,8.245982658959539,6.717151265450265,29.719895833333336,55.53498783454988,1.206899323181049,1.206899323181049,6.141518540317834,21.18668020304569,27.17302083333333,50.77586374695864,0.0303177935656178,0.0180066664096372,0.1100888324873096,0.0736782504069644,-1.9857868020304568,1.9526470588235296,0.0,1.1098265895953756,0.0039430656371468,0.130057803468208,0.1147733961153619,0.1159505591524426,0.3428763535989808,0.46484375,0.1050618010594467,1.2310344827586206,0.0373749264273101,13.291891686298548,0.0256628319869426,0.037266411761538,1.0309837335398917,6478000000.0,9223000000.0,3932000000.0,18405000000.0,6527000000.0,291000000.0,0.0,173.8552089464391,23.43465045592705,0.0,0.5176721511273613,3.840466926070039,0.0,0.0365905245346869,0.2765298218435321,2012-07-18,0.55,amc,3337321428.0,2025-04-24,2012-06-30,0.0181818181818181,16.717301587301588,32329856.04761905
2012-03-31,EBAY,USD,1065088,2012-04-20,2012-04-20 17:17:18,2012,Q1,3277000000.0,983000000.0,2294000000.0,0.7000305157,374000000,372000000.0,677000000.0,1049000000.0,218000000.0,1641000000.0,2624000000.0,0.0,0.0,281000000.0,934000000.0,0.2850167836,653000000.0,0.1992676228,31000000.0,684000000.0,0.2087274947,114000000.0,570000000.0,0.1739395789,0.44,0.44,1288000000,1308000000,https://www.sec.gov/Archives/edgar/data/1065088/000106508812000037/0001065088-12-000037-index.htm,https://www.sec.gov/Archives/edgar/data/1065088/000106508812000037/ebay2012q1_10q.htm,2.544254658385093,0.4425465838509316,0.4122670807453416,0.2243788819875776,4.558229813664596,14.525621118012422,6.951086956521739,14.525621118012422,1.6187888198757765,20002640000.0,17923640000.0,8.773087719298246,6.103948733597803,37.66975517890772,69.21328719723184,1.069145331124058,1.069145331124058,5.4695270064083,19.19019271948608,33.75450094161958,62.01951557093425,0.0284962384965184,0.0144480928517435,0.1114436902025763,0.0739178218172794,-2.225910064239829,1.879253409906676,0.0,0.9315789473684212,0.0372950770498294,1.3087719298245617,0.113518462007934,0.1141287763198047,0.3458715921579749,0.455743879472693,0.0738480317363442,0.8612099644128114,0.033872444308819,12.026468313349946,0.0249549053777247,0.030892634545553,0.9631211180124224,6124000000.0,8953000000.0,3591000000.0,17989000000.0,3585796500.0,303500000.0,0.0,178.24229478181263,29.7558494404883,0.0,0.5049306625577812,3.0246153846153847,0.0,0.0304666203431503,0.1878881987577639,2012-04-18,0.52,amc,3098254545.0,2025-04-24,2012-03-31,0.0576923076923077,14.38516129032258,26053227.30645161
2011-12-31,EBAY,USD,1065088,2012-01-31,2012-01-30 20:50:48,2011,Q4,3380010000.0,1034432000.0,2345578000.0,0.693955935,344250000,345987000.0,671822000.0,1017809000.0,983519000.0,2345578000.0,3380010000.0,0.0,0.0,272553000.0,2587737000.0,0.7656003976,753108000.0,0.2228123585,1682093000.0,2435201000.0,0.7204715371,455589000.0,1979612000.0,0.5856822909,1.54,1.51,1288525000,1308467000,https://www.sec.gov/Archives/edgar/data/1065088/000106508812000006/0001065088-12-000006-index.htm,https://www.sec.gov/Archives/edgar/data/1065088/000106508812000006/ebay2011q4_10k.htm,2.623162142760133,1.5363396131235327,0.76231349799189,0.5359717506451175,4.601697289536485,13.915041617353175,6.331666052269068,13.915041617353175,1.6217364816359792,16454464250.0,13853011250.0,2.077991072240419,4.868170286478442,16.75163831368477,23.825882585471167,0.9177119516534384,0.9177119516534384,4.098511912686649,5.353330438912455,14.10320205444587,20.05900736012789,0.120308505334654,0.0419711629322723,0.1165455717799322,0.0764872374005214,-1.0053003840807624,1.880170841275376,0.0,0.4961881419187194,0.0439124598055509,0.3649987977442044,0.1023627149032103,0.101848811098192,0.3576607258404746,0.2969142589538411,0.0862858393910077,1.0700560991807098,0.0329158789471037,21.931943991300685,0.0289448519540145,0.1128058028193188,-2.2892394404454706,5927250000.0,8158510000.0,3271115000.0,17684835000.0,2879647000.0,275515500.0,0.0,18.14887234061438,24.535203860669437,0.0,4.958985787706153,3.668198581560284,0.0,0.1104085532311735,0.2263417473467724,2012-01-18,0.57,amc,3211000000.0,2025-04-24,2011-12-31,0.0526315789473684,13.065396825396826,26126174.634920634
2011-09-30,EBAY,USD,1065088,2011-10-21,2011-10-20 19:48:31,2011,Q3,2966000000.0,920000000.0,2046000000.0,0.6898179366,319000000,336000000.0,623000000.0,959000000.0,768000000.0,2046000000.0,2966000000.0,0.0,0.0,266000000.0,803000000.0,0.2707349966,537000000.0,0.1810519218,79000000.0,616000000.0,0.2076871207,125000000.0,491000000.0,0.1655428186,0.38,0.37,1290000000,1309000000,https://www.sec.gov/Archives/edgar/data/1065088/000106508811000027/0001065088-11-000027-index.htm,https://www.sec.gov/Archives/edgar/data/1065088/000106508811000027/ebay2011q3_10q.htm,2.2992248062015506,0.3806201550387597,0.627184496124031,0.4074170542635659,3.11075503875969,12.53126046511628,4.938521705426356,12.53126046511628,1.9720837209302329,16008900000.0,15553938000.0,8.151171079429735,5.397471341874579,19.78684115550238,30.460187834875796,0.990323362485854,0.990323362485854,5.244078894133513,19.369785803237857,19.2245126491222,29.594530108377985,0.0306704395679903,0.0328297384579827,0.157373133087449,0.1021659894322761,-0.5665778331257784,1.5886254725676436,0.0,1.6494659563753942,0.0041909812666704,0.1366456211812627,0.1132838840188806,0.107552258934592,0.3933502719238544,0.3504031799552077,0.0955832771409305,1.062928358253723,0.0364875252865812,10.3593982341607,0.0216491927357951,0.0325038475022746,-0.7085746124031008,3617193000.0,6370693000.0,1027134000.0,15271016000.0,5024328500.0,257751500.0,0.0,154.07723870532703,26.31825,0.0,0.5841226176964732,3.4196802598957,0.0,0.0303736528418913,0.2197674418604651,2011-10-19,0.48,amc,2965800000.0,2025-04-24,2011-09-30,0.0,13.1421875,34520503.453125
2011-06-30,EBAY,USD,1065088,2011-07-22,2011-07-21 21:55:38,2011,Q2,2760000000.0,773000000.0,1987000000.0,0.7199275362,297000000,392000000.0,608000000.0,1000000000.0,690000000.0,1987000000.0,2760000000.0,0.0,0.0,208000000.0,727000000.0,0.2634057971,519000000.0,0.1880434783,-228000000.0,291000000.0,0.1054347826,8000000.0,283000000.0,0.1025362319,0.22,0.22,1297000000,1315000000,https://www.sec.gov/Archives/edgar/data/1065088/000106508811000019/0001065088-11-000019-index.htm,https://www.sec.gov/Archives/edgar/data/1065088/000106508811000019/ebay2011q2_10q.htm,2.12798766383963,0.2181958365458751,0.6034973014649191,0.4186222050886661,3.3900740169622203,12.497981495759444,5.013373168851195,12.497981495759444,1.9627563608326908,17613260000.0,16893129000.0,15.559416961130742,6.3816159420289855,22.50217186893154,32.4397507703245,1.086575460573988,1.086575460573988,6.120698913043478,23.236766162310868,21.582154136260502,31.113427865763704,0.0160674400991071,0.0308263773997545,0.1570458686867677,0.1025086460255181,-0.9905515818431913,1.6051856404860472,0.0,2.7618795583736464,0.0,0.0,0.1420289855072463,0.1076086956521739,0.3908977603808076,0.3063395576541771,0.0868778985507246,1.1550519039475902,0.0430626811594202,7.833113644716719,0.0256128949062383,0.0187089910320467,-0.3846792598303778,3717820000.0,6502345000.0,1237020000.0,15152438000.0,4558730000.0,215717500.0,0.0,162.09639130434783,28.696610608020706,0.0,0.5552251920958463,3.1362588853906326,0.0,0.0174584861259323,0.1848750963762528,2011-07-20,0.46,amc,2645383333.0,2025-04-24,2011-06-30,0.0434782608695651,13.196190476190475,27589466.34920635
2011-03-31,EBAY,USD,1065088,2011-04-29,2011-04-28 21:56:10,2011,Q1,2546000000.0,729000000.0,1817000000.0,0.7136684996,275000000,293000000.0,533000000.0,826000000.0,716000000.0,1817000000.0,2546000000.0,0.0,0.0,193000000.0,758000000.0,0.2977219167,565000000.0,0.2219167321,3000000.0,568000000.0,0.2230950511,92000000.0,476000000.0,0.1869599372,0.37,0.36,1297000000,1320000000,https://www.sec.gov/Archives/edgar/data/1065088/000106508811000006/0001065088-11-000006-index.htm,https://www.sec.gov/Archives/edgar/data/1065088/000106508811000006/ebay2011q110q.htm,1.962991518889745,0.3670007710100231,0.5394063222821897,0.4248589051657671,5.215580570547417,12.293302235929067,6.8750485736314575,12.293302235929067,1.3835636083269085,16938820000.0,13268720000.0,8.896439075630251,6.653110761979576,24.21180371921499,30.73961694389901,1.0623671125428074,1.0623671125428074,5.21159465828751,17.50490765171504,18.965880990837757,24.079326076778177,0.0281011310114872,0.0325313097370418,0.1125461313627538,0.0780044738372674,-4.841820580474934,2.4172792176589346,0.0,1.4701858720435417,0.0,0.0,0.115082482325216,0.108012568735271,0.3054778425080613,0.2123583139177541,0.0583534956794972,0.769427569669945,0.0466838177533385,10.07532413741698,0.0255368088854643,0.0297921092844667,2.169652274479568,6751279000.0,8916938000.0,4454381000.0,15326697000.0,4053895000.0,184963000.0,0.0,146.57712490180677,22.834938271604937,0.0,0.6140112248776318,3.941328806301801,0.0,0.0298537174118608,0.1145474171164225,2011-04-27,0.46,amc,2491438297.0,2025-04-24,2011-03-31,0.0217391304347825,13.15483870967742,27800208.16129032
2010-12-31,EBAY,USD,1065088,2011-01-28,2011-01-28 17:31:10,2010,Q4,2495350000.0,702473000.0,1792877000.0,0.7184871862,246175000,278878000.0,538765000.0,817643000.0,729059000.0,1792877000.0,2495350000.0,0.0,0.0,192288000.0,783509000.0,0.313987617,591221000.0,0.2369290881,-3816000.0,587405000.0,0.2353998437,28218000.0,559187000.0,0.2240916104,0.43,0.43,1297278000,1297278000,https://www.sec.gov/Archives/edgar/data/1065088/000106508811000003/0001065088-11-000003-index.htm,https://www.sec.gov/Archives/edgar/data/1065088/000106508811000003/ebay10k20101231.htm,1.9235275708059487,0.4310463909817325,0.6583053131248661,0.5060889030724331,5.105161730947414,11.795605105459275,6.604833351062764,11.795605105459275,1.3830705523411326,15191125380.000002,11407941380.000002,6.79161236759796,6.087773410543612,17.788098875299326,23.13822715516848,0.9927426270467756,0.9927426270467756,4.571679876570422,14.560064249421515,13.358166966235563,17.375904182240788,0.0368101102460915,0.0432185228926074,0.1172530395834475,0.0815418290745009,-4.828513775846863,2.449973143003653,0.0,1.5272261336547523,0.0,0.0,0.111759071873685,0.098653495501633,0.3060328502007974,0.2312246415419113,0.0791339892199491,1.0269335579963388,0.037533812891979,10.695802575237783,0.0316417517449524,0.036620242401254,2.229433860745345,6548824000.0,8568305000.0,4363755000.0,14806031000.0,3794765500.0,150538500.0,0.0,142.87203799066262,23.69723818566692,0.0,0.6299343193094363,3.797910933538059,0.0,0.0365429655475863,0.1522164100524328,2011-01-19,0.47,amc,2255457692.0,2025-04-24,2010-12-31,0.1063829787234043,12.05796875,32230323.546875
2010-09-30,EBAY,USD,1065088,2010-10-21,2010-10-20 21:48:23,2010,Q3,2249488000.0,640268000.0,1609220000.0,0.7153716757,226803000,261662000.0,483653000.0,745315000.0,637102000.0,1609220000.0,2249488000.0,0.0,0.0,194338000.0,687519000.0,0.3056335486,493181000.0,0.2192414452,23820000.0,517001000.0,0.2298305214,85072000.0,431929000.0,0.1920121379,0.33,0.33,1308888000,1328415000,https://www.sec.gov/Archives/edgar/data/1065088/000144530510001112/0001445305-10-001112-index.htm,https://www.sec.gov/Archives/edgar/data/1065088/000144530510001112/ebay09301010q.htm,1.718625275806639,0.3299969134104675,0.5708005574197333,0.4432205047337892,4.097006008153486,11.486049226519,6.36107749478947,11.486049226519,0.0,13442279760.0,9261372760.0,7.780375802504579,5.9757063651817655,17.992273950160218,23.17131064630787,0.8941281547260495,0.8941281547260495,4.117102540667032,13.470715369320702,12.396197581627437,15.96441593722743,0.0321321239932295,0.043156816429775,0.0,0.0,-6.081151211821055,2.4822141983439354,0.0,1.7297148373922566,0.0,0.0,0.1163206916418313,0.1008242764575761,0.3362739698723615,0.2235107359787127,0.0742337811982104,0.8592658152291369,0.0416894866743009,9.23488591270726,0.0255297509908311,0.0326229179833789,2.4215943228144807,5645619000.0,8325938000.0,4540418000.0,13819680000.0,3460735500.0,154016500.0,0.0,145.16283260902037,16.321696539574052,0.0,0.6199934127932375,5.5141326627280085,0.0,0.0287302367334949,0.1275800526859441,2010-10-20,0.37,amc,2080787499.0,2025-04-24,2010-09-30,0.0810810810810811,9.41,36073692.5625
2010-06-30,EBAY,USD,1065088,2010-07-23,2010-07-22 20:24:23,2010,Q2,2215379000.0,615371000.0,1600008000.0,0.722227664,225317000,262100000.0,478236000.0,740336000.0,634355000.0,1600008000.0,2215379000.0,0.0,0.0,187817000.0,681245000.0,0.3075072031,493428000.0,0.2227284812,5958000.0,499386000.0,0.225417863,87194000.0,412192000.0,0.1860593605,0.31,0.31,1310042000,1329618000,https://www.sec.gov/Archives/edgar/data/1065088/000119312510164115/0001193125-10-164115-index.htm,https://www.sec.gov/Archives/edgar/data/1065088/000119312510164115/d10q.htm,1.691074789968566,0.3146402939753077,0.5544700093584786,0.3963063779634546,3.7387213539718576,10.815905902253515,5.82974820654605,10.815905902253515,0.0,10807846500.0,6770404500.0,6.555104478010247,4.8785541886963815,14.8790734588968,20.817227424890884,0.762765511697092,0.762765511697092,3.0560931109304548,9.9382813818817,9.32076023673592,13.040622869227894,0.0381382174515524,0.0480371367228429,0.0,0.0,-5.926563864688915,2.433972427945092,0.0,1.7622345897057683,0.0,0.0,0.1183093276590596,0.101705848073851,0.348422282039115,0.28525191394575,0.0935284662353484,1.1032068449607864,0.0415202094088641,8.750439748128205,0.0268237908901283,0.033743336748664,2.129327533010392,5111052000.0,7637215000.0,4097020000.0,13072338000.0,3298534000.0,168092500.0,0.0,133.78764536451774,28.06877477164182,0.0,0.6727078554584471,3.2064099958836803,0.0,0.0290905169496483,0.1581636313950239,2010-07-21,0.38,amc,2104630000.0,2025-04-24,2010-06-30,0.0526315789473684,9.747460317460318,47278248.44444445
2010-03-31,EBAY,USD,1065088,2010-04-28,2010-04-28 17:11:07,2010,Q1,2196057000.0,606555000.0,1589502000.0,0.7237981528,210139000,276743000.0,446161000.0,722904000.0,656459000.0,1589502000.0,2196057000.0,0.0,0.0,188022000.0,685200000.0,0.3120137592,497178000.0,0.226395763,-2523000.0,494655000.0,0.2252468857,97002000.0,397653000.0,0.181075901,0.31,0.3,1301248000,1326021000,https://www.sec.gov/Archives/edgar/data/1065088/000119312510096869/0001193125-10-096869-index.htm,https://www.sec.gov/Archives/edgar/data/1065088/000119312510096869/d10q.htm,1.687654467096203,0.3055935532657879,0.321431425831202,0.2044237531969309,3.479660295347236,10.855047615827267,5.603697373598269,10.855047615827267,0.0,14769164800.0,11176161800.0,9.285208963593886,6.725310317537296,35.31079753838503,55.521923565633855,1.0455965189365972,1.0455965189365972,5.089194770445394,16.310802393461763,26.7204809425671,42.01469816470305,0.0269245421379548,0.0180109033653683,0.0,0.0,-5.243728838295389,2.307614334051387,0.0,1.0518265925316796,0.0,0.0,0.1260181315876591,0.0956892284672028,0.3656096266177882,0.36402063778206,0.0693315337443427,0.809777579219453,0.046478301792713,8.639313217222444,0.0264634059142674,0.0335377746013724,1.87567127864942,4690427000.0,7291800000.0,3712369000.0,12870586000.0,3246070000.0,168339000.0,0.0,135.39984617885602,21.406039023666445,0.0,0.6646979486307154,4.204421000097043,0.0,0.0281522075334073,0.1170076726342711,2010-04-21,0.41,amc,2143811904.0,2025-04-24,2010-03-31,0.024390243902439,10.185409836065572,39366516.03278688
2009-12-31,EBAY,USD,1065088,2010-02-17,2010-02-17 17:20:56,2009,Q4,2370932000.0,670695000.0,1700237000.0,0.7171175723,197944000,620423000.0,526400000.0,1146823000.0,355470000.0,1700237000.0,2370932000.0,0.0,0.0,200784000.0,381406000.0,0.1608675407,180622000.0,0.0761818559,1412178000.0,1592800000.0,0.6718033246,237894000.0,1354906000.0,0.5714655671,1.04,1.04,1294942000,1301248000,https://www.sec.gov/Archives/edgar/data/1065088/000119312510033324/0001193125-10-033324-index.htm,https://www.sec.gov/Archives/edgar/data/1065088/000119312510033324/d10k.htm,1.830917523719209,1.046306321055306,0.5950845674941426,0.4615357290133458,3.81778025579524,10.64730930033932,5.3104695036534455,10.64730930033932,0.0,12819925800.0,8820107800.0,2.3654640617135065,5.40712504618437,16.636290942123022,21.450126994856625,0.9298123798924952,0.9298123798924952,3.720101546564811,23.125246587625785,11.445766675317934,14.757685447627589,0.1056875071773036,0.0466197706074086,0.0,0.0,-10.487034813296068,2.3229770278047472,0.0,0.5687479426617049,0.1698872547296646,1.6074487824247583,0.2616789515684127,0.0834878435990572,0.3754225263359176,0.2244199325201142,0.0729409363069037,0.8613136504900789,0.0388193334941702,15.832176351388316,0.0104050782089505,0.1178443306682141,2.0961212934633364,4818240000.0,6876750000.0,3839536000.0,13043466000.0,2800787000.0,200872500.0,0.0,121.02701384940606,25.819605036566543,0.0,0.7436356325537952,3.4857233436584,0.0,0.0982695525734338,0.1335488384807968,2010-01-20,0.4,amc,2155363636.0,2025-04-24,2009-12-31,0.0999999999999999,9.9046875,36811520.796875
2009-09-30,EBAY,USD,1065088,2009-10-27,2009-10-27 17:00:24,2009,Q3,2237852000.0,643908000.0,1593944000.0,0.7122651543,205207000,272177000.0,491461000.0,763638000.0,625099000.0,1593944000.0,2237852000.0,0.0,0.0,215068000.0,670682000.0,0.2996989971,455614000.0,0.2035943396,-17279000.0,438335000.0,0.1958730962,88599000.0,349736000.0,0.1562820061,0.27,0.27,1293511000,1311274000,https://www.sec.gov/Archives/edgar/data/1065088/000119312509214947/0001193125-09-214947-index.htm,https://www.sec.gov/Archives/edgar/data/1065088/000119312509214947/d10q.htm,1.7300602778020442,0.2703772909546189,0.5707264955613056,0.4356151590516045,2.442423759828869,9.857795565712236,2.957300711010575,9.857795565712236,0.1546179352166313,12844564230.0,10486705230.0,9.181614296212,5.739684407190467,17.398876830195018,22.795349963529752,1.007324602524616,1.007324602524616,4.686058430137472,15.635882922159832,14.204988926380407,18.6108389044373,0.027228327387172,0.0438685960777043,0.015684838885727,0.0115231455052933,-3.5156139571361686,1.7752011556819658,0.0,2.110852185648604,0.0,0.0,0.1216242182235465,0.0916981998809572,0.5142702633937554,0.2367357001304452,0.0780963173614698,0.812617404727807,0.0413293640508845,7.744016486710168,0.0261344685880448,0.0414845799291288,0.2814463889367775,2826909000.0,3825301000.0,1868382000.0,13046550000.0,2370646000.0,197912000.0,0.0,97.0550510042666,29.25879162861775,0.0,0.9273087703188528,3.0759985286600773,0.0,0.0274277640626932,0.1351113365097011,2009-10-21,0.37,amc,2179007894.0,2025-04-24,2009-09-30,0.027027027027027,8.95625,43256970.3125
2009-06-30,EBAY,USD,1065088,2009-07-29,2009-07-28 20:38:07,2009,Q2,2097992000.0,591773000.0,1506219000.0,0.7179336242,198403000,257498000.0,464500000.0,721998000.0,585818000.0,1506219000.0,2097992000.0,0.0,0.0,197805000.0,627147000.0,0.29892726,429342000.0,0.2046442503,-22182000.0,407160000.0,0.1940712834,79818000.0,327342000.0,0.1560263338,0.25,0.25,1288815000,1300434000,https://www.sec.gov/Archives/edgar/data/1065088/000119312509157212/0001193125-09-157212-index.htm,https://www.sec.gov/Archives/edgar/data/1065088/000119312509157212/d10q.htm,1.627845734259766,0.2539868018295876,0.5669688822678197,0.4673005823178656,2.339217808607132,9.250025798892782,2.4604935541563373,9.250025798892782,0.3103626199260561,9292356150.0,7118739150.0,7.09682545319574,4.429166626946147,12.716747295126162,15.429041334032917,0.7794572854989258,0.7794572854989258,3.393120254986673,11.350989720113466,9.742115494623096,11.81996458363774,0.0352270182842701,0.0648128408207858,0.0335526220870871,0.0241454196531281,-3.465881204884979,1.6754129087670802,0.0,2.232276945824245,0.0,0.0,0.1227354537100236,0.0945680441107497,0.5282082788728363,0.1757914818028295,0.0612271162139798,0.6493971335406081,0.0459649035839984,7.270567416907292,0.0260786858807043,0.0418818813798341,0.0900936131252352,2519536000.0,3171121000.0,1605183000.0,12524756000.0,2152412000.0,173332500.0,0.0,99.86760674015916,28.36254780126839,0.0,0.901193118947636,3.1731987066399987,0.0,0.0274579560480782,0.099668299949954,2009-07-22,0.36,amc,2041297297.0,2025-04-24,2009-06-30,0.0277777777777778,6.936984126984126,44373096.17460317
2009-03-31,EBAY,USD,1065088,2009-04-28,2009-04-28 17:14:41,2009,Q1,2020586000.0,573386000.0,1447200000.0,0.7162278666,201516000,268291000.0,403316000.0,671607000.0,574077000.0,1447200000.0,2020586000.0,0.0,0.0,197289000.0,626664000.0,0.3101397317,429375000.0,0.2125002351,11481000.0,440856000.0,0.2181822501,83743000.0,357113000.0,0.1767373425,0.28,0.28,1283810000,1287814000,https://www.sec.gov/Archives/edgar/data/1065088/000119312509090300/0001193125-09-090300-index.htm,https://www.sec.gov/Archives/edgar/data/1065088/000119312509090300/d10q.htm,1.5738980067143893,0.2781665511251665,0.52073671337659,0.4499053598273888,2.5217469874825715,8.658373902680303,2.862672046486629,8.658373902680303,0.3115725847282697,6791354900.0,4134195900.0,4.754345893316682,3.361081834675683,10.15868454078893,11.758028404083843,0.6109692257991327,0.6109692257991327,2.0460380800421265,6.5971491899965535,6.184037293931285,7.157628122224473,0.0525834690217706,0.0850482721790905,0.0359851154766853,0.0264414087797507,-4.240165383682484,1.949741196307253,0.0,1.8720321018837176,0.0,0.0,0.1327788077320143,0.0997314640406298,0.4918485433460955,0.1360214321934641,0.0450037761322705,0.4609177399652286,0.0563430608744196,7.361424804639817,0.0281223100971413,0.0464554941736315,0.5514601070251829,3001110000.0,3675127000.0,2148954000.0,11639110000.0,2225019000.0,165253000.0,145389000.0,88.050060724958,25.14128353325683,0.0,1.022145802728439,3.579769500668024,0.0,0.0321268813580638,0.0708313535492012,2009-04-22,0.33,bmo,1709738461.0,2025-04-24,2009-03-31,0.1818181818181818,5.2700000000000005,36522195.67213115
2008-12-31,EBAY,USD,1065088,2009-02-20,2009-02-19 18:24:04,2008,Q4,2035846000.0,579591000.0,1456255000.0,0.7153070517,171207000,0.0,0.0,362569000.0,922479000.0,1456255000.0,2035846000.0,0.0,0.0,201897000.0,771279000.0,0.3788493825,502582000.0,0.2468664133,-29314000.0,473268000.0,0.2324674853,106076000.0,367192000.0,0.1803633477,0.29,0.29,1279313000,1283810000,https://www.sec.gov/Archives/edgar/data/1065088/000095013409003306/0000950134-09-003306-index.htm,https://www.sec.gov/Archives/edgar/data/1065088/000095013409003306/f50770e10vk.htm,1.591358799605726,0.2870228005187159,0.5344454406388429,0.4100419522040345,2.62067375224046,8.663914147671445,2.59696102517523,8.663914147671445,0.781669536696649,7522360440.0,5333432440.0,5.12154434192466,3.6949555319999647,11.002058494448775,14.339996111115347,0.6786770851809902,0.6786770851809902,2.6197622217004626,6.915049469776825,7.800574852681568,10.16720762831413,0.0488134014487612,0.0697350258850398,0.0902212929830028,0.0641336483663652,-2.838049525528376,1.696745582492395,0.0,1.8620313078716315,0.0,0.0,0.0,0.0840962430360646,0.4977753640722917,0.2327711661008917,0.0781743805769198,0.7882781814489567,0.1482494255459401,7.480084912463467,0.0302572399552526,0.0468900984266573,0.6600358942651251,2581503000.0,3322326000.0,1778009000.0,11541749000.0,2232760500.0,193802000.0,145389000.0,109.33572578672454,26.44947902917747,45.15256448081492,0.8231527193184621,3.4027135241763147,1.9932422672967005,0.0331285370130147,0.1244034884348083,2009-01-21,0.39,bmo,1936492682.0,2025-04-24,2008-12-31,0.0512820512820511,6.13625,46832393.203125
2008-09-30,EBAY,USD,1065088,2008-10-23,2008-10-23 17:23:36,2008,Q3,2117531000.0,560963000.0,1556568000.0,0.7350862868,190842000,248909000.0,451753000.0,700662000.0,665064000.0,1556568000.0,2117531000.0,0.0,0.0,178578000.0,702653000.0,0.331826547,524075000.0,0.2474934251,38567000.0,562642000.0,0.2657066178,70423000.0,492219000.0,0.2324494895,0.38,0.38,1288937000,1297484000,https://www.sec.gov/Archives/edgar/data/1065088/000089161808000464/0000891618-08-000464-index.htm,https://www.sec.gov/Archives/edgar/data/1065088/000089161808000464/f50180e10vq.htm,1.6428506591090175,0.381879797073092,0.5379650052717859,0.4212703956826439,2.827021801686196,8.296522638422203,3.145190183849172,8.296522638422203,0.0,12141786540.0,8799069540.0,6.166861976071627,5.733935673196756,17.510432663256434,22.36093515362133,1.1354154518152986,1.1354154518152986,4.155343907598047,12.522638542780006,12.68969061281823,16.204816543920618,0.0405392565895002,0.0447208487985821,0.0,0.0,-4.757279909144343,2.10469630609938,0.0,1.4087286350181525,0.0,0.0,0.1175468033289713,0.0901247726715689,0.4662689463325439,0.2169185884687548,0.0710317818251539,0.8422762042356842,0.0,8.443113974440482,0.0402689643060127,0.064762130062915,1.2348231527219715,3153613000.0,4053952000.0,2461884000.0,11008825000.0,2078041500.0,172558000.0,0.0,84.67700827048104,34.85876965147434,0.0,1.0628623027459343,2.581846717478552,0.0,0.0460288983368237,0.116694609589142,2008-10-15,0.41,bmo,1887336956.0,2025-04-24,2008-09-30,0.1219512195121952,10.43234375,37917633.515625
2008-06-30,EBAY,USD,1065088,2008-07-24,2008-07-24 16:15:54,2008,Q2,2195661000.0,562103000.0,1633558000.0,0.7439937222,186791000,0.0,0.0,846482000.0,600285000.0,1633558000.0,2195661000.0,0.0,0.0,173359000.0,718726000.0,0.3273392386,545367000.0,0.2483839718,22766000.0,568133000.0,0.2587526034,107788000.0,460345000.0,0.2096612364,0.35,0.35,1312007000,1325136000,https://www.sec.gov/Archives/edgar/data/1065088/000095013408013257/0000950134-08-013257-index.htm,https://www.sec.gov/Archives/edgar/data/1065088/000095013408013257/f42336e10vq.htm,1.6735131748534875,0.3508708413903279,0.5629535513148939,0.4702078571227135,3.0879134029010515,8.667671742605032,3.27334076723676,8.667671742605032,0.0,15088080500.0,11392052500.0,8.19389832625531,6.871771416443613,20.42797309500825,24.457268898845225,1.3267692110988647,1.3267692110988647,5.188438697959294,15.850341437488,15.423866671901804,18.46613234216652,0.030510507946985,0.0408876397498011,0.0,0.0,-5.142471539919246,2.168955244335604,0.0,1.604446665001249,0.0,0.0,0.0,0.0850727867371147,0.4711474291230143,0.1647483952726716,0.0554197574215691,0.7019133705201345,0.0,8.272106668649617,0.03677768271869,0.0579471251128964,1.5431541142692071,3514153000.0,4294646000.0,2870808000.0,11716080000.0,2195816000.0,148506500.0,0.0,88.69369178575381,20.469486908982876,0.0,1.014728310299696,4.396788273207973,0.0,0.0404804025590469,0.0927456941921803,2008-07-16,0.41,bmo,2093574418.0,2025-04-24,2008-06-30,0.048780487804878,12.73421875,32264607.5625
2008-03-31,EBAY,USD,1065088,2008-04-24,2008-04-23 19:42:25,2008,Q1,2192223000.0,525412000.0,1666811000.0,0.7603291271,176760000,281721000.0,514554000.0,796275000.0,693776000.0,1666811000.0,2192223000.0,0.0,0.0,165980000.0,718757000.0,0.3278667362,552777000.0,0.2521536358,26744000.0,579521000.0,0.2643531247,119803000.0,459718000.0,0.209704031,0.34,0.34,1333791000,1343989000,https://www.sec.gov/Archives/edgar/data/1065088/000095013408007202/0000950134-08-007202-index.htm,https://www.sec.gov/Archives/edgar/data/1065088/000095013408007202/f40060e10vq.htm,1.6436030832416773,0.3446701919566109,0.5745053010554128,0.4735569515763714,2.98988222292698,8.517977704153049,3.1496696259009096,8.517977704153049,0.0,16752414960.0,13187232960.0,9.11015827094001,7.6417476506724,21.862287392172476,26.52268108025952,1.4745283958510729,1.4745283958510729,6.015461456247836,18.34727586653069,17.20964276299477,20.87823009185816,0.0274418942640613,0.0377035789471633,0.0,0.0,-4.960204909308709,2.0964572501519267,0.0,1.6668261847480412,0.0,0.0,0.1285092803058813,0.0806304833039339,0.4758776988769003,0.1757135213436517,0.0614189341139108,0.8112061694180022,0.03985953983696,8.127582219416958,0.0366461121227422,0.058294691523216,1.479733331533951,3377562000.0,4201001000.0,2772891000.0,11673528000.0,1567867000.0,162891000.0,43799500.0,91.4622280671264,28.977659436784847,0.0,0.984012765728239,3.1058409046574726,0.0,0.0404638523283011,0.1009483494790413,2008-04-16,0.39,bmo,2035614285.0,2025-04-24,2008-03-31,0.0769230769230768,11.80655737704918,41055424.19672131
2007-12-31,EBAY,USD,1065088,2008-02-29,2008-02-28 20:39:58,2007,Q4,2180606000.0,505973000.0,1674633000.0,0.7679667946,169316000,0.0,0.0,825864000.0,679453000.0,1674633000.0,2180606000.0,0.0,0.0,159816000.0,785956000.0,0.3604300823,626140000.0,0.2871403637,45325000.0,671465000.0,0.3079258701,140579000.0,530886000.0,0.2434580112,0.4,0.4,1333791000,1333791000,https://www.sec.gov/Archives/edgar/data/1065088/000095013408003741/0000950134-08-003741-index.htm,https://www.sec.gov/Archives/edgar/data/1065088/000095013408003741/f36571e10vk.htm,1.634893322866926,0.3980278769312433,0.5942055389487558,0.4982894621421197,3.658777874494579,8.775439330449823,3.637309743430567,8.775439330449823,0.1499485301670201,18633060270.0,14611869270.0,8.774511039093138,8.54490002779044,23.510383334216563,28.035912981068712,1.5919430895642588,1.5919430895642588,6.70082961800527,18.591205194692836,18.436619792415836,21.98549725103594,0.0284916161010195,0.0356685370180472,0.017087296090888,0.0130157177156348,-5.116305492928357,2.297894326939239,0.0,1.4928741763768492,0.0,0.0,0.0,0.0776463056599862,0.4459959975366452,0.161419021735016,0.0586680950157891,0.8004955699053912,0.1455604542957324,8.86507548932056,0.0403580491951957,0.0623629277447283,1.4569973856473766,4022926000.0,4851411000.0,3461070000.0,11996569000.0,942250000.0,127662500.0,184695000.0,37.471446010879546,27.857553663930684,15.581681235955278,2.401828847861094,3.23072158760767,5.7760134248107855,0.0453570313625358,0.0959160768066361,2008-01-23,0.41,bmo,1986768888.0,2025-04-24,2007-12-31,0.0975609756097561,14.7034375,36046181.015625
2007-09-30,EBAY,USD,1065088,2007-10-29,2007-10-26 19:37:47,2007,Q3,1889220000.0,446521000.0,1442699000.0,0.7636479605,164879000,0.0,0.0,772687000.0,505133000.0,1442699000.0,1889220000.0,0.0,0.0,151720000.0,-785973000.0,-0.4160304253,-937693000.0,-0.4963387006,35635000.0,-902058000.0,-0.4774764188,33577000.0,-935635000.0,-0.4952493622,-0.69,-0.69,1354786000,1354786000,https://www.sec.gov/Archives/edgar/data/1065088/000095013407022080/0000950134-07-022080-index.htm,https://www.sec.gov/Archives/edgar/data/1065088/000095013407022080/f34877e10vq.htm,1.3944785375697712,-0.6906146062920638,0.4646386957054472,0.3765849366615834,2.944154279716501,8.025394416535157,2.9892625108319693,8.025394416535157,0.0,22611378340.0,18698787340.0,-6.041719885425406,11.968631678682208,35.92038320153268,44.31935102863236,2.0796485672545497,2.0796485672545497,9.897623008437344,-23.790623011223037,29.704850211124636,36.65049107002854,-0.0413789458533291,0.0225635072894897,0.0,0.0,4.978022145798901,1.9437853722745224,0.0,-0.6727901371795626,0.0,0.0,0.0,0.0872735838070738,0.4614166326047832,0.1895101717909532,0.0631445781857062,0.7862773530187187,0.0,,-0.0844711720925237,-0.1174840665997734,0.699689102190309,3088884000.0,4049811000.0,2447631000.0,10971372000.0,929248500.0,96599500.0,214762500.0,46.52424810239147,19.896219886634672,56.79730628570661,1.9344751107406672,4.523472323527028,1.5845821903467463,-0.0860536654583795,0.0880537590438637,2007-10-17,0.33,bmo,1520575609.0,2025-04-24,2007-09-30,0.2424242424242423,14.692222222222222,36968425.07936508
2007-06-30,EBAY,USD,1065088,2007-07-27,2007-07-26 21:35:06,2007,Q2,1834429000.0,416789000.0,1417640000.0,0.7727963306,147934000,0.0,0.0,761246000.0,508460000.0,1417640000.0,1834429000.0,0.0,0.0,146722000.0,603628000.0,0.3290549811,456906000.0,0.2490725997,31233000.0,488139000.0,0.2660986062,112315000.0,375824000.0,0.2048724699,0.28,0.27,1361046000,1378697000,https://www.sec.gov/Archives/edgar/data/1065088/000095013407015993/0000950134-07-015993-index.htm,https://www.sec.gov/Archives/edgar/data/1065088/000095013407015993/f32134e10vq.htm,1.3478082298467502,0.2761288009369264,0.480942598560225,0.3917993954649585,2.645268418554553,8.478426886380035,2.895584719399638,8.478426886380035,0.0,18428562840.0,15010213840.0,12.258771951764656,10.045939548491656,28.15304787002452,34.55850151052869,1.59699436952756,1.59699436952756,8.18249920820048,24.86666264653065,22.93088573676452,28.148179658213586,0.0203935598919443,0.0289364398423159,0.0,0.0,-5.663006023577435,2.353463369009333,0.0,1.7417328323896293,0.0,0.0,0.0,0.0806430774916881,0.529101172001671,0.185351023931193,0.0661393817912821,0.8269243876173988,0.0,7.257795920544277,0.0292355648390651,0.0555734643746269,1.112371844889886,3151733000.0,3941024000.0,2658748000.0,11782911000.0,843692500.0,108511000.0,159080000.0,43.26697299268601,20.403201620004367,31.90117781419375,2.080108539490708,4.411072422661318,2.8212124494023043,0.0325684003220582,0.0891432030952664,2007-07-18,0.32,bmo,1726494117.0,2025-04-24,2007-06-30,0.0625,13.88968253968254,34961584.015873015
2007-03-31,EBAY,USD,1065088,2007-04-25,2007-04-24 21:25:09,2007,Q1,1768074000.0,393689000.0,1374385000.0,0.777334546,137598000,0.0,0.0,721611000.0,515176000.0,1374385000.0,1768074000.0,0.0,0.0,143449000.0,611276000.0,0.3457298733,467827000.0,0.2645969569,25478000.0,493305000.0,0.2790069873,116129000.0,377176000.0,0.2133259128,0.28,0.27,1366915000,1384287000,https://www.sec.gov/Archives/edgar/data/1065088/000095013407008928/0000950134-07-008928-index.htm,https://www.sec.gov/Archives/edgar/data/1065088/000095013407008928/f29096e10vq.htm,1.2934776485736128,0.2759323001064441,0.4129678875423856,0.3504819246258912,2.4026980463306056,8.205475102694754,2.7033070820058307,8.205475102694754,0.0,19068464250.0,16101455250.0,12.638969771406453,10.78487905483594,33.77986623371101,39.8023379233905,1.700084373593272,1.700084373593272,9.106776780836096,26.340728656122604,28.52379706001148,33.609186063258875,0.0197800931975945,0.0251241523029312,0.0,0.0,-4.853795993953631,2.2659178492924683,0.0,1.4966275690924131,0.0,0.0,0.0,0.0778236657515466,0.540299457236184,0.1513094959715992,0.0483084983999538,0.5954241577145885,0.0406939981018894,7.137471640394537,0.0306522466804645,0.0589424532216085,0.9289191354253922,2849038000.0,3695191000.0,2395745000.0,11405748000.0,798993000.0,102963500.0,157523000.0,41.00193770170253,28.012339689450304,38.96055007886936,2.1950182124261635,3.2128697923042395,2.310028986187554,0.033627827353449,0.0624859629164944,2007-04-18,0.3,bmo,1607363636.0,2025-04-24,2007-03-31,0.1,13.3627868852459,44311966.21311475
2006-12-31,EBAY,USD,1065088,2007-02-28,2007-02-28 06:02:45,2006,Q4,1719901000.0,370028000.0,1349873000.0,0.7848550585,131246000,0.0,0.0,737053000.0,481574000.0,1349873000.0,1719901000.0,0.0,0.0,-99129000.0,481572000.0,0.2799998372,449885000.0,0.2615761023,33713000.0,483598000.0,0.281177812,137130000.0,346467000.0,0.2014458972,0.25,0.25,1366915000,1366915000,https://www.sec.gov/Archives/edgar/data/1065088/000095013407004291/0000950134-07-004291-index.htm,https://www.sec.gov/Archives/edgar/data/1065088/000095013407004291/f27529e10vk.htm,1.2582355157416518,0.2534663823280891,0.4579370333927128,0.3872867003434742,2.34461908750727,7.977549445283723,2.6902748159175958,7.977549445283723,0.0,17305143900.0,14642351900.0,12.48686303457472,10.061709307686897,27.645722177579756,32.68896140448971,1.5869534982932023,1.5869534982932023,8.513485311073138,30.405322360934605,23.39179581475523,27.65901739366967,0.0200210412581429,0.0305913665358194,0.0,0.0,-5.529374631415448,1.9737118283668764,0.0,1.80669731893658,0.0,0.0,0.0,0.0763102062269863,0.5355898257382479,0.1542795797182252,0.0561503249314931,-0.974215416275762,0.0184731563037639,6.745065859510875,0.0293664359781989,0.0552864991073531,0.9380210181320712,2452191000.0,3677377000.0,2381207000.0,10677642000.0,733138500.0,589610000.0,152542500.0,41.46999158672505,20.28300561038624,35.17517593263213,2.1702439898446926,4.437212202609363,2.558622597151155,0.0317724614640824,0.0706503330492386,2007-01-24,0.28,bmo,1553458064.0,2025-04-24,2006-12-31,0.107142857142857,13.265238095238097,35471632.31746032
2006-09-30,EBAY,USD,1065088,2006-10-30,2006-10-27 21:28:17,2006,Q3,1448637000.0,319995000.0,1128642000.0,0.7791061529,120405000,0.0,0.0,622008000.0,386229000.0,1128642000.0,1448637000.0,0.0,0.0,135224000.0,474257000.0,0.3273815317,339033000.0,0.2340358558,40677000.0,379710000.0,0.2621153539,98814000.0,280896000.0,0.1939036487,0.2,0.2,1406382000,1426112000,https://www.sec.gov/Archives/edgar/data/1065088/000095013406019858/0000950134-06-019858-index.htm,https://www.sec.gov/Archives/edgar/data/1065088/000095013406019858/f24230e10vq.htm,1.0300451797591266,0.1997295187225092,0.3712455079772067,0.2739269984968522,2.292344469710221,7.89463104618802,2.826822300057879,7.89463104618802,0.0,16792201080.0,14309944080.0,14.945212000170882,11.591724552113469,32.16200531302611,43.58825550427519,1.512420267666,1.512420267666,9.8782124714473,30.17339560617977,27.407752881081297,37.1449517451187,0.0167277653871448,0.0229419596731032,0.0,0.0,-5.23399127477296,2.150094677993502,0.0,1.8587413135110504,0.0,0.0,0.0,0.0831160601310059,0.5293925968709478,0.2621405711024241,0.0944798455375639,0.3621117075739015,6.903040582285279e-07,5.9563238944256165,0.0223087473243842,0.0443344318980126,1.0304684289190278,2553998000.0,3975592000.0,2414432000.0,10680487000.0,601844000.0,615010500.0,96942500.0,41.86048678861578,308.2064407256364,45.13148642947546,2.149998886885282,0.292012067587249,1.994173184183467,0.0252994114042796,0.0973185094803545,2006-10-18,0.24,bmo,1337169230.0,2025-04-24,2006-09-30,0.0833333333333334,11.086190476190476,47794974.44444445
2006-06-30,EBAY,USD,1065088,2006-07-28,2006-07-27 20:55:11,2006,Q2,1410784000.0,292479000.0,1118305000.0,0.792683359,123972000,0.0,0.0,620923000.0,373410000.0,1118305000.0,1410784000.0,0.0,0.0,142426000.0,453840000.0,0.3216934697,311414000.0,0.2207382562,24701000.0,336115000.0,0.2382469606,86120000.0,249994000.0,0.1772021798,0.18,0.17,1411925000,1435757000,https://www.sec.gov/Archives/edgar/data/1065088/000095013406014091/0000950134-06-014091-index.htm,https://www.sec.gov/Archives/edgar/data/1065088/000095013406014091/f22371e10vq.htm,0.9991918834215698,0.1770589797616729,0.3651135860615826,0.2599861890681162,2.3758315774563097,7.991551959204632,2.9530499141243336,7.991551959204632,0.0,17409035250.0,14774654250.0,17.409453076873845,12.339972136060515,33.77031277581749,47.42559612183687,1.5428792883963376,1.5428792883963376,10.472655098158189,32.554764344262296,28.660100230256077,40.24903018679801,0.0143600145792111,0.021085660102848,0.0,0.0,-5.804647012162877,2.6440710594653383,0.0,2.0621014904357704,0.0,0.0,0.0,0.0878745435162292,0.5368945086398741,0.2879306632422461,0.1052124208950484,1.0421692668473452,0.0,5.642425083570568,0.0200872455840738,0.0407404244667439,1.276168528781628,2826824000.0,4169485000.0,2579450000.0,10883248000.0,537038000.0,117675000.0,32087500.0,33.804799317259054,41.29311848030115,10.283815248274236,2.6623438629334046,2.179539916389081,8.751615798922801,0.0221557690753342,0.1051273969934663,2006-07-19,0.24,bmo,1410800000.0,2025-04-24,2006-06-30,0.0,13.928412698412698,46482641.603174604
2006-03-31,EBAY,USD,1065088,2006-04-25,2006-04-24 21:23:43,2006,Q1,1390419000.0,283597000.0,1106822000.0,0.7960348643,119070000,0.0,0.0,618236000.0,369516000.0,1106822000.0,1390419000.0,0.0,0.0,123286000.0,445910000.0,0.3207018891,322624000.0,0.2320336532,25013000.0,347637000.0,0.2500231944,99354000.0,248282000.0,0.1785663171,0.18,0.17,1406309000,1437581000,https://www.sec.gov/Archives/edgar/data/1065088/000089161806000175/0000891618-06-000175-index.htm,https://www.sec.gov/Archives/edgar/data/1065088/000089161806000175/f19639e10vq.htm,0.988700918503686,0.1765486816908659,0.4154165265243982,0.3204331338276296,1.923107226079048,7.556518517623083,2.588148834999989,7.556518517623083,0.0,23077530690.0,21201096690.0,23.23721684415301,16.597536922323414,39.50252084888156,51.21193243651083,2.171634987954982,2.171634987954982,15.24799120984394,47.54568565405575,36.29057091358498,47.04789025537694,0.0107586033937151,0.0195266991972961,0.0,0.0,-4.208100289296047,2.319491194808469,0.0,2.352985717853086,0.0,0.0,0.0,0.0856360564693088,0.5559170579546463,0.2286461578489705,0.0960688828331603,1.083464464740522,0.0602825479226046,5.478786462833432,0.0211645170256815,0.0444832474300686,0.8435238983751082,2218735000.0,3639737000.0,1958508000.0,10066291000.0,561121500.0,371750000.0,30228500.0,35.22360525855875,32.102349460678354,9.760152610923246,2.555104718536201,2.803533121780994,9.221167289871566,0.023363759551323,0.0949833926967686,2006-04-19,0.24,bmo,1390400000.0,2025-04-24,2006-03-31,0.0,17.384516129032257,30895299.370967746
2005-12-31,EBAY,USD,1065088,2006-02-24,2006-02-23 20:30:17,2005,Q4,1328859000.0,239520000.0,1089339000.0,0.8197551433,103882000,0.0,0.0,560189000.0,425268000.0,1089339000.0,1328859000.0,0.0,0.0,144099000.0,514510000.0,0.3871817853,370411000.0,0.278743644,24641000.0,395052000.0,0.2972866196,115830000.0,279221000.0,0.2101208631,0.2,0.2,1394324000,1406309000,https://www.sec.gov/Archives/edgar/data/1065088/000095013406003678/0000950134-06-003678-index.htm,https://www.sec.gov/Archives/edgar/data/1065088/000095013406003678/f17187e10vk.htm,0.9530489326727504,0.2002554642966771,0.37741371445948,0.3073102091049139,1.4976648182201555,7.206345870830596,2.226614474110752,7.206345870830596,0.0,25362753560.0,24049173560.0,22.70849395281874,19.08611339502536,48.196446772081785,59.1910045975402,2.524164163925071,2.524164163925071,18.09761122888132,46.74189726147208,45.70027109458286,56.12540213307195,0.0110090964429179,0.0168944589942228,0.0,0.0,-2.553069911177625,2.1436877708451885,0.0,1.884661253988776,0.0,0.0,0.0,0.0781738318361842,0.5889699928390788,0.1857471063418193,0.0735570892020899,0.6783322576839534,0.0043887274722148,5.698243423242509,0.0254080446811741,0.0576232962215209,0.5706195260212117,1698302000.0,3104622000.0,1442232000.0,9443263000.0,531450500.0,342534500.0,31479000.0,39.151106325050286,241.3613476953908,11.160571142284567,2.2987856141989726,0.3728848917167308,8.064103427378628,0.0277887667184084,0.070103505354566,2006-01-18,0.22,bmo,1218158333.0,2025-04-24,2005-12-31,0.0909090909090908,17.94650793650794,36236095.44444445
2005-09-30,EBAY,USD,1065088,2005-10-25,2005-10-25 17:30:15,2005,Q3,1105515000.0,200375000.0,905140000.0,0.8187496325,78881000,0.0,0.0,440324000.0,385935000.0,905140000.0,1105515000.0,0.0,0.0,97227000.0,453963000.0,0.4106348625,356736000.0,0.3226876162,30226000.0,386962000.0,0.3500287196,131989000.0,254971000.0,0.2306354957,0.19,0.18,1357239000,1387038000,https://www.sec.gov/Archives/edgar/data/1065088/000089161805000803/0000891618-05-000803-index.htm,https://www.sec.gov/Archives/edgar/data/1065088/000089161805000803/f13552e10vq.htm,0.8145322968172887,0.187860060018906,0.3622818088781711,0.3103594871647513,2.261488949256542,5.914480795202613,2.95248220836566,5.914480795202613,0.0,23534524260.0,21353926260.0,23.075687293849104,21.288290308136933,47.8632919872362,55.87069420177004,2.931787353856135,2.931787353856135,19.31581775009837,47.03891343567648,43.42850513419686,50.69397923234702,0.0108339134959,0.0178984710014274,0.0,0.0,-4.803470767441399,3.150472216433321,0.0,1.9284663746073083,0.0,0.0,0.0,0.0713522656861281,0.4176316270351171,0.1433202563335997,0.0637449514479676,0.7248089522457754,0.0,4.999963113490656,0.0281193610055914,0.0454825921889836,1.3637636775836828,2724201000.0,4007224000.0,2392314000.0,7506754000.0,477321500.0,42206000.0,32666500.0,39.47010216957708,19.190717404865875,14.937192763568309,2.280206917461961,4.68976735477227,6.025228530190041,0.0317627305800509,0.0519223217134196,2005-10-19,0.2,bmo,1105500000.0,2025-04-24,2005-09-30,0.0,16.444375,44070690.046875
2005-06-30,EBAY,USD,1065088,2005-07-27,2005-07-27 06:02:01,2005,Q2,1086303000.0,191840000.0,894463000.0,0.8234010216,71639000,0.0,0.0,418044000.0,404780000.0,894463000.0,1086303000.0,0.0,0.0,88951000.0,467937000.0,0.4307610308,378986000.0,0.3488768787,32120000.0,411106000.0,0.3784450563,119518000.0,291560000.0,0.2683965708,0.22,0.21,1351375000,1379088000,https://www.sec.gov/Archives/edgar/data/1065088/000095013405014066/0000950134-05-014066-index.htm,https://www.sec.gov/Archives/edgar/data/1065088/000095013405014066/f10727e10vq.htm,0.8038501526223291,0.2157506243640736,0.3674272500231246,0.3004739617056701,2.036888354453797,5.601051521598372,3.005669040791786,5.601051521598372,0.0,18770598750.0,16914949750.0,16.094970803608177,17.27933988030964,37.80340189554752,46.22696729244704,2.4798914893816604,2.4798914893816604,15.571115747632106,36.14792108766778,34.06618254211209,41.65699982514598,0.0155328023300268,0.0216323946512361,0.0,0.0,-3.965595796015275,3.109009131981483,0.0,1.703018246673069,0.0,0.0,0.0,0.0659475302931134,0.3882749507866715,0.1822218910362272,0.0832907577351807,1.0600316325932868,0.0560340899362332,5.214372748931971,0.0342589358164308,0.052763524906045,1.2261559522708352,2503010000.0,4061786000.0,2225827000.0,6755602000.0,474813000.0,292537500.0,31315500.0,38.9238361672572,19.556609674728943,15.048634278565473,2.3122078618681514,4.602024660557501,5.980609159210649,0.0385196643044813,0.0669532883174544,2005-07-20,0.18,bmo,888790909.0,2025-04-24,2005-06-30,0.2222222222222222,14.79203125,51432061.46875
2005-03-31,EBAY,USD,1065088,2005-04-27,2005-04-27 06:02:15,2005,Q1,1031724000.0,186369000.0,845355000.0,0.8193615734,73789000,0.0,0.0,407738000.0,363828000.0,845355000.0,1031724000.0,0.0,0.0,79660000.0,415234000.0,0.4024661634,335574000.0,0.3252555916,20683000.0,356257000.0,0.3453026197,99948000.0,256291000.0,0.2484104276,0.19,0.19,1343442000,1382150000,https://www.sec.gov/Archives/edgar/data/1065088/000095013405008154/0000950134-05-008154-index.htm,https://www.sec.gov/Archives/edgar/data/1065088/000095013405008154/f07687e10vq.htm,0.7679706306636237,0.1907719127435349,0.3687684321317928,0.3095295517037579,1.500480854402349,5.3853139919698805,2.7941779399482822,5.385276029780221,0.0,21065170560.0,19848398560.0,20.548098216480486,20.417447456878,42.51990852187744,50.65752175742782,2.9116427669242277,2.9116427669242277,19.23808941150928,47.80051383075567,40.06386222571197,47.73142847523657,0.0121665760678274,0.0197404050831478,0.0,0.0,-2.9303284413126094,2.565517889559362,0.0,1.9330331537197951,0.0,0.0,0.0,0.0715200964599059,0.4052831488255309,0.1606397816797498,0.0771369087081428,0.9558950706255404,0.0034854282734529,4.807867167382471,0.0324498567183756,0.0501732830316925,0.7716339819657269,1798946000.0,3753816000.0,1593751000.0,5973447000.0,360335000.0,290673500.0,92979500.0,41.85543808227782,262.409574553708,14.754921687619722,2.1502582250622115,0.3429752902616725,6.099659619035151,0.0354247232061232,0.0592388804280348,2005-04-20,0.18,bmo,928529999.0,2025-04-24,2005-03-31,0.1111111111111112,17.86,76041659.60655738
2004-12-31,EBAY,USD,1065088,2005-02-28,2005-02-28 06:02:53,2004,Q4,935782000.0,176405000.0,759377000.0,0.8114892144,64568000,0.0,0.0,385157000.0,309652000.0,759377000.0,935782000.0,0.0,0.0,77055000.0,361778000.0,0.3866049999,284723000.0,0.3042621038,16497000.0,301220000.0,0.3218912097,95782000.0,205379000.0,0.2194731252,0.15,0.15,1343442000,1343442000,https://www.sec.gov/Archives/edgar/data/1065088/000095013405003827/0000950134-05-003827-index.htm,https://www.sec.gov/Archives/edgar/data/1065088/000095013405003827/f05426e10vk.htm,0.6965555639915977,0.1528752264705138,0.2837539692818893,0.2220557344492728,1.497682073360815,5.011334318861551,2.724147376663823,5.008285433982263,0.3395397791642661,32887460160.0,32013567160.0,40.0326471547724,35.14436071649166,86.27192092485186,110.24259319721506,4.887900324909216,4.887900324909216,34.21049684648775,88.4895354609733,83.97948400737657,107.31320217619394,0.0062449030420961,0.0090709041850193,0.0677956126183259,0.0570828543079001,-2.4155504204235747,2.683408150285288,0.0,1.8561147926516344,0.0,0.0,0.0,0.0689989762572906,0.3845180064549707,0.2174356714331059,0.0885761854790966,1.0756991759133088,0.0058688882667116,4.150537594559627,0.026375973184723,0.0417577202751818,0.7531248092586059,1826279000.0,3659734000.0,1652535000.0,5608755000.0,351941500.0,58986000.0,77702500.0,23.16462594920612,19.365777614013208,79.2860179700122,3.885234330886505,4.647373412719321,1.135130787297706,0.0305244636084883,0.0616982348326165,2005-01-19,0.17,bmo,994287500.0,2025-04-24,2004-12-31,-0.0588235294117647,22.28109375,43705990.1875
2004-09-30,EBAY,USD,1065088,2004-10-27,2004-10-27 17:24:14,2004,Q3,805876000.0,157121000.0,648755000.0,0.8050307988,63403000,0.0,0.0,313026000.0,272326000.0,648755000.0,805876000.0,0.0,0.0,65974000.0,319887000.0,0.3969432022,253913000.0,0.3150770094,10927000.0,264840000.0,0.3286361674,80749000.0,182349000.0,0.2262742655,0.07,0.065,2646290000,2739908000,https://www.sec.gov/Archives/edgar/data/1065088/000089161804001299/0000891618-04-001299-index.htm,https://www.sec.gov/Archives/edgar/data/1065088/000089161804001299/f02570e10vq.htm,0.3045304936344845,0.0689074137755121,0.103829512260561,0.0760982356431079,0.7851066965449743,2.303112659610247,1.3120020859391828,2.301449954464552,0.0471286215796454,51205711500.0,49894517500.0,70.20289595775135,63.54043488080052,186.36319846558672,254.27659178261777,8.407743111017119,8.407743111017119,61.9133930033901,155.9754460168747,181.59110760910312,247.7654833199257,0.0035611066550652,0.0039327253562329,0.0204777955254778,0.0172221584702056,-4.0989286841916055,2.9997511321948918,0.0,1.506797404976172,0.0,0.0,0.0,0.0786758756930346,0.3621804073436247,0.2670847239257105,0.0910623966962659,1.1123321308394216,0.0,1.8889697447704803,0.0276229655937076,0.0394794358317627,0.4829377165767924,1952601000.0,3471938000.0,1782126000.0,5257389000.0,424305500.0,74104000.0,0.0,51.71072224510967,45.83257489450805,0.0,1.7404514207594806,1.963668857949859,0.0,0.0299408699467218,0.0277312766174531,2004-10-20,0.14,bmo,805900000.0,2025-04-24,2004-09-30,0.0,17.67296875,48023552.484375
2004-06-30,EBAY,USD,1065088,2004-08-04,2004-08-03 21:42:32,2004,Q2,773412000.0,146531000.0,626881000.0,0.8105395313,59978000,0.0,0.0,292090000.0,274813000.0,626881000.0,773412000.0,0.0,0.0,60252000.0,314110000.0,0.4061354104,253858000.0,0.3282312661,20396000.0,274254000.0,0.3546027214,81598000.0,190395000.0,0.2461753891,0.14,0.14,1316138000,1364842000,https://www.sec.gov/Archives/edgar/data/1065088/000089161804001174/0000891618-04-001174-index.htm,https://www.sec.gov/Archives/edgar/data/1065088/000089161804001174/f00487e10vq.htm,0.5876374665878502,0.1446618819607062,0.1999030496802007,0.1500199827069805,1.624173908815033,4.437084105162224,2.8344375741753525,4.403858106064866,0.0950971706614351,25467270300.0,24003718300.0,33.44004608839518,32.92846542334487,96.79692246294186,128.98281716106095,4.393874537726759,4.393874537726759,31.03613378121881,76.41819203463754,91.23420106423411,121.57043814289403,0.0074760662511992,0.0077529706825312,0.0215940587482757,0.018318485906397,-4.659361370220624,3.21954601902698,0.0,1.3818640195383285,0.0,0.0,0.0,0.0775498699270246,0.3087164180240401,0.2495362979855568,0.084887485583363,1.0896401779194052,0.0,3.786038039164852,0.029428438620544,0.0403106542544418,1.089660050845732,1991026000.0,3730511000.0,1895386000.0,4739470000.0,376644500.0,87837000.0,70607000.0,44.869435695334445,41.88506186404242,0.0,2.005819743557824,2.148737425579963,0.0,0.0328488971435029,0.0498830669732201,2004-07-21,0.14,bmo,773400000.0,2025-04-24,2004-06-30,0.0,17.346129032258066,41106441.48387097
2004-03-31,EBAY,USD,1065088,2004-05-10,2004-05-07 18:40:29,2004,Q1,756239000.0,134358000.0,621881000.0,0.8223339447,52698000,0.0,0.0,283326000.0,285857000.0,621881000.0,756239000.0,0.0,0.0,56241000.0,322989000.0,0.4270991049,266748000.0,0.3527297587,21168000.0,287916000.0,0.3807209097,85756000.0,200100000.0,0.26459889,0.16,0.15,1305002000,1347596000,https://www.sec.gov/Archives/edgar/data/1065088/000095013404006993/0000950134-04-006993-index.htm,https://www.sec.gov/Archives/edgar/data/1065088/000095013404006993/f98560e10vq.htm,0.5794925984787763,0.1533330983400791,0.2806470794680774,0.2263084654276392,1.471557131713208,4.134943854492177,2.616289476950993,4.10316689169825,0.096680311601055,19026929160.0,17651389160.0,23.77177556221889,25.15994171154886,51.95136905623285,64.42534075094893,3.553352906385321,3.553352906385321,23.34101938672827,54.65012480301187,48.195577168288985,59.76775084396258,0.010516673411528,0.0155218426219231,0.0235623639381239,0.0195359544991008,-4.258782806844815,2.777326793186128,0.0,1.8303098450774613,0.0,0.0,0.0,0.0696843193752239,0.3068707819429609,0.1936190255157067,0.0937692978013564,1.2608595153002258,0.0007352173056401,3.762433266050949,0.0332917884048108,0.0447011090834396,0.9230903477542564,1701195000.0,3414263000.0,1596224000.0,4311128000.0,296788000.0,86056500.0,70607000.0,43.76057040168518,71.99571294600992,94.59250658687982,2.0566459525978704,1.2500744324525492,0.9514495729885138,0.0373694520323584,0.0543386140404382,2004-04-21,0.13,bmo,614412500.0,2025-04-24,2004-03-31,0.2307692307692307,14.180483870967745,34327622.37096774
2003-12-31,EBAY,USD,1065088,2004-03-08,2004-03-05 19:41:45,2003,Q4,648393000.0,115457000.0,532936000.0,0.8219336113,46427000,0.0,0.0,268770000.0,217739000.0,532936000.0,648393000.0,0.0,0.0,40386000.0,243528000.0,0.3755870282,203142000.0,0.3133007297,8405000.0,211547000.0,0.326263547,67040000.0,142462000.0,0.219715512,0.11,0.11,1293400000,1305002000,https://www.sec.gov/Archives/edgar/data/1065088/000089161804000676/0000891618-04-000676-index.htm,https://www.sec.gov/Archives/edgar/data/1065088/000089161804000676/f96707ore10vk.htm,0.5013089531467451,0.1101453533323024,0.2067558373279727,0.132712231328282,1.331443482294727,3.816027524354415,2.2748430493273544,3.785558991804546,0.0984351322096799,17590240000.0,16336043000.0,30.86830172256461,27.12897887546596,65.77807028696647,102.47736673463444,3.5926002023592787,3.5926002023592787,25.19466280481128,67.08075868072665,61.08804568129296,95.17065540343722,0.0080989230391398,0.0097582523035501,0.0260027996982175,0.0218750977211177,-5.150114155251141,3.315250372329578,0.0,1.8771181086886328,0.0,0.0,0.0,0.0716031789362315,0.3424952071550242,0.3581209940991257,0.147700545810951,2.3713167929480514,0.0091811601914271,3.062946128490214,0.0268109875276359,0.0372277792789002,0.7785744935828051,1498606000.0,2942282000.0,1261398000.0,4093759000.0,239790000.0,59608500.0,0.0,31.35195784038384,50.38213360818313,0.0,2.8706341230171204,1.786347531446784,0.0,0.0290961925493061,0.0740436059996907,2004-01-21,0.11,bmo,589448181.0,2025-04-24,2003-12-31,0.0909090909090908,12.0153125,41314642.8125
2003-09-30,EBAY,USD,1065088,2003-11-12,2003-11-12 16:51:56,2003,Q3,530942000.0,109353000.0,421589000.0,0.7940396503,39737000,0.0,0.0,210646000.0,171206000.0,421589000.0,530942000.0,0.0,0.0,44319000.0,200191000.0,0.3770487172,155872000.0,0.2935763228,5539000.0,161411000.0,0.3040087241,51137000.0,103250000.0,0.1944656855,0.08,0.08,1285458000,1324462000,https://www.sec.gov/Archives/edgar/data/1065088/000089161803005864/0000891618-03-005864-index.htm,https://www.sec.gov/Archives/edgar/data/1065088/000089161803005864/f94352ore10vq.htm,0.4130372209749365,0.0803215663211089,0.1618201450377997,0.1309914442945627,1.359546558502884,3.611073251712619,2.121566787868604,3.572545349595241,0.10699688360102,14512820819.999998,13066485819.999998,35.14000198547215,27.33409830075601,69.76881646820149,86.18883516248573,3.1602118084460766,3.1602118084460766,24.610006027023665,65.27009615816894,62.81571738304817,77.59933140916,0.0071143991427022,0.0116024308498284,0.0299497621809454,0.025004117662244,-7.224775339550729,3.4730432722522564,0.0,2.0146537530266344,0.0,0.0,0.0,0.0748424498344452,0.3480829873466875,0.1905121314533226,0.0746390377856715,0.8941763126424332,0.0,2.5409505820136244,0.0217483557830895,0.0287925586085427,0.8394756965999667,1503180000.0,2727185000.0,1252195000.0,3952502000.0,250696500.0,59625000.0,0.0,43.00622290193655,44.92387040136073,0.0,2.092720400143472,2.003389271581416,0.0,0.0224830081807664,0.030828700743237,2003-10-16,0.09,bmo,530900000.0,2025-04-24,2003-09-30,0.0,11.42265625,58141363.734375
2003-06-30,EBAY,USD,1065088,2003-08-11,2003-08-11 08:33:56,2003,Q2,509269000.0,99150000.0,410119000.0,0.8053091784,38819000,0.0,0.0,204092000.0,167208000.0,410119000.0,509269000.0,0.0,0.0,40006000.0,162089000.0,0.3182777668,122083000.0,0.239722033,10872000.0,132955000.0,0.2610702792,39543000.0,91868000.0,0.180391895,0.035,0.035,2546720000,2624588000,https://www.sec.gov/Archives/edgar/data/1065088/000089161803004232/0000891618-03-004232-index.htm,https://www.sec.gov/Archives/edgar/data/1065088/000089161803004232/f92035e10vq.htm,0.1999705503549664,0.036073066532638,0.0819414776653892,0.008875337689263,0.6529551737136395,1.7186109976754411,1.0334524407865804,1.7013248413645787,0.0062708110824904,27861116800.0,26485529800.0,75.81833935646797,54.708055664098936,133.50991844049798,1232.6291554218467,6.43028287956189,6.43028287956189,52.00695467424877,163.40115492106187,126.91813285285744,1171.7705525815156,0.0032973552589248,0.0008112740118156,0.0036858399583825,0.0031667790010626,-8.486615377971361,3.762526455746836,0.0,2.2715417773326947,0.0,0.0,0.0,0.0762249420247452,0.3460071913842988,0.8916868728495989,0.3653845021000689,4.651277308403739,0.0,1.1751042908669522,0.0190013609238703,0.027855061987731,0.4643223440346799,1471026000.0,2631914000.0,1337361000.0,3619228000.0,244416000.0,59352500.0,0.0,43.77168058530953,58.6983358547655,0.0,2.0561239321070395,1.53326322951783,0.0,0.0212029270692979,0.0730661399761261,2003-07-24,0.09,bmo,572962500.0,2025-04-24,2003-06-30,-0.111111111111111,10.106031746031745,65096377.03174603
2003-03-31,EBAY,USD,1065088,2003-05-15,2003-05-14 20:25:13,2003,Q1,476492000.0,92098000.0,384394000.0,0.8067165871,34332000,0.0,0.0,186760000.0,163302000.0,384394000.0,476492000.0,0.0,0.0,34292000.0,182436000.0,0.3828731647,148144000.0,0.3109055346,7443000.0,155587000.0,0.3265259438,49018000.0,104191000.0,0.2186626428,0.0825,0.08,1254632000,1285036000,https://www.sec.gov/Archives/edgar/data/1065088/000089161803002565/0000891618-03-002565-index.htm,https://www.sec.gov/Archives/edgar/data/1065088/000089161803002565/f90120e10vq.htm,0.3797862640200473,0.0830450681952955,0.151443610556721,0.1164468943881552,1.3364086042759948,3.1623838703301046,1.7766317135223717,3.128559609510996,0.0131209789005859,11266595360.0,9728639360.0,27.033513835168105,23.644878319048377,59.29599781059546,77.11669810675026,2.870330478185648,2.870330478185648,20.417214475793926,53.32631366616238,51.20174815532141,66.58981888869116,0.0092477804226386,0.0129673601768547,0.0041939360403098,0.0035998447400215,-8.430112477800433,4.331832506910757,0.0,1.82363159965832,0.0,0.0,0.0,0.0720515769414806,0.3801921068888415,0.2310874393440207,0.0921484516004466,1.2804152572028462,0.004768180787925,2.4178001443067982,0.0246800241885178,0.0367598962166495,0.9980735386950118,1548819000.0,2229019000.0,1408327000.0,3529228000.0,186300500.0,50731500.0,0.0,45.54813092349924,52.80798714412908,0.0,1.975931792923848,1.7042876441088843,0.0,0.0265441860026684,0.0349967161685657,2003-04-22,0.08,bmo,423555555.0,2025-04-24,2003-03-31,0.1249999999999999,8.187377049180329,61981300.55737705
2002-12-31,EBAY,USD,1065088,2003-03-31,2003-03-31 08:17:45,2002,Q4,413928000.0,82664000.0,331264000.0,0.8002937709,31820000,0.0,0.0,172078000.0,127366000.0,331264000.0,413928000.0,0.0,0.0,27289000.0,141212000.0,0.3411511181,113923000.0,0.2752241936,24033000.0,137956000.0,0.3332850158,48935000.0,86996000.0,0.2101718173,0.0693,0.0693,1245108000,1254632000,https://www.sec.gov/Archives/edgar/data/1065088/000089161803001538/0000891618-03-001538-index.htm,https://www.sec.gov/Archives/edgar/data/1065088/000089161803001538/f88540e10vk.htm,0.3324434506886149,0.0698702441876528,0.1468643683921394,0.1113252826260854,0.9629710836329056,2.88304709310357,1.4892009367862065,2.8563570389074684,0.0134671048615863,8890071120.0,7797526120.0,25.547355970389443,21.47733692816142,48.616285067427896,64.13637433988399,2.499687505008473,2.499687505008473,18.83788030768636,55.218580007364814,42.64158830156074,56.25433670966439,0.0097857484856656,0.0155917762781632,0.0047147834385358,0.0040655176794738,-7.736913293487806,3.802088943203944,0.0,2.101958710745321,0.0,0.0,0.0,0.0768732726464506,0.42078132228247,0.2419857597532565,0.106902649736186,1.621532485616915,0.0074674822674474,2.119061864458109,0.0196495913599815,0.0364159224430765,0.6126807875300777,1082234000.0,1854216000.0,933719000.0,3035751000.0,134915500.0,40060500.0,0.0,28.5817098625848,51.63263331075196,0.0,3.1488668953922696,1.7430836707152495,0.0,0.024461313216774,0.035539085766054,2003-01-16,0.06,bmo,344939999.0,2025-04-24,2002-12-31,0.1666666666666668,6.728125,62577350.984375
2002-09-30,EBAY,USD,1065088,2002-11-14,2002-11-14 17:26:55,2002,Q3,288779000.0,45374000.0,243405000.0,0.8428763864,24163000,0.0,0.0,127360000.0,91882000.0,243405000.0,288779000.0,0.0,0.0,17762000.0,107879000.0,0.3735694077,90117000.0,0.3120621652,6079000.0,96196000.0,0.3331128649,34314000.0,61003000.0,0.211244585,0.055,0.0525,1129068000,1146364000,https://www.sec.gov/Archives/edgar/data/1065088/000089161802005206/0000891618-02-005206-index.htm,https://www.sec.gov/Archives/edgar/data/1065088/000089161802005206/f85887e10vq.htm,0.2557675888431874,0.0540295181512539,0.099133090301027,0.081240456730684,0.7493375066869312,1.6425786577956332,1.412797989137944,1.6149160192300198,0.008388334449298,6277618080.0,5538466080.0,25.726677704375195,21.73848541618331,56.08621685369165,68.4388077535268,3.442903490827323,3.442903490827323,19.178908715661457,51.339612714244666,49.48240011435923,60.38054728212284,0.009717539235837,0.0146115929371733,0.0051942852441933,0.0045521288688409,-6.851676415243004,5.339829806384306,0.0,1.8347950100814712,0.0,0.0,0.0,0.0836729817611391,0.1246959359597032,0.1804910299478236,0.0699566104183476,1.1373719175768495,0.0,1.401140793571128,0.0307519399661598,0.0334973892540168,0.6411079757817952,848619000.0,1595145000.0,818179000.0,1273047000.0,133573500.0,34614000.0,0.0,43.126473877948186,64.85498302992903,0.0,2.0868851985142145,1.387711410832798,0.0,0.0334565497573148,0.0178926335703429,2002-10-17,0.05,bmo,240666666.0,2025-04-24,2002-09-30,0.1999999999999999,6.05578125,82401542.375
2002-06-30,EBAY,USD,1065088,2002-08-06,2002-08-06 16:42:08,2002,Q2,266287000.0,44561000.0,221726000.0,0.8326579968,24346000,0.0,0.0,116400000.0,80980000.0,221726000.0,266287000.0,0.0,0.0,17601000.0,97042000.0,0.364426352,79441000.0,0.2983284952,8303000.0,87744000.0,0.3295091386,33286000.0,54308000.0,0.2039453672,0.0475,0.0475,1122828000,1141664000,https://www.sec.gov/Archives/edgar/data/1065088/000089161802003551/0000891618-02-003551-index.htm,https://www.sec.gov/Archives/edgar/data/1065088/000089161802003551/f83131e10vq.htm,0.2371574274955736,0.0483671586387229,0.0826840798412579,0.0268215612720737,0.6577303024149737,1.5377003423498523,1.3025975483333154,1.5105635057194868,0.0220710562971354,6916620480.0,6324535480.0,31.83978640347647,25.97430772061723,74.50043601895736,229.66597423296585,4.077948379314228,4.077948379314228,23.750823284651524,65.17317738711074,68.12295863851789,210.0058268030283,0.0078518114673251,0.0043541495571548,0.0146111409507559,0.0125795485636462,-6.101327260361493,4.397249801848786,0.0,1.7095087279958754,0.0,0.0,0.0,0.0914276701453694,0.13399843555126,0.6756139595002154,0.2355503648319294,3.5636611556161584,0.0,1.2821417457081323,0.0278278815861602,0.0318327263732508,0.5269237585810115,724365000.0,1462593000.0,694136000.0,1175400000.0,124840500.0,35075000.0,0.0,43.52150123738673,73.78178227598123,0.0,2.067943371463629,1.2198133092442036,0.0,0.0320192818478594,0.0558625185691842,2002-07-08,0.04597,bmo,213039999.0,2025-04-24,2002-06-30,0.0876658690450295,5.85390625,58235701.125
2002-03-31,EBAY,USD,1065088,2002-05-10,2002-05-09 21:05:37,2002,Q1,245106000.0,41277000.0,203829000.0,0.8315953098,24307000,0.0,0.0,105597000.0,73925000.0,203829000.0,245106000.0,0.0,0.0,13924000.0,84640000.0,0.345319984,70716000.0,0.2885119091,5521000.0,76237000.0,0.3110368575,29411000.0,47584000.0,0.1941364144,0.0425,0.0425,1113328000,1139564000,https://www.sec.gov/Archives/edgar/data/1065088/000089161802002255/0000891618-02-002255-index.htm,https://www.sec.gov/Archives/edgar/data/1065088/000089161802002255/f81188e10-q.htm,0.2201561444605722,0.0427403245045485,0.0828803371513157,0.0725563355992124,0.6555004455111162,1.399351314257793,1.1907892373137117,1.3721068723682508,0.0222962145926447,6613168320.0,6061140320.0,34.744705783456624,26.98085040757876,71.66959262189373,81.86741999777169,4.3291088468550445,4.3291088468550445,24.728649319070115,71.61082608695652,65.68704084618469,75.03361418190372,0.0071953408256815,0.0122148713129987,0.0162496195024237,0.0138752407750861,-6.522069943289225,4.501569443551935,0.0,1.939160221923336,0.0,0.0,0.0,0.0991693389798699,0.1297910469118743,0.1245651490685249,0.0468939968829812,0.8254811835679402,0.0037249190146304,1.148693428225588,0.0271169576951013,0.0305649479450365,0.5293983444232068,708371000.0,1325739000.0,679595000.0,1082956000.0,111307500.0,33427000.0,0.0,44.39744437100683,73.30256559342976,0.0,2.027143707820564,1.227787858056456,0.0,0.0311494136245953,0.0103240015521032,2002-04-18,0.04477,bmo,196079999.0,2025-04-24,2002-03-31,0.1168192986374805,6.186833333333333,57647773.96666667
2001-12-31,EBAY,USD,1065088,2002-03-25,2002-03-25 00:00:00,2001,Q4,219401000.0,39989000.0,179412000.0,0.8177355618,21723000,0.0,0.0,102800000.0,54889000.0,179412000.0,219401000.0,0.0,0.0,27632000.0,69250000.0,0.3156321074,41618000.0,0.1896891992,6464000.0,48082000.0,0.2191512345,24038000.0,25935000.0,0.1182082124,0.0233,0.0233,1098144000,1113328000,https://www.sec.gov/Archives/edgar/data/1065088/000089161802001364/0000891618-02-001364-index.htm,https://www.sec.gov/Archives/edgar/data/1065088/000089161802001364/f79949e10-k.htm,0.1997925590815047,0.0236171212518576,0.0762040315295626,0.0636892793659119,0.6587651528397004,1.335789295392954,1.1549031820963371,1.3014122009499665,0.0256059314625404,7730933760.0,7235083760.0,74.52220705610179,35.23654750889923,92.38356368677032,110.53665656276809,5.409508221039536,5.409508221039536,32.976530462486494,104.4777438267148,86.45822640201713,103.44700829282242,0.0033547047232752,0.0090467726372034,0.0196754966980095,0.0167521681186324,-7.16028880866426,4.906239070939663,0.0,3.22664353190669,0.0,0.0,0.0,0.0990104876459086,0.1183411189201973,0.1642269039111886,0.0626387299966727,0.4973581354950782,0.0325477094452623,0.8315955864125617,0.0137415536133615,0.0175249511788038,0.5355001256665792,703666000.0,1268250000.0,672165000.0,1044654000.0,99817000.0,31987000.0,0.0,41.71936317519063,74.79931981294855,0.0,2.157271663569413,1.203219497517677,0.0,0.0181473027797175,0.0125147521636506,2002-01-15,0.03609,bmo,219400999.0,2025-04-24,2001-12-31,0.1083402604599613,6.360625,77615673.953125
2001-09-30,EBAY,USD,1065088,2001-11-14,2001-11-14 00:00:00,2001,Q3,194425000.0,34953000.0,159472000.0,0.8202237367,20177000,0.0,0.0,93873000.0,45422000.0,159472000.0,194425000.0,0.0,0.0,23560000.0,56209000.0,0.2891037675,32649000.0,0.1679259355,2520000.0,35169000.0,0.1808872316,19268000.0,18838000.0,0.0968908319,0.0175,0.0175,1084944000,1129268000,https://www.sec.gov/Archives/edgar/data/1065088/000089161801502192/0000891618-01-502192-index.htm,https://www.sec.gov/Archives/edgar/data/1065088/000089161801502192/f77006e10-q.txt,0.1792027975637452,0.017363108141987,0.0566609889542686,0.0431893259006916,0.6000798197879338,1.2447573330973765,1.0484992773820585,1.2081517571413825,0.0258114704537745,5359623360.0,4963898360.0,71.12781823972821,27.56653393339334,87.18520610339331,114.38011353450852,4.088890299417827,4.088890299417827,25.531173254468303,88.3114511910904,80.74793180856948,105.93491741004738,0.0035147992190257,0.0087427785224072,0.0213644273587345,0.0180833484544497,-7.040242665765269,4.821317882488712,0.0,3.2632975899777046,0.0,0.0,0.0,0.1037778063520637,0.1374971183780003,0.2377590526076064,0.0751755175517551,0.6203735144312393,0.0,0.6870142402101238,0.0105707348511379,0.0141036986459311,0.4851736587326166,642375000.0,1137563000.0,612363000.0,998149000.0,100824000.0,35425000.0,0.0,45.33259611675453,79.14942923354218,0.0,1.9853264032839448,1.1370896906210353,0.0,0.0143716284310756,0.0134716630535769,2001-10-18,0.02671,bmo,194400000.0,2025-04-24,2001-09-30,0.1231748408835641,6.178135593220339,67747701.03389831
2001-06-30,EBAY,USD,1065088,2001-08-14,2001-08-14 00:00:00,2001,Q2,180905000.0,32872000.0,148033000.0,0.8182913684,17651000,0.0,0.0,85721000.0,44661000.0,148033000.0,180905000.0,0.0,0.0,23542000.0,58996000.0,0.3261159172,35454000.0,0.1959813162,9188000.0,44642000.0,0.2467704044,21276000.0,24608000.0,0.1360271966,0.0225,0.0225,1068300000,1134328000,https://www.sec.gov/Archives/edgar/data/1065088/000109581101504152/0001095811-01-504152-index.htm,https://www.sec.gov/Archives/edgar/data/1065088/000109581101504152/f74902e10-q.txt,0.1693391369465506,0.0230347280726387,0.0650631844987363,0.0478919779088271,0.6423645043527099,1.1912543293082467,0.9914836656369932,1.1499428999344754,0.0247851727042965,7702443000.0,7289156000.0,78.25141214239272,42.577280893286535,110.81535672666062,150.5471336708168,6.2698765307484665,6.2698765307484665,40.29272822752273,123.55339345040342,104.86938006243976,142.46928444383636,0.0031948305232508,0.0066424379901285,0.0215533942648011,0.0179431941162478,-7.005339345040341,4.801158888188125,0.0,2.824569245773732,0.0,0.0,0.0,0.0975705480777203,0.1446237167580271,0.2639158645891781,0.1014012879688234,0.7792031263274148,0.0,0.7720064734046449,0.0141309209059032,0.0194954691731062,0.525120050547599,675025000.0,1059202000.0,649569000.0,1030187000.0,89605500.0,30753000.0,7951000.0,51.599071335783975,109.81960330980776,0.0,1.744217437835649,0.8195258158609857,0.0,0.0200311929174494,0.0171712065899092,2001-07-20,0.0226,bmo,120600000.0,2025-04-24,2001-06-30,0.3274336283185841,5.814920634920634,59379308.53968254
2001-03-31,EBAY,USD,1065088,2001-05-15,2001-05-15 00:00:00,2001,Q1,154090000.0,27002000.0,127088000.0,0.8247647479,15737000,0.0,0.0,76864000.0,34487000.0,127088000.0,154090000.0,0.0,0.0,14998000.0,45703000.0,0.29659939,30705000.0,0.1992666623,5789000.0,36494000.0,0.2368356155,15427000.0,21067000.0,0.1367188007,0.02,0.02,1057116000,1114928000,https://www.sec.gov/Archives/edgar/data/1065088/000109581101502243/0001095811-01-502243-index.htm,https://www.sec.gov/Archives/edgar/data/1065088/000109581101502243/f72456e10-q.txt,0.1457645140173831,0.0199287495412045,0.0354246837622361,0.0252867235005429,0.5563258904415409,1.0288284351007837,0.9233092678570752,0.9878499615936188,0.0393457293239341,4027611960.0,3754941960.0,47.79527175202925,26.13804893244208,107.55212454603718,150.6719524147993,3.856861009392189,3.856861009392189,24.36849866960867,82.15963853576352,100.27082781456954,140.47143616026335,0.0052306429242006,0.0066369353019797,0.0398296612376852,0.0330883376596721,-5.9661291381309765,5.120700641354185,0.0,1.7775668106517302,0.0,0.0,0.0,0.1021286261275877,0.0887378095493421,0.2861835077974792,0.069550262833409,0.7145619415922123,0.0,0.6655440072226441,0.0155089257422454,0.0183913685318769,0.4571253296705376,594955000.0,976045000.0,569899000.0,839780000.0,71328500.0,26560000.0,7951000.0,44.09410085015251,71.31138434190059,53.00274053773794,2.041089358094683,1.2620705772376724,1.698025405609357,0.0201738627484027,0.0101379602616931,2001-04-19,0.02048,bmo,154100000.0,2025-04-24,2001-03-31,-0.0234375,4.394354838709678,52037998.96774194
2000-12-31,EBAY,USD,1065088,2001-03-28,2001-03-28 00:00:00,2000,Q4,134008000.0,13308000.0,120700000.0,0.900692496,14142000,0.0,0.0,67923000.0,38635000.0,120700000.0,134008000.0,0.0,0.0,11200000.0,38050000.0,0.2839382723,26850000.0,0.2003611725,12923000.0,39773000.0,0.2967957137,15910000.0,23863000.0,0.1780714584,0.0226,0.0226,1039576000,1057116000,https://www.sec.gov/Archives/edgar/data/1065088/000109581101001836/0001095811-01-001836-index.htm,https://www.sec.gov/Archives/edgar/data/1065088/000109581101001836/f70837e10-k.txt,0.1289064003016614,0.0229545507014398,0.0331529392752429,0.0201389797378931,0.5348709473862421,0.9879104558012112,0.965498433976929,0.975166798771807,0.025660461572795,3607328720.0,3432131720.0,37.79207056950091,26.91875649214972,104.66643609458872,172.30267099732518,3.558365609217172,3.558365609217172,25.611394245119698,90.20057082785809,99.58310517916728,163.93445357279327,0.006615144294363,0.0058037405584706,0.0263139204545454,0.0225608358571485,-4.604388961892247,4.914538496238413,0.0,1.4442861333445085,0.0,0.0,0.0,0.1055310130738463,0.0197047876231707,0.3925431597272595,0.1009566593039221,1.2079464285714283,0.0,0.7096841577823789,0.0151942638411857,0.020587453757385,0.4338463469722271,538022000.0,1003709000.0,520069000.0,686482000.0,58194500.0,25260500.0,0.0,45.106784669571965,214.55139765554551,0.0,1.9952652502121704,0.4194799054373522,0.0,0.0235391019570707,0.0130139595373498,2001-01-18,0.01573,bmo,134008000.0,2025-04-24,2000-12-31,0.2714558169103623,4.834920634920636,44757177.93650793
2000-09-30,EBAY,USD,1065088,2000-11-09,2000-11-09 00:00:00,2000,Q3,113377000.0,9027000.0,104350000.0,0.9203806769,15783000,0.0,0.0,58478000.0,30089000.0,104350000.0,113377000.0,0.0,0.0,13114000.0,30072000.0,0.2652389815,14923000.0,0.1316228159,10429000.0,25352000.0,0.2236079628,10141000.0,15211000.0,0.1341630137,0.015,0.0125,1022964000,1121188000,https://www.sec.gov/Archives/edgar/data/1065088/000109581100004475/0001095811-00-004475-index.htm,https://www.sec.gov/Archives/edgar/data/1065088/000109581100004475/f66886e10-q.txt,0.1108318572305574,0.0148695359758505,0.0263176416765399,0.0187298868777395,0.4233775577635185,0.9615382359496522,0.9472845574233306,0.9471291267336877,0.0311369706069812,7396029720.0,7297323720.0,121.55725659062522,65.2339515069194,274.72066414085134,386.0140772442589,7.633594824534334,7.633594824534334,64.36335164980552,242.6617358339984,271.054294628928,380.8624070981211,0.0020566439800623,0.0025905790978892,0.0328751061794094,0.0285887127898857,-3.282322426177174,5.137088611326762,0.0,4.109601587543886,0.0,0.0,0.0,0.1392081286327914,0.013087153748252,0.2883143897184458,0.0684618573432001,0.5123770545910621,0.0,0.5629172577157376,0.0087664999663072,0.0138336523989032,0.3318714050543323,420986000.0,969038000.0,392218000.0,557621000.0,47766500.0,22368500.0,0.0,39.07617947202695,187.3978065802592,0.0,2.303193434363954,0.4802617578208129,0.0,0.0156995868421134,0.0075877547988003,2000-10-19,0.0124,bmo,56700000.0,2025-04-24,2000-09-30,0.6129032258064517,6.146825396825397,36161502.61904762
2000-06-30,EBAY,USD,1065088,2000-08-09,2000-08-09 00:00:00,2000,Q2,98152000.0,24204000.0,73948000.0,0.7534028853,13600000,0.0,0.0,57703000.0,2645000.0,73948000.0,98152000.0,0.0,0.0,10562000.0,12033000.0,0.1225955661,1471000.0,0.014986959,10394000.0,11865000.0,0.1208839351,5401000.0,7459000.0,0.0759943761,0.0029,0.0026,3997248000,4487728000,https://www.sec.gov/Archives/edgar/data/1065088/000089161800004293/0000891618-00-004293-index.htm,https://www.sec.gov/Archives/edgar/data/1065088/000089161800004293/e10-q.txt,0.0245548937669116,0.0018660338312759,0.0070636097635173,0.0052916406487663,0.0705853126951342,0.235157038042173,0.2320148762348495,0.2314612453367917,0.0075874701794834,22824286080.0,22718994080.0,764.991489475801,232.54020376558807,808.3685525057552,1079.0604236006052,24.669356598732392,24.669356598732392,231.467459450648,1888.0573489570347,804.6394219939791,1074.0825491679277,0.0003268010212392,0.0009267321626561,0.0327807368721411,0.0283021156832298,-8.750270090584227,3.325534885815954,0.0,2.436151855047455,0.0,0.0,0.0,0.1385605998858912,0.0117206163401815,0.2508588631131574,0.0721635830141005,0.7399707480150439,0.0,0.0985803052065849,0.0008209367525335,0.0070430647671133,0.0463424461029188,258146000.0,927421000.0,237516000.0,394169000.0,40578500.0,26145000.0,0.0,42.46097888988508,96.4588497768964,0.0,2.119593150063705,0.9330403608187812,0.0,0.0080619709297801,0.0017719691147509,2000-07-25,0.00102,bmo,98200000.0,2025-04-24,2000-06-30,0.6274509803921567,7.149047619047619,56758487.49206349
2000-03-31,EBAY,USD,1065088,2000-05-15,2000-05-15 00:00:00,2000,Q1,85887000.0,15051000.0,70836000.0,0.8247581124,12338000,0.0,0.0,56514000.0,1984000.0,70836000.0,85887000.0,0.0,0.0,10315000.0,11123000.0,0.129507376,808000.0,0.0094077101,2224000.0,3032000.0,0.0353021994,1274000.0,1758000.0,0.0204687555,0.0008,0.0007,7765056000,9003008000,https://www.sec.gov/Archives/edgar/data/1065088/000101287000002859/0001012870-00-002859-index.html,https://www.sec.gov/Archives/edgar/data/1065088/000101287000002859/,0.0110607058081744,0.0002263988823776,0.0013555600886844,-0.0013976718261915,0.0444106262723668,0.1187053898902982,0.1172647048520963,0.1167266533557517,0.0036228972463302,71904418560.0,71654220560.0,10225.315494880546,837.1979293723148,6831.1246969409085,-6625.303470008293,79.33063900819626,79.33063900819626,834.2848226157626,6441.986924390902,6807.355173855216,-6602.250120703953,2.444912336691872e-05,-0.0001509364823101,0.0310374463944288,0.0271555410547531,-22.493751685696303,4.4579357268175785,0.0,1.673982188295165,0.0,0.0,0.0,0.1436538707837041,0.0107987003334112,2.031065931977959,0.2489200926799166,2.3062567421790723,0.0,0.0243844753260577,0.0004901628242844,0.0017155052201906,0.0330692399385142,323234000.0,910567000.0,302506000.0,459735000.0,35675000.0,29241000.0,0.0,36.51891438750917,157.5583017739685,0.0,2.464476327116212,0.5712171239895252,0.0,0.0019395645798878,0.002753231914876,2000-04-25,,bmo,,2025-04-24,2000-03-31,,8.715238095238094,60927024.92063492
1999-12-31,EBAY,USD,1065088,2000-03-30,2000-03-30 00:00:00,1999,Q4,73900000.0,5900000.0,68000000.0,0.9201623816,9300000,0.0,0.0,42500000.0,16200000.0,68000000.0,73900000.0,0.0,0.0,15800000.0,16200000.0,0.2192151556,400000.0,0.0054127199,8100000.0,8500000.0,0.1150202977,3600000.0,4900000.0,0.0663058187,0.0026,0.0026,1902816000,1902816000,https://www.sec.gov/Archives/edgar/data/1065088/000101287000001759/0001012870-00-001759-index.html,https://www.sec.gov/Archives/edgar/data/1065088/000101287000001759/,0.0388371760590619,0.0025751307535778,0.0244900190034138,0.0040466340413366,0.2106351849048988,0.4480201974336982,0.4433954728150278,0.4480201974336982,0.014347157055648,12539557440.0,12347157440.0,639.7733387755102,169.6827799729364,269.08921545064374,1628.513953246753,14.709158287390029,14.709158287390029,167.07926170500676,762.170212345679,264.9604600858369,1603.5269402597405,0.0003907633920451,0.0006140567589281,0.0320234604105571,0.0283224400871459,-11.876543209876544,5.177927927927928,0.0,9.510204081632653,0.0,0.0,0.0,0.1258457374830852,0.0091295777570287,0.8347639484978541,0.5263870094722598,2.462025316455696,0.0,0.161116381055123,0.0002588316905334,0.0051303528426342,0.1664769478499234,371000000.0,843700000.0,348400000.0,491600000.0,32050000.0,27466500.0,0.0,44.45196211096076,490.16440677966096,0.0,2.024657534246576,0.1836118631936016,0.0,0.0057478005865102,0.0204433849620772,2000-01-25,,bmo,,2025-04-24,1999-12-31,,7.74265625,70924006.9375
1999-09-30,EBAY,USD,1065088,1999-11-15,1999-11-15 00:00:00,1999,Q3,58500000.0,15600000.0,42900000.0,0.7333333333,6900000,0.0,0.0,39000000.0,-3000000.0,42900000.0,58500000.0,0.0,0.0,1700000.0,-3000000.0,-0.0512820513,-4800000.0,-0.0820512821,7200000.0,2400000.0,0.041025641,1000000.0,1400000.0,0.0239316239,0.0013,0.0013,927840000,1120656000,https://www.sec.gov/Archives/edgar/data/1065088/000101287099004228/0001012870-99-004228-index.html,https://www.sec.gov/Archives/edgar/data/1065088/000101287099004228/,0.0630496637351267,0.0015088808415244,-0.000107777202966,-0.0156276944300741,0.4159122262459044,0.8894852560786343,0.8794619762027935,0.8894852560786343,0.0197232281427832,6884572800.0,6656372800.0,1229.388,117.68500512820512,-68845.728,-474.79812413793104,8.34190330788804,8.34190330788804,113.78415042735044,-2218.790933333333,-66563.728,-459.0601931034483,0.0002033532131434,-0.0021061582789857,0.0221737549981824,0.0201187335092348,76.06666666666666,6.066298342541437,0.0,-0.0769230769230769,1.4525229510246446e-05,0.0714285714285714,0.0,0.1179487179487179,0.0102242744063324,-144.0,0.2461538461538461,8.470588235294118,0.0,0.1737753244525764,-0.0032956685499058,0.0015550372098189,0.3473659251595102,366800000.0,816000000.0,354900000.0,458200000.0,25750000.0,27200000.0,0.0,42.46153846153846,131.53846153846152,0.0,2.119565217391304,0.6842105263157895,0.0,0.001696352841391,0.0155199172271081,1999-10-26,,bmo,,2025-04-24,1999-09-30,,6.44265625,119608425.5625
1999-06-30,EBAY,USD,1065088,1999-08-09,1999-08-09 00:00:00,1999,Q2,49500000.0,5700000.0,43800000.0,0.8848484848,5500000,0.0,0.0,33000000.0,5300000.0,43800000.0,49500000.0,0.0,0.0,4900000.0,5300000.0,0.1070707071,-200000.0,-0.004040404,1600000.0,1400000.0,0.0282828283,600000.0,800000.0,0.0161616162,0.0013,0.0013,854840000,1092912000,https://www.sec.gov/Archives/edgar/data/1065088/000101287099002671/0001012870-99-002671-index.html,https://www.sec.gov/Archives/edgar/data/1065088/000101287099002671/,0.05790557297272,0.0009358476440035,0.0306490103411164,0.003158485798512,0.4066258013195452,0.980534369004726,0.9722287211641945,0.980534369004726,0.0219924196340835,6804526400.0,6475726400.0,2126.4145000000003,137.4651797979798,259.71474809160304,2520.194962962963,8.118022429014555,8.118022429014555,130.82275555555557,1221.8351698113208,247.1651297709924,2398.417185185185,0.0001175687994979,0.0003967946983055,0.0224290145549988,0.0203860333983951,-62.0377358490566,6.531767955801105,0.0,-20.153846153846157,0.0003967946983055,3.375,0.0,0.1111111111111111,0.00769898069833,0.8969465648854962,0.4747474747474747,4.196428571428571,0.0,0.1436895700101287,-0.0001324130625486,0.0008742213965686,0.3293306349726264,400500000.0,831100000.0,388900000.0,479900000.0,18000000.0,17650000.0,0.0,43.45454545454545,498.9473684210526,0.0,2.071129707112971,0.180379746835443,0.0,0.0009544261512765,0.0274905245426044,1999-07-26,,bmo,,2025-04-24,1999-06-30,,9.053492063492063,74435840.8888889
1999-03-31,EBAY,USD,1065088,1999-05-14,1999-05-14 00:00:00,1999,Q1,42800000.0,5300000.0,37500000.0,0.8761682243,2200000,0.0,0.0,24600000.0,10700000.0,37500000.0,42800000.0,0.0,0.0,3000000.0,10700000.0,0.25,7700000.0,0.1799065421,400000.0,8100000.0,0.1892523364,4300000.0,3800000.0,0.0887850467,0.0038,0.0028,1562904000,2117232000,https://www.sec.gov/Archives/edgar/data/1065088/000101287099001558/0001012870-99-001558-index.html,https://www.sec.gov/Archives/edgar/data/1065088/,0.0273849193552515,0.0024313713446251,-0.0039669742991252,-0.0101093861171255,0.0159318806529383,0.0586088460967532,0.0580969784452531,0.0586088460967532,0.000639834564375,11284166880.0,11260266880.0,742.3793999999999,263.6487588785047,-1820.026916129032,-714.1877772151898,123.18959475982533,123.18959475982533,263.0903476635514,1052.3613906542057,-1816.1720774193548,-712.6751189873418,0.0003367550338815,-0.0014001919829813,0.0109170305676855,0.0091157702825888,-2.233644859813084,5.121546961325967,0.0,-1.0508474576271187,0.0001152056694858,0.3421052631578947,0.0,0.0514018691588785,0.0072926162260711,-1.5483870967741935,0.2242990654205607,4.173913043478261,0.0,0.0566237322257795,0.039010212516332,0.0348943985307621,0.0101573737094536,74600000.0,90800000.0,74600000.0,91600000.0,9250000.0,6850000.0,0.0,25.44392523364486,62.83018867924528,0.0,3.5371900826446283,1.4324324324324325,0.0,0.0414847161572052,0.0061424118180003,1999-04-26,,bmo,,2025-04-24,1999-03-31,,5.643934426229508,84471241.52459016
1998-12-31,EBAY,USD,1065088,1999-03-29,1999-03-29 00:00:00,1998,Q4,19500000.0,1800000.0,17700000.0,0.9076923077,1500000,0.0,0.0,12500000.0,3700000.0,17700000.0,19500000.0,0.0,0.0,2100000.0,3700000.0,0.1897435897,1600000.0,0.0820512821,1100000.0,2700000.0,0.1384615385,1200000.0,1500000.0,0.0769230769,0.001,0.001,1520752000,1520752000,https://www.sec.gov/Archives/edgar/data/1065088/000101287099000878/0001012870-99-000878-index.html,https://www.sec.gov/Archives/edgar/data/1065088/,0.0128226035540311,0.0009863541195408,0.0005918124717245,-0.0013808957673572,0.0209107073342662,0.0554988584594989,0.0546440182225635,0.0554988584594989,0.0144665270865992,6432780960.000001,6422980960.000001,1072.13016,329.88620307692315,7147.5344000000005,-3063.229028571429,76.21778388625593,76.21778388625593,329.38363897435903,1735.9408000000003,7136.645511111112,-3058.5623619047624,0.0002331806429174,-0.0003264529000844,0.2606635071090047,0.2378378378378378,-2.6486486486486487,10.425,0.0,0.6,0.0,0.0,0.0,0.0769230769230769,0.014054054054054,3.333333333333333,0.1538461538461538,1.4285714285714286,0.0,0.0350953611265818,0.010043942247332,0.0164473684210526,0.0187407282712763,75400000.0,83100000.0,75300000.0,84500000.0,5200000.0,6700000.0,0.0,29.53846153846154,500.0,0.0,3.046875,0.18,0.0,0.0177725118483412,0.0019727082390817,1999-01-26,,bmo,,2025-04-24,1998-12-31,,2.4075265625,114446958.765625
1998-09-30,EBAY,USD,1065088,1998-11-13,1998-11-13 00:00:00,1998,Q3,21700000.0,3300000.0,18400000.0,0.8479262673,1500000,0.0,0.0,13600000.0,3300000.0,18400000.0,21700000.0,0.0,0.0,-500000.0,3300000.0,0.1520737327,1900000.0,0.0875576037,-200000.0,1700000.0,0.0783410138,1200000.0,500000.0,0.0230414747,0.0007,0.0007,967304000,967304000,https://www.sec.gov/Archives/edgar/data/1065088/000101287098002896/0001012870-98-002896-index.html,https://www.sec.gov/Archives/edgar/data/1065088/,0.0224334852331841,0.0005169005814097,0.0002067602325639,-0.0024811227907669,0.0770181866300563,0.0847716953512029,0.0830142333744097,0.0847716953512029,0.0004135204651278,764402312.96,690302312.96,382.20115648,35.22591303963134,3822.0115648,-318.5009637333333,9.321979426341464,9.321979426341464,31.811166495852536,209.1825190787879,3451.5115648,-287.6259637333333,0.0006541058177386,-0.0031397079251454,0.0048780487804878,0.0044692737430167,-22.454545454545453,11.246575342465754,0.0,0.2857142857142857,0.0,0.0,0.0,0.0691244239631336,0.0189944134078212,13.0,0.1198156682027649,1.8571428571428568,0.0,0.0313993171712045,0.0067736185383244,0.0056947608200455,0.0723660813973683,74800000.0,80300000.0,74600000.0,82200000.0,3400000.0,2600000.0,0.0,16.58986175115207,92.72727272727272,0.0,5.425,0.9705882352941176,0.0,0.0060975609756097,0.0026878830233308,1998-11-13,,amc,,2025-04-24,1998-09-30,,0.8222400000000001,162618217.0
1998-06-30,EBAY,USD,1065088,1998-06-30,1998-06-29 20:00:00,1998,Q2,19500000.0,1300000.0,18200000.0,0.9333333333,1000000,0.0,0.0,10800000.0,6400000.0,18200000.0,19500000.0,0.0,0.0,2200000.0,6400000.0,0.3282051282,4200000.0,0.2153846154,-500000.0,3700000.0,0.1897435897,1000000.0,2700000.0,0.1384615385,0.0001,0.0001,967304000,967304000,,,0.0201591226749811,0.0027912631396127,,,0.0110616724421691,0.0147833566283195,0.0125089940701165,0.0147833566283195,0.0005169005814097,803626490.1600001,793426490.1600001,74.40986020000001,41.211614880000006,0.0,0.0,56.197656654545455,56.197656654545455,40.68853795692308,123.9728890875,0.0,0.0,0.0033597697849189,,0.0349650349650349,0.0252525252525252,-1.59375,2.6923076923076925,0.0,0.0,,,0.0,0.0512820512820512,0.1111111111111111,0.0,,0.0,,0.0304704014548301,0.2056956285144204,0.1534090909090909,0.0075467484885827,8800000.0,12100000.0,8500000.0,14600000.0,,,,12.923076923076923,124.6153846153846,0.0,6.964285714285714,0.7222222222222222,0.0,0.1888111888111888,,1998-10-27,,bmo,,2025-04-24,1998-06-30,,,
1998-03-31,EBAY,USD,1065088,1998-03-31,1998-03-30 19:00:00,1998,Q1,6000000.0,0.0,0.0,0.0,0,0.0,0.0,0.0,6000000.0,6000000.0,6000000.0,0.0,0.0,0.0,6000000.0,1.0,6000000.0,1.0,-6000000.0,0.0,0.0,0.0,100000.0,0.0166666667,0.0,0.0,4544000000,17040000000,,,0.0013204225352112,2.2007042253521128e-05,,,,,,,,3775109760.0,,9437.7744,629.18496,0.0,0.0,0.0,0.0,,,0.0,0.0,2.648929603572639e-05,,0.0,0.0,,0.0,0.0,0.0,,,0.0,0.0,0.0,0.0,,0.0,,,0.0,0.0,,,,,,,,,,0.0,0.0,0.0,0.0,0.0,0.0,,1999-03-29,,amc,,2025-04-24,1998-03-31,,,
