date,symbol,reportedCurrency,cik,fillingDate,acceptedDate,calendarYear,period,revenue,costOfRevenue,grossProfit,grossProfitRatio,researchAndDevelopmentExpenses,generalAndAdministrativeExpenses,sellingAndMarketingExpenses,sellingGeneralAndAdministrativeExpenses,otherExpenses,operatingExpenses,costAndExpenses,interestIncome,interestExpense,depreciationAndAmortization,ebitda,ebitdaratio,operatingIncome,operatingIncomeRatio,totalOtherIncomeExpensesNet,incomeBeforeTax,incomeBeforeTaxRatio,incomeTaxExpense,netIncome,netIncomeRatio,eps,epsdiluted,weightedAverageShsOut,weightedAverageShsOutDil,link,finalLink,revenuePerShare,netIncomePerShare,operatingCashFlowPerShare,freeCashFlowPerShare,cashPerShare,bookValuePerShare,tangibleBookValuePerShare,shareholdersEquityPerShare,interestDebtPerShare,marketCap,enterpriseValue,peRatio,priceToSalesRatio,pocfratio,pfcfRatio,pbRatio,ptbRatio,evToSales,enterpriseValueOverEBITDA,evToOperatingCashFlow,evToFreeCashFlow,earningsYield,freeCashFlowYield,debtToEquity,debtToAssets,netDebtToEBITDA,currentRatio,interestCoverage,incomeQuality,dividendYield,payoutRatio,salesGeneralAndAdministrativeToRevenue,researchAndDdevelopementToRevenue,intangiblesToTotalAssets,capexToOperatingCashFlow,capexToRevenue,capexToDepreciation,stockBasedCompensationToRevenue,grahamNumber,roic,returnOnTangibleAssets,grahamNetNet,workingCapital,tangibleAssetValue,netCurrentAssetValue,investedCapital,averageReceivables,averagePayables,averageInventory,daysSalesOutstanding,daysPayablesOutstanding,daysOfInventoryOnHand,receivablesTurnover,payablesTurnover,inventoryTurnover,roe,capexPerShare,report_date,epsEstimated,time,revenueEstimated,updatedFromDate,fiscalDateEnding,surprise(%),QuarterAvgPrice,QuarterAvgVolume
2025-03-30,ECL,USD,31462,2025-03-30,2025-03-30 18:00:00,2025,Q1,3695000000.0,2055400000.0,1639600000.0,0.4437347767,0,0.0,0.0,1050000000.0,34300000.0,1084300000.0,3139700000.0,0.0,0.0,233850000.0,823450000.0,0.2228552097,555300000.0,0.1502841678,-45300000.0,510000000.0,0.1380243572,103500000.0,402500000.0,0.1089309878,1.42,1.41,283400000,285300000,,,13.038108680310517,1.4202540578687368,0.0,0.0,4.102328863796754,31.41743119266055,-7.725829216654905,31.31898376852505,28.971771347918136,71847568000.0,78895568000.0,44.625818633540376,19.44453802435724,0.0,0.0,8.094770950224206,8.094770950224206,21.35198051420839,95.81100006072016,0.0,0.0,0.0056021381266516,0.0,0.9250546429617612,0.3670952857858215,8.559111057137653,1.3193395817061528,0.0,0.0,0.0025639002840012,0.4576645962732919,0.0,0.0,0.4959761070176693,0.0,0.0,0.0,0.0,31.635748136805432,0.0240921630744462,0.0357041478905723,-33.11106210303458,1471900000.0,-2189500000.0,-7381600000.0,17091600000.0,2942700000.0,1787800000.0,1506050000.0,69.59106901217862,77.31049917291038,67.74739710032111,1.2932693990409856,1.16413683733575,1.328464322647363,0.0453480249667635,0.0,2025-04-29,1.5,bmo,3695643012.0,2025-05-11,2025-03-30,0.0,252.08391666666665,1369505.316666667
2024-12-31,ECL,USD,31462,2025-02-21,2025-02-21 08:04:24,2024,Q4,4005200000.0,2267000000.0,1738200000.0,0.4339858184,0,0.0,0.0,1050000000.0,105400000.0,1155400000.0,3422400000.0,17500000.0,79200000.0,235500000.0,849000000.0,0.2119744332,582800000.0,0.1455108359,-48500000.0,534300000.0,0.1334015779,54800000.0,472900000.0,0.118071507,1.66,1.66,286398985,285700000,https://www.sec.gov/Archives/edgar/data/31462/000155837025001263/0001558370-25-001263-index.htm,https://www.sec.gov/Archives/edgar/data/31462/000155837025001263/ecl-20241231x10k.htm,13.984686433158972,1.6511930026567656,2.6770346270605674,1.421094421825552,4.388283708477529,30.68865624645981,-8.473842880413839,30.57727317015457,29.196681685167285,67109010165.2,74134910165.2,35.477379025798264,16.755470429741337,87.5296858813095,164.8870028628993,7.663207856896532,7.663207856896532,18.50966497683012,87.3202711015312,96.69350484570236,182.1496564255528,0.0070467437805427,0.0060647593966607,0.945805213935802,0.3699648915927425,8.27550058892815,1.2572400267067267,7.358585858585859,1.6212729964051598,0.00240504217843,0.3412983717487841,0.0,0.0,0.5009916115026934,0.4691535150645624,0.0898082492759412,1.5273885350318472,0.006316788175372,33.70462933670808,0.0287207872858067,0.0423301735635579,-32.60530060886913,1232900000.0,-2426900000.0,-7572900000.0,16924600000.0,3029650000.0,1811150000.0,1518650000.0,68.04828722660541,71.85707984119982,58.15659461843847,1.3225902321434468,1.252486187845304,1.5475459075704827,0.0540006623045916,1.255940205235015,2025-02-11,1.81,bmo,3985665326.0,2025-05-11,2024-12-31,0.0,248.60390625,1013917.359375
2024-09-30,ECL,USD,31462,2024-10-31,2024-10-31 16:04:02,2024,Q3,3998500000.0,2260600000.0,1737900000.0,0.4346379892,0,0.0,0.0,1024800000.0,-332600000.0,692200000.0,3288500000.0,0.0,70400000.0,230100000.0,1303300000.0,0.3259472302,1044800000.0,0.2612979867,-57500000.0,987300000.0,0.2469175941,246500000.0,736500000.0,0.1841940728,2.6,2.58,283600000,286000000,https://www.sec.gov/Archives/edgar/data/31462/000155837024014051/0001558370-24-014051-index.htm,https://www.sec.gov/Archives/edgar/data/31462/000155837024014051/ecl-20240930x10q.htm,14.099083215796895,2.5969675599435824,2.7739774330042315,1.9404090267983072,4.446755994358251,30.238011283497883,-9.186530324400564,30.14033850493653,29.534555712270805,72411588000.0,79456088000.0,24.579629327902243,18.109688133049893,92.04472861319437,131.58565873160094,8.471371347013267,8.471371347013267,19.871473802676004,60.96530959871097,100.99922206686158,144.3868580774123,0.0101710240079253,0.0075996123714342,0.971665223800276,0.3757917978788866,5.405125450778792,1.2992503875475143,14.840909090909092,1.0619600431965444,0.0022399729722817,0.2202308214528174,0.0,0.0,0.5058819271003004,0.3004957417058599,0.0591221708140552,60.61538461538461,0.006652494685507,41.966097390850734,0.0431397369544759,0.0674401142773423,-32.45962623413258,1409200000.0,-2605300000.0,-7407800000.0,16823700000.0,3036700000.0,1751500000.0,1539150000.0,68.22308365637114,72.15208351765018,62.60107935946209,1.3192015836357638,1.2473652265077526,1.4376748918850166,0.0861625213505229,0.8335684062059239,2024-10-29,1.82,bmo,4032354945.0,2025-04-25,2024-09-30,0.0054945054945054,244.64875,994093.109375
2024-06-30,ECL,USD,31462,2024-08-02,2024-08-02 08:02:18,2024,Q2,3985800000.0,2241500000.0,1744300000.0,0.4376285815,0,0.0,0.0,1071600000.0,12600000.0,1071600000.0,3313100000.0,1400000.0,80200000.0,235000000.0,917400000.0,0.2301670932,672700000.0,0.1687741482,-66200000.0,590700000.0,0.148201114,95700000.0,490900000.0,0.1231622259,1.72,1.71,284600000,287000000,https://www.sec.gov/Archives/edgar/data/31462/000155837024010647/0001558370-24-010647-index.htm,https://www.sec.gov/Archives/edgar/data/31462/000155837024010647/ecl-20240630x10q.htm,14.0049191848208,1.72487702037948,2.1472241742796907,1.455375966268447,1.34926212227688,29.1914968376669,-10.00702740688686,29.1194659170766,28.79655657062544,67023300000.0,74754600000.0,34.13286820126299,16.815520096342013,109.6764850270005,161.8138580395944,8.087373603301398,8.087373603301398,18.75523107029956,81.48528449967299,122.32793323514971,180.47947851279577,0.0073243185578746,0.0061799404087832,0.9792335352462774,0.3781276500573111,8.427403531720078,1.4950358665141907,8.38778054862843,1.244856386229375,0.0024692905303081,0.3371358728865349,0.0,0.0,0.5198026260611878,0.3222058582883325,0.0494003713181795,0.8378723404255319,0.0090069747603994,33.617238080142755,0.0317548393597874,0.047632909304379,-34.20643007730148,1904700000.0,-2848000000.0,-7401600000.0,17050500000.0,2999150000.0,1648900000.0,1535900000.0,68.69787746500076,67.88445237564132,60.46442114655365,1.3100841440967657,1.32578222038209,1.4884786506408128,0.059234500567126,0.6918482080112438,2024-07-30,1.67,bmo,4034811313.0,2025-04-25,2024-06-30,0.0059880239520958,231.06507936507936,1122623.9206349207
2024-03-31,ECL,USD,31462,2024-05-02,2024-05-02 16:04:09,2024,Q1,3751900000.0,2126500000.0,1625400000.0,0.4332205016,0,0.0,0.0,1078800000.0,12600000.0,1078800000.0,3205300000.0,22900000.0,94500000.0,234800000.0,795500000.0,0.2120259069,546600000.0,0.1456861857,-59000000.0,458900000.0,0.1223113622,42300000.0,412100000.0,0.1098376822,1.44,1.43,285700000,287800000,https://www.sec.gov/Archives/edgar/data/31462/000155837024006535/0001558370-24-006535-index.htm,https://www.sec.gov/Archives/edgar/data/31462/000155837024006535/ecl-20240331x10q.htm,13.132306615330766,1.4424221211060553,2.2730136506825342,1.567728386419321,1.679733986699335,28.7910395519776,-11.548477423871194,28.72103605180259,28.696184809240464,65119601000.0,72743701000.0,39.50473246784761,17.356433007276312,100.2765645210964,145.38870506809556,7.935995052159502,7.935995052159502,19.38849676164077,91.44399874292895,112.01678626424392,162.4105849519982,0.0063283557281009,0.0068781133963029,0.9876182119528129,0.3804962790806864,9.584035197988689,1.4081489286968738,5.784126984126984,1.5758311089541372,0.0026904341751111,0.4251395292404756,0.0,0.0,0.5411179191022842,0.3102864182322143,0.0537061222314027,0.8581771720613288,0.0125269863269276,30.530751697257685,0.0279734864779501,0.0421650381132654,-33.57761638081904,1510600000.0,-3299400000.0,-7861200000.0,17053000000.0,2988500000.0,1586700000.0,1531550000.0,70.90567445827448,68.01739948271809,66.27368916059253,1.2692919246253256,1.323190840644639,1.3580049811609938,0.0502217997465145,0.7052852642632131,2024-04-30,1.34,bmo,3744765361.0,2025-04-25,2024-03-31,0.0,212.04639344262296,1233048.0819672132
2023-12-31,ECL,USD,31462,2024-02-23,2024-02-23 08:04:47,2023,Q4,3938400000.0,2279100000.0,1659300000.0,0.4213132236,192000000,0.0,0.0,1034800000.0,-7400000.0,1042200000.0,3321300000.0,24400000.0,70400000.0,230500000.0,869600000.0,0.220800325,617100000.0,0.1566879951,-52500000.0,537500000.0,0.1364767418,126700000.0,405200000.0,0.1028844201,1.42,1.41,285300000,287100000,https://www.sec.gov/Archives/edgar/data/31462/000155837024001581/0001558370-24-001581-index.htm,https://www.sec.gov/Archives/edgar/data/31462/000155837024001581/ecl-20231231x10k.htm,13.804416403785488,1.420259376095338,2.9880827199439186,2.067648089730109,3.2229232386961093,28.29372590255871,-12.511391517700666,28.19733613739923,30.858044164037857,56589255000.0,64403155000.0,34.9143972112537,14.368590036563072,66.380357771261,95.93025088998137,7.034352430792944,7.034352430792944,16.352619083891934,74.06066582336706,75.54622287390029,109.17639430411934,0.0071603699324191,0.0104242404322163,1.085609158825065,0.3997601457435024,8.985625574977002,1.2987482166689677,8.765625,2.1038993089832183,0.0027337345225697,0.381786771964462,0.0,0.048750761730652,0.5328838354709657,0.3080351906158358,0.0666768230753605,1.1392624728850325,0.005509851716433,30.01781884441633,0.0258327690282419,0.0397064155454732,-34.49167542937259,1298300000.0,-3569500000.0,-8130300000.0,16968100000.0,2922300000.0,1532550000.0,1516600000.0,69.03793418647166,61.85204686060288,59.12333815979992,1.303631127734931,1.4550852327140396,1.522241517499332,0.0503685656394893,0.92043463021381,2024-02-13,1.54,bmo,3932960000.0,2025-04-25,2023-12-31,0.0064935064935064,179.8374603174603,1046105.6031746032
2023-09-30,ECL,USD,31462,2023-11-02,2023-11-02 16:13:04,2023,Q3,3958100000.0,2330500000.0,1627600000.0,0.4112073975,0,0.0,0.0,1024900000.0,14500000.0,1024900000.0,3355400000.0,17000000.0,74300000.0,229400000.0,852500000.0,0.2153811172,566000000.0,0.142997903,-59800000.0,506200000.0,0.127889644,96800000.0,404000000.0,0.1020691746,1.42,1.41,285100000,286900000,https://www.sec.gov/Archives/edgar/data/31462/000155837023017421/0001558370-23-017421-index.htm,https://www.sec.gov/Archives/edgar/data/31462/000155837023017421/ecl-20230930x10q.htm,13.883198877586812,1.417046650298141,2.762890213960014,2.1788846018940724,3.512101017186952,27.437741143458435,-13.34444054717643,27.34408979305507,31.93791652051912,48295940000.0,56325840000.0,29.88610148514852,12.20179884287916,61.31260632220389,77.746200901481,6.195123014956772,6.195123014956772,14.230524746721912,66.07136656891495,71.50671575472896,90.67263361236316,0.0083650923866478,0.0128623648281822,1.1584699453551912,0.4131740636194362,9.419237536656892,1.2584284316922074,7.617765814266488,1.924035173424524,0.0031886738305538,0.3811881188118812,0.0,0.0,0.5319309546575411,0.2113748889171004,0.0420656375533715,0.7258064516129032,0.0037139031353427,29.526710687964485,0.0247362729497016,0.039487445142751,-35.59689582602596,1188900000.0,-3804500000.0,-8246200000.0,16684700000.0,2801800000.0,1487800000.0,1591100000.0,64.20125817942953,57.88114138596868,59.31774297361081,1.4018416858508942,1.5549105951427808,1.5172526041666667,0.0518227763667615,0.5840056120659418,2023-10-31,1.52,bmo,4005780000.0,2025-04-25,2023-09-30,0.0131578947368421,181.86507936507937,1037725.4285714284
2023-06-30,ECL,USD,31462,2023-08-03,2023-08-03 16:05:55,2023,Q2,3852100000.0,2334800000.0,1517300000.0,0.3938890475,0,0.0,0.0,1011600000.0,14400000.0,1011600000.0,3346400000.0,4900000.0,77800000.0,229400000.0,757600000.0,0.1966719452,484700000.0,0.1258274707,-63400000.0,421300000.0,0.1093689157,86600000.0,329700000.0,0.0855896784,1.16,1.15,284900000,286300000,https://www.sec.gov/Archives/edgar/data/31462/000155837023013204/0001558370-23-013204-index.htm,https://www.sec.gov/Archives/edgar/data/31462/000155837023013204/ecl-20230630x10q.htm,13.52088452088452,1.1572481572481572,2.0126360126360128,1.408915408915409,1.9452439452439447,26.607581607581608,-14.476658476658477,26.524043524043524,31.711828711828712,53187981000.0,61590681000.0,40.33058917197452,13.807528620752317,92.75894837809555,132.50618086696562,7.038519591885347,7.038519591885347,15.988858285091249,81.29709741288279,107.41311649808162,153.43966367713006,0.006198768853437,0.0075468177669688,1.1852925218680113,0.4174504339072156,11.091209081309398,1.216899832120873,6.230077120822622,1.7131759784881984,0.0028371071276422,0.4576888080072793,0.0,0.0,0.5455253027097063,0.2999651203348448,0.0446509696009968,0.7497820401046208,0.0070870434308558,26.279940278600503,0.0211335383043153,0.0338108764985181,-36.5508073008073,969000000.0,-4124400000.0,-8439200000.0,16447200000.0,2723950000.0,1473350000.0,1686750000.0,64.95392123776641,56.92650334075723,63.45639883501799,1.3855976403726484,1.5809859154929575,1.4182966832705626,0.0436301560204851,0.6037206037206038,2023-08-01,1.21,bmo,3860220000.0,2025-04-25,2023-06-30,0.024793388429752,172.11016129032257,1034668.3064516129
2023-03-31,ECL,USD,31462,2023-05-04,2023-05-04 16:05:12,2023,Q1,3571600000.0,2205200000.0,1366400000.0,0.3825736365,0,0.0,0.0,990300000.0,13100000.0,990300000.0,3195500000.0,5900000.0,74200000.0,234300000.0,627300000.0,0.1756355695,351600000.0,0.0984432747,-61100000.0,290500000.0,0.0813360959,52400000.0,233400000.0,0.0653488633,0.82,0.82,284600000,285900000,https://www.sec.gov/Archives/edgar/data/31462/000155837023008089/0001558370-23-008089-index.htm,https://www.sec.gov/Archives/edgar/data/31462/000155837023008089/ecl-20230331x10q.htm,12.549543218552357,0.8200983836964161,0.6964160224877021,0.0860857343640196,1.4736472241742795,25.878425860857345,-15.158116654954322,25.80534082923401,31.75474349964863,47109838000.0,55653638000.0,50.46040916880891,13.19012151416732,237.688385469223,1922.850530612245,6.414563601209117,6.414563601209117,15.582270691006832,88.71933365216005,280.7953481331988,2271.5770612244896,0.0049543791681049,0.0005200612237299,1.220446066283598,0.4217678752088087,13.619958552526702,1.174447612259444,4.738544474393531,0.8324233515329693,0.003347496121723,0.6756640959725793,0.0,0.0,0.5495612074441805,0.8763874873864783,0.0486336655840519,0.7413572343149808,0.0087915780042557,21.82122044840237,0.0160246261310389,0.0243823452598589,-37.254392129304286,783200000.0,-4314000000.0,-8613700000.0,16205500000.0,2775000000.0,1599050000.0,1760050000.0,67.22533318400716,59.99047705423544,70.49564665336477,1.3387810180673214,1.500238111436152,1.2766745788224396,0.0317801802783148,0.6103302881236824,2023-05-02,0.86,bmo,3475560000.0,2025-04-25,2023-03-31,0.0232558139534883,155.84080645161288,1176577.1935483871
2022-12-31,ECL,USD,31462,2023-02-24,2023-02-24 08:08:42,2022,Q4,3671200000.0,2254900000.0,1416300000.0,0.3857866638,0,0.0,0.0,922100000.0,95000000.0,1017100000.0,3272000000.0,3500000.0,73000000.0,236500000.0,631100000.0,0.1719056439,399200000.0,0.1087382872,-77600000.0,321600000.0,0.0876007845,52100000.0,264400000.0,0.0720200479,0.93,0.93,284600000,285800000,https://www.sec.gov/Archives/edgar/data/31462/000155837023001969/0001558370-23-001969-index.htm,https://www.sec.gov/Archives/edgar/data/31462/000155837023001969/ecl-20221231x10k.htm,12.89950808151792,0.9290231904427266,3.0189739985945185,2.3063949402670416,2.103302881236824,25.50456781447646,-15.58257203092059,25.425509486999296,31.972944483485595,41426376000.0,49854276000.0,39.17017397881997,11.284151231205056,48.21505586592179,63.11148080438757,5.724959024889098,5.724959024889098,13.579831117890608,78.99584218032008,58.02406424581005,75.95106032906764,0.0063824071890816,0.0158449776055718,1.247426099694587,0.4205354938199708,13.354302012359373,1.3049116473494204,5.468493150684932,3.1881261595547308,0.0038091673768422,0.596822995461422,0.0,0.0,0.5447836640374948,0.2360335195530726,0.0552407932011331,0.8575052854122621,0.0056112442797995,23.05363265735983,0.018722952374739,0.0270599433010265,-37.06623330990865,1283800000.0,-4434800000.0,-8711500000.0,16718800000.0,2798250000.0,1656300000.0,1797750000.0,70.65755066463282,68.9777817198102,71.55616657057963,1.273749219346333,1.3047679666705243,1.2577532351628735,0.0365390196376501,0.7125790583274771,2023-02-14,1.25,bmo,3704606700.0,2025-04-25,2022-12-31,0.016,146.9190476190476,1448513.3333333333
2022-09-30,ECL,USD,31462,2022-11-04,2022-11-04 08:00:59,2022,Q3,3669300000.0,2291600000.0,1377700000.0,0.3754667103,0,0.0,0.0,876900000.0,-5700000.0,876900000.0,3168500000.0,1600000.0,65100000.0,232800000.0,759800000.0,0.2070694683,262300000.0,0.0714850244,-70800000.0,412200000.0,0.1123375031,60200000.0,347100000.0,0.0945956995,1.22,1.21,284900000,286300000,https://www.sec.gov/Archives/edgar/data/31462/000155837022016340/0001558370-22-016340-index.htm,https://www.sec.gov/Archives/edgar/data/31462/000155837022016340/ecl-20220930x10q.htm,12.87925587925588,1.2183222183222184,1.5328185328185329,0.8571428571428571,0.3962793962793963,24.885573885573887,-16.02843102843103,24.78975078975079,31.264303264303265,41145258000.0,49874458000.0,29.635017286084697,11.213380753822255,94.21858942065492,168.49,5.825794749808852,5.825794749808852,13.59236312103126,65.64156093708871,114.20759789329058,204.23610974610972,0.0084359660595639,0.0059350703305834,1.2519610341800471,0.4203118315349147,11.488812845485654,1.3517747793123558,4.029185867895546,1.240625,0.0035216694959112,0.4174589455488331,0.0,0.0,0.5540904121310073,0.4408060453400503,0.0524623225138309,0.8268900343642611,0.00392445425558,26.068042579201137,0.0125336987319409,0.0370018975332068,-38.248946998947,1327000000.0,-4566500000.0,-8847800000.0,16671300000.0,2691150000.0,1554600000.0,1761700000.0,66.57591366200637,62.22551928783383,70.79900506196543,1.3518402534723502,1.446351931330472,1.27120430465413,0.049146206779373,0.6756756756756757,2022-11-01,1.31,bmo,3657026853.0,2025-04-25,2022-09-30,-0.0076335877862595,162.22578125,1093853.953125
2022-06-30,ECL,USD,31462,2022-08-04,2022-08-04 17:02:28,2022,Q2,3580600000.0,2211100000.0,1369500000.0,0.382477797,0,0.0,0.0,940100000.0,19500000.0,940100000.0,3151200000.0,1300000.0,56000000.0,234700000.0,685300000.0,0.191392504,214200000.0,0.0598223761,-36500000.0,389300000.0,0.1087247947,76600000.0,308300000.0,0.0861028878,1.08,1.08,285100000,286600000,https://www.sec.gov/Archives/edgar/data/31462/000155837022012280/0001558370-22-012280-index.htm,https://www.sec.gov/Archives/edgar/data/31462/000155837022012280/ecl-20220630x10q.htm,12.559102069449317,1.0813749561557349,1.1308312872676254,0.5387583304103823,0.4380918975797965,24.96808137495616,-17.004910557699052,24.880392844615923,32.03753069098562,43836976000.0,52789976000.0,35.54733700940642,12.242913478188012,135.97076923076924,285.39697916666665,6.179966729636,6.179966729636,14.74333240239066,77.0319217860791,163.74062034739455,343.68473958333334,0.0070328756253624,0.0035038913268104,1.2797671074519976,0.4289393108922867,13.06435137895812,1.288754598003153,3.825,1.0310201471058522,0.0033328028831185,0.4738890690885501,0.0,0.0,0.5654283770247028,0.5235732009925558,0.0471429369379433,0.7192160204516403,0.0068703569234206,24.60413092822809,0.009513484789174,0.0335214361048591,-38.78972290424412,1099000000.0,-4848100000.0,-9140200000.0,16730300000.0,2588100000.0,1474350000.0,1655300000.0,67.06138635982795,62.065035502690975,70.0388946678124,1.3420539730134933,1.450091815320042,1.2850002905794151,0.0434629373784081,0.592072956857243,2022-07-26,1.09,bmo,3485452821.0,2025-04-25,2022-06-30,0.0091743119266055,165.84080645161288,1257916.2903225806
2022-03-31,ECL,USD,31462,2022-05-05,2022-05-05 16:31:59,2022,Q1,3266700000.0,2073400000.0,1193300000.0,0.3652921909,0,0.0,0.0,914700000.0,18800000.0,914700000.0,2988100000.0,2100000.0,53000000.0,234700000.0,585900000.0,0.1793553127,62700000.0,0.0191936817,-34200000.0,220300000.0,0.0674380874,45600000.0,171900000.0,0.052621912,0.6,0.6,286200000,288100000,https://www.sec.gov/Archives/edgar/data/31462/000155837022007407/0001558370-22-007407-index.htm,https://www.sec.gov/Archives/edgar/data/31462/000155837022007407/ecl-20220331x10q.htm,11.414046121593293,0.60062893081761,0.5943396226415094,0.0747728860936408,0.3473095737246681,24.8256464011181,-17.86932215234102,24.74353598881901,31.755765199161427,50531472000.0,59467572000.0,73.48963350785341,15.468660115713105,297.06920634920635,2361.283738317757,7.135600994125621,7.135600994125621,18.204173018642667,101.49781874039938,349.6035978835979,2778.858504672897,0.003401840342193,0.0004234984486499,1.2759122232263895,0.4288894584947216,15.251920122887864,1.2680031944482693,1.1830188679245284,0.9736691471093304,0.0030476056585092,0.89586969168121,0.0,0.0,0.5800153793574846,0.8741916519694297,0.0455199436740441,0.6335747763101832,0.0086325649738267,18.28627573417444,0.0027561611115716,0.0194283389278811,-39.08665269042628,973200000.0,-5114200000.0,-9357600000.0,16864000000.0,2493300000.0,1404050000.0,1540850000.0,69.10276425750759,61.80717661811518,69.01273270955919,1.3024081014273183,1.456141582976333,1.3041071765519845,0.0242741753276095,0.5195667365478687,2022-04-26,0.82,bmo,3191561268.0,2025-04-25,2022-03-31,0.0,187.84145161290323,1675207.7096774194
2021-12-31,ECL,USD,31462,2022-02-25,2022-02-25 08:35:10,2021,Q4,3364600000.0,2043100000.0,1321500000.0,0.3927658563,186000000,0.0,0.0,867900000.0,6400000.0,867900000.0,2911000000.0,2200000.0,44600000.0,215600000.0,705500000.0,0.2096831718,387700000.0,0.1152291506,-38200000.0,349500000.0,0.1038756464,44200000.0,301000000.0,0.0894608572,1.05,1.04,286700000,289500000,https://www.sec.gov/Archives/edgar/data/31462/000155837022002059/0001558370-22-002059-index.htm,https://www.sec.gov/Archives/edgar/data/31462/000155837022002059/ecl-20211231x10k.htm,11.735612138123471,1.0498779211719569,2.235437739797698,1.4708754795953958,1.25531914893617,25.29856993372864,-17.561562608998955,25.197767701430067,31.689570980118592,67256953000.0,75937853000.0,55.86125664451828,19.989583605777803,104.94141519737867,159.49004742708087,9.309951690152545,9.309951690152545,22.56965255899661,107.6369284195606,118.48627398970198,180.07553474033674,0.0044753737208404,0.0062699837145462,1.2514603693142494,0.4263241285649615,12.304606661941886,1.319120792525048,8.692825112107624,2.099246642646577,0.0020800823373607,0.4647840531561462,0.0,0.0552814599060809,0.5794477138976912,0.3420190357310033,0.0651489032871663,1.0166975881261595,0.0050526065505557,24.39729594406732,0.0186293743028187,0.0337504485109436,-38.32821764911057,1133900000.0,-5034900000.0,-9266200000.0,17107200000.0,2431250000.0,1310650000.0,1435000000.0,66.29495333769243,60.97498898732319,65.71484508834614,1.3575693996126532,1.4760150267302412,1.3695535594583723,0.0416655131364026,0.7645622602023021,2022-02-15,1.31,bmo,3360152652.0,2025-04-25,2021-12-31,-0.0229007633587786,226.02390625,944390.234375
2021-09-30,ECL,USD,31462,2021-10-29,2021-10-29 08:27:35,2021,Q3,3320800000.0,2016700000.0,1304100000.0,0.3927065767,0,0.0,0.0,832000000.0,13000000.0,832000000.0,2848700000.0,1900000.0,76400000.0,206900000.0,751900000.0,0.2264213443,465800000.0,0.1402674054,-63400000.0,402400000.0,0.1211756203,73800000.0,324500000.0,0.0977174175,1.13,1.12,286400000,289200000,https://www.sec.gov/Archives/edgar/data/31462/000155837021013798/0001558370-21-013798-index.htm,https://www.sec.gov/Archives/edgar/data/31462/000155837021013798/ecl-20210930x10q.htm,11.594972067039109,1.1330307262569832,2.174231843575419,1.5520251396648044,3.1351256983240225,24.307960893854748,-7.17004189944134,24.20914804469274,21.96194134078212,59748768000.0,65064368000.0,46.03140832049307,17.99228137798121,95.95112895455276,134.41792575928008,8.617403620105286,8.617403620105286,19.59298000481812,86.53327304162788,104.48750281034206,146.3765309336333,0.0054310743277585,0.0074394839404889,0.8961563423956155,0.3466155682743693,7.069557121957708,1.7228536880290206,6.096858638743456,1.8950091296409008,0.0023414708735082,0.4311248073959938,0.0,0.0,0.5029119389496938,0.2861731170708206,0.0536617682486147,0.861285645239246,0.0040953986991086,24.84287510133788,0.0250804402719715,0.0364160746950364,-26.499039804469277,2092300000.0,-2053500000.0,-5977600000.0,14554600000.0,2357550000.0,1225200000.0,1398350000.0,64.61364731390027,55.20850895026529,61.50542966231964,1.3928945933475945,1.6301834936545143,1.4632854447830503,0.0468017595730871,0.6222067039106145,2021-10-26,1.3,bmo,3295620000.0,2025-04-25,2021-09-30,0.0846153846153845,219.16734375,907961.265625
2021-06-30,ECL,USD,31462,2021-08-05,2021-08-05 08:34:32,2021,Q2,3162700000.0,1844000000.0,1318700000.0,0.4169538685,0,0.0,0.0,853300000.0,-2500000.0,853300000.0,2697300000.0,6100000.0,45600000.0,205400000.0,691600000.0,0.2186739179,447800000.0,0.1415878838,-48100000.0,399700000.0,0.1263793594,86100000.0,310800000.0,0.0982704651,1.09,1.08,286000000,288800000,https://www.sec.gov/Archives/edgar/data/31462/000155837021010420/0001558370-21-010420-index.htm,https://www.sec.gov/Archives/edgar/data/31462/000155837021010420/ecl-20210630x10q.htm,11.058391608391608,1.0867132867132867,1.7587412587412588,1.256993006993007,4.903496503496504,23.553496503496504,-8.256993006993007,23.458391608391608,24.634965034965035,58907420000.0,64505020000.0,47.38370334620335,18.62567426565909,117.11216699801192,163.85930458970793,8.780226856061171,8.780226856061171,20.39555443134031,93.26925968768074,128.24059642147117,179.42981919332405,0.0052760755775757,0.0061027965577171,1.0433590198387266,0.377690369435137,8.093695777906305,1.905148769225428,9.820175438596491,1.603954081632653,0.0023749130415149,0.4501287001287001,0.0,0.0,0.4908787775781414,0.2852882703777336,0.0453726246561482,0.698636806231743,0.0087267208397887,23.94957789877849,0.0222505686492182,0.032938034527708,-27.753496503496503,2607100000.0,-2361500000.0,-6310000000.0,15174300000.0,2301500000.0,1170750000.0,1382750000.0,66.33256394852499,59.21746203904556,69.2326464208243,1.3567996567996568,1.51982197313113,1.2999647514980612,0.0463251404808394,0.5017482517482518,2021-07-27,1.21,bmo,3296770000.0,2025-04-25,2021-06-30,0.0082644628099173,217.33809523809524,1066648.0476190476
2021-03-31,ECL,USD,31462,2021-05-06,2021-05-06 16:03:12,2021,Q1,2885000000.0,1712000000.0,1173000000.0,0.4065857886,0,0.0,0.0,862900000.0,17000000.0,862900000.0,2574900000.0,2100000.0,51700000.0,215200000.0,561900000.0,0.1947660312,297300000.0,0.10305026,-34700000.0,262600000.0,0.0910225303,66100000.0,193600000.0,0.0671057192,0.68,0.67,286000000,288800000,https://www.sec.gov/Archives/edgar/data/31462/000155837021006198/0001558370-21-006198-index.htm,https://www.sec.gov/Archives/edgar/data/31462/000155837021006198/ecl-20210331x10q.htm,10.087412587412588,0.676923076923077,1.0325174825174823,0.6755244755244755,4.159090909090909,22.098251748251748,-9.672027972027973,22.00104895104895,24.66083916083916,61224020000.0,67035820000.0,79.05994318181817,21.22149740034662,207.32820860142223,316.8945134575569,9.72999062346042,9.72999062346042,23.23598613518197,119.3020466275138,227.009210971893,346.97629399585924,0.0031621575976226,0.0031556242141564,1.112677399361124,0.3845156825808294,10.34312155187756,1.805623729051259,5.750483558994198,1.5027989821882952,0.002396118386215,0.7577479338842975,0.0,0.0,0.499025159132474,0.3457500846596681,0.0353899480069324,0.4744423791821561,0.0108492201039861,18.30554286024547,0.0143499304606434,0.0212238812515073,-29.094405594405597,2297800000.0,-2766200000.0,-6738000000.0,14875300000.0,2272900000.0,1144400000.0,1316100000.0,70.87694974003466,59.30957943925233,70.81191588785046,1.269806338028169,1.5174614430065592,1.270972531551596,0.0307677637747723,0.356993006993007,2021-04-27,0.82,bmo,2900810000.0,2025-04-25,2021-03-31,-0.0121951219512193,212.76803278688524,1014368.2295081968
2020-12-31,ECL,USD,31462,2021-02-26,2021-02-26 07:33:47,2020,Q4,3065300000.0,1780300000.0,1285000000.0,0.4192085603,185000000,0.0,0.0,809600000.0,10300000.0,809600000.0,2589900000.0,3000000.0,48400000.0,207500000.0,700500000.0,0.228525756,416100000.0,0.1357452778,-38100000.0,378000000.0,0.1233158255,73100000.0,300300000.0,0.0979675725,1.05,1.04,285600000,288700000,https://www.sec.gov/Archives/edgar/data/31462/000155837021001916/0001558370-21-001916-index.htm,https://www.sec.gov/Archives/edgar/data/31462/000155837021001916/ecl-20201231x10k.htm,10.732843137254902,1.0514705882352942,2.275210084033614,1.8315826330532208,4.412464985994398,21.71393557422969,-9.742296918767506,21.59138655462185,24.634103641456583,61792416000.00001,67519316000.00001,51.44223776223777,20.15868463119434,95.09451523545708,118.12734849933092,10.020662612503042,10.020662612503042,22.026984634456664,96.3873176302641,103.90784241305018,129.07535079334735,0.004859819690494,0.0084654401601646,1.1330738668612663,0.3854739048880062,8.175446109921484,1.74524248004911,8.597107438016529,2.131190554280092,0.0022494669896059,0.4628704628704628,0.0,0.0603529833947737,0.4956361028357056,0.1949830717143736,0.0413336378168531,0.6106024096385542,0.0055459498254656,22.601126702701944,0.0218842374257163,0.0328480327277102,-29.118872549019606,2185200000.0,-2782400000.0,-6807100000.0,14717800000.0,2297250000.0,1134500000.0,1286500000.0,66.76083906958536,58.67213391001516,64.97107229118687,1.3480956988301522,1.533947957952783,1.385231870525988,0.0486986134760398,0.4436274509803921,2021-02-16,1.25,bmo,3114344800.0,2025-04-25,2020-12-31,-0.016,208.9190625,1011049.296875
2020-09-30,ECL,USD,31462,2020-10-30,2020-10-30 07:32:12,2020,Q3,3018600000.0,1769600000.0,1249000000.0,0.4137679719,0,0.0,0.0,802600000.0,15100000.0,802600000.0,2572200000.0,4200000.0,134800000.0,209000000.0,680000000.0,0.2252699927,411400000.0,0.1362883456,-119700000.0,291700000.0,0.0966342013,42400000.0,246200000.0,0.0815609885,0.86,0.85,285400000,288400000,https://www.sec.gov/Archives/edgar/data/31462/000155837020012094/0001558370-20-012094-index.htm,https://www.sec.gov/Archives/edgar/data/31462/000155837020012094/ecl-20200930x10q.htm,10.576734407848631,0.8626489138051857,1.583041345480028,1.1916608269096003,3.625437981779958,21.196215837421164,-10.273300630693765,21.074632095304835,25.790119131044147,57034336000.0,63225336000.0,57.91463850528026,18.89430066918439,126.23801682160249,167.6987239047339,9.482490564782948,9.482490564782948,20.945251441065395,92.97843529411765,139.94098273572376,185.9021934725081,0.0043166979273678,0.0059630745942233,1.201340050210318,0.3992739168154013,9.104411764705882,1.6070048931238734,3.051928783382789,-0.235190005205622,0.002430115080151,0.5629569455727051,0.0,0.0,0.4962894607423289,0.2472332890659584,0.0370039090969323,0.5344497607655503,0.003776585171934,20.224989269016163,0.0228871158447827,0.0270083482343648,-30.233269096005607,1885600000.0,-2932000000.0,-7055700000.0,14447100000.0,2288100000.0,1098050000.0,1258250000.0,69.19200954084675,56.372061482820975,65.49615732368896,1.30072822855173,1.596535546734031,1.3741264171455194,0.0409330473672834,0.3913805185704275,2020-10-27,1.09,bmo,2939269565.0,2025-04-25,2020-09-30,0.0550458715596328,199.83125,1160820.296875
2020-06-30,ECL,USD,31462,2020-08-06,2020-08-06 07:51:08,2020,Q2,2685700000.0,1635700000.0,1050000000.0,0.3909595264,0,0.0,0.0,788600000.0,15100000.0,788600000.0,2424300000.0,3100000.0,58700000.0,197500000.0,501000000.0,0.1865435454,192000000.0,0.071489742,-43600000.0,148400000.0,0.0552556131,14100000.0,-2035000000.0,-0.7577167964,-7.06,-6.98,288200000,291500000,https://www.sec.gov/Archives/edgar/data/31462/000155837020009506/0001558370-20-009506-index.htm,https://www.sec.gov/Archives/edgar/data/31462/000155837020009506/ecl-20200630x10q.htm,9.318875780707842,-7.061068702290076,1.3421235253296322,1.0301873698820263,4.750173490631506,20.43789035392089,-10.023941707147817,20.31644691186676,26.596113809854263,57337390000.0,63574690000.0,-7.043905405405405,21.349141750753997,148.23523784901758,193.12020882452003,9.792558751195518,9.792558751195518,23.671553040175745,126.8955888223553,164.36062564632886,214.12829235432807,-0.0354916748041722,0.0051781219898568,1.2990674955595027,0.4206465955846569,12.449700598802394,1.600582458097097,3.270868824531516,2.754985754985755,0.0025759805250988,-0.0725798525798525,0.0,0.0,0.4855052426669026,0.2324198552223371,0.0334735823062888,0.6132332878581174,0.0097926052798153,,0.0112011946828938,-0.2187395870282588,-29.55317487855656,1938500000.0,-2888900000.0,-7026000000.0,14296400000.0,2555700000.0,1183600000.0,1379200000.0,75.58364672152511,59.84777159625848,67.60591795561534,1.1907337619153182,1.503815390273053,1.331244404655327,-0.3475543106981828,0.3119361554476058,2020-07-28,0.83,bmo,3512069230.0,2025-04-25,2020-06-30,-0.216867469879518,193.6192063492064,4257267.73015873
2020-03-31,ECL,USD,31462,2020-05-07,2020-05-07 16:07:54,2020,Q1,3581400000.0,2116800000.0,1464600000.0,0.4089462221,0,0.0,0.0,1015000000.0,15200000.0,1015000000.0,3131800000.0,4600000.0,48100000.0,198700000.0,615100000.0,0.1717484782,397200000.0,0.1109063495,-32900000.0,364300000.0,0.1017199978,74100000.0,283400000.0,0.0791310661,0.98,0.97,288800000,292600000,https://www.sec.gov/Archives/edgar/data/31462/000155837020005691/0001558370-20-005691-index.htm,https://www.sec.gov/Archives/edgar/data/31462/000155837020005691/ecl-20200507x10q.htm,12.400969529085872,0.9813019390581718,1.2873961218836565,0.7309556786703602,5.754501385041551,30.680747922437675,-6.796398891966759,30.547437673130197,28.52250692520776,45003704000.0,51531004000.0,39.69980945659845,12.565952979281844,121.04277568585262,213.1866603505448,5.101246188549212,5.101246188549212,14.38850840453454,83.77662819053812,138.59871974179666,244.10707721459025,0.006297259443356,0.0046907250123234,0.9282597114065811,0.3665777363963544,10.611770443830272,1.5119791421994644,8.257796257796258,1.2811853893866298,0.0030108632836088,0.4781227946365561,0.0,0.0,0.4844939032032803,0.4322216245293168,0.0448707209471156,0.6438301282051282,0.007650639414754,25.97048028036408,0.0164171647056476,0.0246088119344922,-30.852925900277008,2179700000.0,-1962800000.0,-7041900000.0,17482300000.0,2618950000.0,1177400000.0,1305650000.0,71.76830289830792,54.400510204081634,65.03826530612245,1.2540355054448684,1.6543962485345838,1.3838007452441656,0.0321238707337255,0.5564404432132964,2020-04-28,1.06,bmo,2833483185.0,2025-04-25,2020-03-31,0.0660377358490564,187.9135483870968,1631047.758064516
2019-12-31,ECL,USD,31462,2020-02-28,2020-02-28 16:36:22,2019,Q4,3823600000.0,2218200000.0,1605400000.0,0.4198660948,190000000,984000000.0,0.0,984000000.0,13400000.0,984000000.0,3202200000.0,5000000.0,46200000.0,244800000.0,835200000.0,0.2184328905,560400000.0,0.1465634481,-32800000.0,527600000.0,0.1379851449,93300000.0,429600000.0,0.1123548488,1.49,1.47,288300000,292600000,https://www.sec.gov/Archives/edgar/data/31462/000155837020001788/0001558370-20-001788-index.htm,https://www.sec.gov/Archives/edgar/data/31462/000155837020001788/ecl-20191231x10k145b24.htm,13.262573707943115,1.490114464099896,2.84772806104752,1.979882067291016,0.4120707596253902,30.266389177939647,0.7950052029136316,30.125910509885536,23.822060353798125,55639017000.0,62341917000.0,32.37838512569832,14.55147426509049,67.76981364190013,97.4755028030834,6.406113433042037,6.406113433042037,16.304508055235903,74.64309985632184,75.93412545676004,109.21849509460408,0.0077212003943204,0.0102589878609825,0.7854305550758177,0.3268804117091777,8.025502873563218,1.3299179199030464,12.12987012987013,1.8903983421597976,0.0024605035707226,0.3186685288640596,0.257349095093629,0.0496913903127942,0.4071378257806997,0.3047503045066991,0.0654357150329532,1.0220588235294117,0.0046814520347316,31.7812639362658,0.0260017528078842,0.0347221660941604,-33.63579604578564,1197800000.0,229200000.0,-7314900000.0,13389400000.0,2552250000.0,1172350000.0,1334150000.0,56.0675802908254,43.62861779821477,43.8842304571274,1.6052057094878254,2.0628661768808705,2.0508505917159763,0.0494628855652654,0.8678459937565036,2020-02-18,1.69,bmo,3892701204.0,2025-04-25,2019-12-31,-0.0177514792899408,189.81859375,1042001.640625
2019-09-30,ECL,USD,31462,2019-10-31,2019-10-31 17:03:40,2019,Q3,3817900000.0,2207400000.0,1610500000.0,0.421828754,0,962500000.0,0.0,962500000.0,20800000.0,962500000.0,3169900000.0,6900000.0,46100000.0,194300000.0,800400000.0,0.2096440452,587600000.0,0.1539065979,-25300000.0,562300000.0,0.1472799183,93000000.0,464200000.0,0.1215851646,1.61,1.59,288100000,292800000,https://www.sec.gov/Archives/edgar/data/31462/000155837019009602/0001558370-19-009602-index.htm,https://www.sec.gov/Archives/edgar/data/31462/000155837019009602/ecl-20190930x10q9b7443.htm,13.25199583477959,1.611246095105866,2.367927802846234,1.7434918431100312,0.4717112113849357,29.89378687955571,-8.110031239153072,29.738632419298856,25.029503644567857,57055324000.0,64084324000.0,30.72777035760448,14.94416406925273,83.6343066549399,113.58814254429625,6.659351284475413,6.659351284475413,16.78522852877236,80.06537231384308,93.93773673409558,127.58177184949234,0.0081359629120675,0.0088037358266513,0.8362687769179593,0.3438777860968726,8.781859070464767,1.2425309350682483,12.746203904555314,1.453654378862135,0.0023889094030909,0.2936234381732012,0.2521019408575395,0.0,0.5254900266850967,0.263705658164761,0.0471201445821001,0.7351859419697588,0.0032216663610885,32.834672917301,0.0274790343909859,0.046951965772199,-32.11410968413745,950600000.0,-2336500000.0,-7353100000.0,16331300000.0,2734800000.0,1283650000.0,1606000000.0,64.17795122973362,51.75591193259037,64.69285131829301,1.4023507805325988,1.7389317787931309,1.3911892607298166,0.0541802350689216,0.6244359597362027,2019-10-29,1.71,bmo,3817900000.0,2025-04-25,2019-09-30,0.0,200.43359375,1036101.34375
2019-06-30,ECL,USD,31462,2019-08-01,2019-08-01 07:35:38,2019,Q2,3759400000.0,2208200000.0,1551200000.0,0.412619035,0,1002700000.0,0.0,1002700000.0,20900000.0,1002700000.0,3210900000.0,5400000.0,49500000.0,145900000.0,663400000.0,0.1764643294,498600000.0,0.1326275469,5600000.0,470000000.0,0.12501995,97800000.0,368600000.0,0.0980475608,1.28,1.26,287600000,292100000,https://www.sec.gov/Archives/edgar/data/31462/000155837019006736/0001558370-19-006736-index.htm,https://www.sec.gov/Archives/edgar/data/31462/000155837019006736/ecl-20190630x10q.htm,13.07162726008345,1.2816411682892908,1.8755215577190545,1.2374826147426985,0.2979833101529903,28.753129346314324,-9.530250347705143,28.600139082058416,26.093880389429764,56300576000.0,63669976000.0,38.185415084102,14.975947225621107,104.3762995921394,158.1921213824108,6.8447219588105135,6.8447219588105135,16.936206841517265,95.97524268917697,118.03851687059696,178.8984995785333,0.0065470022899943,0.0063214273331768,0.906351058915068,0.3579433059978106,11.108531805848658,1.175836422220607,10.072727272727272,1.4492208490059109,0.0024582341750819,0.3754747693977211,0.2667180933127627,0.0,0.5286398816954426,0.3401928068223953,0.0488109804756078,0.7489795918367347,0.0061711975315209,28.71828864144284,0.0220332335947148,0.037545964776466,-33.37804242002782,725800000.0,-2740900000.0,-7704700000.0,16152800000.0,2719350000.0,1267800000.0,1635450000.0,65.76554769378092,52.89874105606376,66.2426410651209,1.368497688471479,1.7013637414284613,1.3586414815726326,0.0448124103387069,0.6380389429763561,2019-07-30,1.41,bmo,3732925352.0,2025-04-25,2019-06-30,0.0070921985815602,185.9309523809524,1163289.174603175
2019-03-31,ECL,USD,31462,2019-05-02,2019-05-02 07:58:50,2019,Q1,3505400000.0,2096700000.0,1408700000.0,0.4018656929,0,1001200000.0,0.0,1001200000.0,21200000.0,1001200000.0,3097900000.0,6700000.0,49400000.0,238800000.0,616700000.0,0.1759285674,367200000.0,0.1047526673,-28200000.0,339000000.0,0.0967079363,38600000.0,296500000.0,0.084583785,1.03,1.01,288200000,292300000,https://www.sec.gov/Archives/edgar/data/31462/000155837019003797/0001558370-19-003797-index.htm,https://www.sec.gov/Archives/edgar/data/31462/000155837019003797/ecl-20190331x10q.htm,12.163081193615543,1.028799444829979,1.311936155447606,0.6630811936155447,0.2741151977793199,28.68459403192228,-10.182512144344203,28.524288688410827,26.37786259541985,51492694000.0,58966394000.0,43.4171112984823,14.68953443258972,136.18802962179316,269.4541810570382,6.263784592552945,6.263784592552945,16.82158783591031,95.616011026431,155.95449352023277,308.5630245944532,0.0057580984207196,0.0037112060984806,0.9187417129928108,0.360896614996464,12.11885844008432,1.1431665062560157,7.433198380566802,1.2586551264980026,0.002746020629645,0.4768971332209106,0.2856164774348148,0.0,0.5352501003459547,0.4945781539275324,0.0533462657613967,0.7830820770519263,0.0091858275803046,25.69591170309316,0.0180141187260517,0.0304849837036427,-33.796668979875086,595000000.0,-2934600000.0,-7909700000.0,16246000000.0,2677050000.0,1246650000.0,1596000000.0,69.1059508187368,53.12777221347832,70.63671483760194,1.3023480457720316,1.6940292477983356,1.2741249392318912,0.0360674881701071,0.648854961832061,2019-04-30,1.02,bmo,3471366990.0,2025-04-25,2019-03-31,0.0098039215686274,162.41868852459015,1045824.0
2018-12-31,ECL,USD,31462,2019-03-01,2019-03-01 06:25:44,2018,Q4,3760500000.0,2216800000.0,1543700000.0,0.4105039224,216000000,978100000.0,-29300000.0,948800000.0,19900000.0,948800000.0,3165600000.0,3800000.0,53900000.0,237900000.0,857000000.0,0.2278952267,581900000.0,0.1547400612,-34000000.0,547900000.0,0.1456987103,147700000.0,395100000.0,0.1050658157,1.37,1.35,288000000,292200000,https://www.sec.gov/Archives/edgar/data/31462/000155837019001379/0001558370-19-001379-index.htm,https://www.sec.gov/Archives/edgar/data/31462/000155837019001379/ecl-20181231x10k.htm,13.057291666666666,1.371875,2.8725694444444443,2.1329861111111112,0.3982638888888888,27.96388888888889,-9.798958333333331,27.788888888888888,24.64965277777777,42436800000.0,49367300000.0,26.851936218678816,11.284882329477464,51.29553970748217,69.08155624287808,5.3024790083966415,5.3024790083966415,13.127855338385851,57.60478413068845,59.67279100688988,80.36350317434479,0.0093103155751611,0.0144756437808694,0.8802978808476609,0.3509527011880744,8.086931155192532,1.269182765357065,10.79591836734694,2.0672163918040978,0.0029620518040945,0.3181473044798785,0.2600983911713868,0.0574391703230953,0.5417669182295948,0.2574640396470446,0.0566414040686078,0.8953341740226987,0.0050259274032708,29.287622705675517,0.0248086653344727,0.042951254511458,-31.72265625,992100000.0,-2822100000.0,-7343200000.0,15703800000.0,2657600000.0,1225450000.0,1567150000.0,63.72157957718388,50.976181883796464,62.782389029231325,1.4123943661971832,1.765530423701816,1.4335230212105536,0.0493677528988404,0.7395833333333334,2019-02-19,1.54,bmo,3760500000.0,2025-04-25,2018-12-31,0.0,152.7115873015873,1268186.9365079366
2018-09-30,ECL,USD,31462,2018-11-01,2018-11-01 17:24:29,2018,Q3,3747200000.0,2200200000.0,1547000000.0,0.4128415884,0,955200000.0,0.0,955200000.0,21000000.0,955200000.0,3155400000.0,2600000.0,55700000.0,234600000.0,851100000.0,0.2271295901,516200000.0,0.1377561913,-34700000.0,481500000.0,0.1284959436,43200000.0,435400000.0,0.1161934244,1.51,1.48,288800000,293400000,https://www.sec.gov/Archives/edgar/data/31462/000155837018008282/0001558370-18-008282-index.htm,https://www.sec.gov/Archives/edgar/data/31462/000155837018008282/ecl-20180930x10q.htm,12.975069252077562,1.507617728531856,2.301592797783933,1.5342797783933515,0.7049861495844876,27.64196675900277,-10.096260387811634,27.456371191135737,24.791897506925206,45457120000.0,52357720000.0,26.10078089113459,12.130956447480786,68.38742289754776,102.5888512751072,5.732731354200823,5.732731354200823,13.97249146029035,61.51770649747386,78.76894839777343,118.16231099074702,0.0095782574874959,0.0097476478932233,0.89593159633768,0.355875487160991,8.107860415932324,1.3433338904674357,9.26750448833034,1.5165411818389232,0.002606852347883,0.2721635277905374,0.2549103330486763,0.0,0.5459609469708354,0.3333834812697457,0.0591374893253629,0.9445865302642796,0.0036560631938514,30.51816703703582,0.0274111099492458,0.048037247070765,-31.13755193905817,1232500000.0,-2915800000.0,-7157300000.0,15909300000.0,2644050000.0,1218700000.0,1572750000.0,63.71237190435526,48.89419143714208,64.95364057812925,1.4125984845628985,1.8407094453275328,1.385603627432458,0.0549095770171765,0.7673130193905817,2018-10-30,1.54,bmo,3771691503.0,2025-04-25,2018-09-30,-0.0064935064935064,148.2698412698413,901134.0952380951
2018-06-30,ECL,USD,31462,2018-08-02,2018-08-02 08:31:34,2018,Q2,3689600000.0,2156100000.0,1533500000.0,0.4156277103,0,1026800000.0,0.0,1026800000.0,19600000.0,1026800000.0,3182900000.0,3900000.0,56300000.0,234700000.0,760900000.0,0.2062283174,494600000.0,0.1340524718,-36700000.0,457900000.0,0.1241055941,104300000.0,351300000.0,0.0952135733,1.22,1.2,288800000,293300000,https://www.sec.gov/Archives/edgar/data/31462/000155837018006163/0001558370-18-006163-index.htm,https://www.sec.gov/Archives/edgar/data/31462/000155837018006163/ecl-20180630x10q.htm,12.77562326869806,1.2164127423822717,1.0335872576177283,0.3092105263157895,0.1876731301939058,27.384002770083104,-11.053324099722992,27.17970914127424,25.18663434903047,40527304000.0,47690704000.0,28.840950754341023,10.98419991326973,135.76986264656617,453.8331914893617,5.1630427415758975,5.1630427415758975,12.925711188204684,62.67670390327244,159.7678525963149,534.0504367301231,0.0086682301887142,0.0022034527635985,0.9194980572010956,0.3617554481846067,9.414377710605862,1.2715657596997627,8.785079928952042,0.8441742081447964,0.0031805717942649,0.3669228579561628,0.2782957502168257,0.0,0.5563814430922833,0.7008375209380234,0.0566999132697311,0.8913506604175543,0.0076160017346053,27.274333209228462,0.0222028746753985,0.0396908788936718,-31.972126038781163,984100000.0,-3192200000.0,-7435200000.0,15843500000.0,2604850000.0,1235600000.0,1549700000.0,64.28501734605378,51.847780715180185,65.01739251426186,1.4000151779615997,1.7358505756380325,1.3842449922958395,0.0447544429581502,0.724376731301939,2018-07-31,1.27,bmo,3689600000.0,2025-04-25,2018-06-30,0.0,144.24453125,1265115.234375
2018-03-31,ECL,USD,31462,2018-05-03,2018-05-03 08:15:34,2018,Q1,3470900000.0,2082100000.0,1388800000.0,0.4001267683,0,1008500000.0,0.0,1008500000.0,19400000.0,1008500000.0,3090600000.0,4600000.0,56400000.0,231100000.0,630800000.0,0.1817396064,354300000.0,0.102077271,-37000000.0,317300000.0,0.0914172117,69100000.0,247300000.0,0.0712495318,0.86,0.84,288600000,292700000,https://www.sec.gov/Archives/edgar/data/31462/000155837018003829/0001558370-18-003829-index.htm,https://www.sec.gov/Archives/edgar/data/31462/000155837018003829/ecl-20180331x10q.htm,12.026680526680527,0.8568953568953569,1.6881496881496882,0.9837144837144836,0.6081081081081081,26.576230076230075,-12.630977130977133,26.337491337491336,25.89015939015939,39558402000.0,46798402000.0,39.99029720986656,11.397159814457344,81.19540640394088,139.33921098978513,5.204368109459281,5.204368109459281,13.483074130628944,74.18896956246037,96.05583333333334,164.841148291652,0.0062515164287981,0.0071767307486283,0.975595316405736,0.367389505704929,11.477488902980342,1.1541629004720295,6.281914893617022,1.962933118452861,0.0031194384444548,0.4989890820865346,0.2905586447319139,0.0,0.5605941251368638,0.4172824302134647,0.0585727044858682,0.8797057550843791,0.0097092973004119,22.534211010944677,0.0160948659861066,0.0278833252528441,-33.393191268191266,614000000.0,-3645300000.0,-7917600000.0,15709100000.0,2574200000.0,1203100000.0,1493850000.0,66.75127488547639,53.1285721146919,66.64521396666827,1.348288855222779,1.6940037425758685,1.3504345570112857,0.0325351927377976,0.7044352044352045,2018-05-01,0.89,bmo,3394616483.0,2025-04-25,2018-03-31,0.0224719101123595,134.47409836065574,1414223.3934426229
2017-12-31,ECL,USD,31462,2018-02-23,2018-02-23 08:46:10,2017,Q4,3650700000.0,1950700000.0,1700000000.0,0.4656641192,201000000,1123900000.0,0.0,1123900000.0,0.0,1123900000.0,3074600000.0,5800000.0,77800000.0,227800000.0,820000000.0,0.2246144575,627700000.0,0.171939628,-59300000.0,549900000.0,0.1506286466,-21800000.0,565900000.0,0.1550113677,1.96,1.93,289100000,293600000,https://www.sec.gov/Archives/edgar/data/31462/000155837018000999/0001558370-18-000999-index.htm,https://www.sec.gov/Archives/edgar/data/31462/000155837018000999/ecl-20171231x10k.htm,12.627810446212385,1.9574541681079207,2.235904531304047,1.286060186786579,0.7312348668280871,26.59529574541681,-12.092701487374612,26.352473192666896,25.59840885506745,38791438000.0,45902738000.0,17.1370551334158,10.625753417152875,60.0115068069307,104.33415277030662,5.091742206471091,5.091742206471091,12.57368121182239,55.978948780487805,71.01289913366337,123.460833781603,0.0145882707416002,0.009584589259104,0.9611734593423902,0.3668246303049733,8.672317073170731,1.339355440293723,8.068123393316196,1.1306629351058248,0.0030522199254381,0.2092242445661777,0.3078587668118443,0.0550579340948311,0.5602883420831163,0.4248143564356436,0.0752184512559235,1.205443371378402,0.0051223053113101,34.068087208502135,0.038173984783109,0.064470191508026,-32.54505361466621,1164600000.0,-3496000000.0,-7677300000.0,16056400000.0,2553650000.0,1146500000.0,1477450000.0,63.45878872544991,54.30819705746655,66.70989901061158,1.4182432694922498,1.6572083935094724,1.3491251123867487,0.0742797138544332,0.949844344517468,2018-02-20,1.39,bmo,3649000000.0,2025-04-25,2017-12-31,0.0,133.03936507936507,1037123.7142857144
2017-09-30,ECL,USD,31462,2017-11-02,2017-11-02 16:58:38,2017,Q3,3563300000.0,1891300000.0,1672000000.0,0.4692279628,0,1087300000.0,0.0,1087300000.0,16900000.0,1087300000.0,2978600000.0,5600000.0,55100000.0,228300000.0,814500000.0,0.2285802486,579800000.0,0.1627143378,-38200000.0,524700000.0,0.1472511436,128900000.0,393200000.0,0.1103471501,1.36,1.34,289000000,293400000,https://www.sec.gov/Archives/edgar/data/31462/000155837017008023/0001558370-17-008023-index.htm,https://www.sec.gov/Archives/edgar/data/31462/000155837017008023/ecl-20170930x10q.htm,12.329757785467129,1.360553633217993,2.0249134948096885,1.2782006920415223,0.7235294117647059,25.25674740484429,-13.47681660899654,24.99065743944637,26.34117647058823,37168290000.00001,44516690000.00001,23.631923957273656,10.430861841551373,63.51382433356118,100.61800216567408,5.146323193442533,5.146323193442533,12.493107512698904,54.655236341313696,76.07089883800411,120.51080129940446,0.0105789101408754,0.0099385793642914,1.0464118078728384,0.3806020134261987,9.021976672805405,1.2283713996699144,10.522686025408348,1.4785245073269329,0.0028895598909715,0.2731434384537131,0.3051384952151096,0.0,0.5637391913057054,0.3687628161312372,0.0605618387449835,0.9452474813841436,0.0040131338927398,27.659092898254325,0.0254679646180812,0.0453900054255601,-33.54325259515571,857900000.0,-3894800000.0,-7943000000.0,15669100000.0,2490000000.0,1119750000.0,1489400000.0,63.98226363202649,53.10157034843758,71.80775128218686,1.4066398231485868,1.6948651312841652,1.253346587143804,0.0544424906193317,0.7467128027681661,2017-10-31,1.36,bmo,3538481751.0,2025-04-25,2017-09-30,0.0073529411764705,131.4920634920635,827875.8412698413
2017-06-30,ECL,USD,31462,2017-08-03,2017-08-03 08:40:53,2017,Q2,3462700000.0,1871600000.0,1591100000.0,0.4594969244,0,1115300000.0,0.0,1115300000.0,16800000.0,1115300000.0,2986900000.0,4100000.0,59600000.0,221200000.0,702000000.0,0.2027319722,439000000.0,0.1267796806,-40200000.0,379400000.0,0.1095676784,81300000.0,294800000.0,0.0851358766,1.03,1.01,289800000,294100000,https://www.sec.gov/Archives/edgar/data/31462/000155837017005778/0001558370-17-005778-index.htm,https://www.sec.gov/Archives/edgar/data/31462/000155837017005778/ecl-20170630x10q.htm,11.948585231193928,1.0172532781228434,1.497584541062802,0.7705314009661836,0.8995859213250518,24.11559696342305,-14.067287784679088,23.87750172532781,26.70634920634921,38470950000.0,45890150000.0,32.624618385346,11.110101943570047,88.64274193548387,172.28369905956112,5.559626862436233,5.559626862436233,13.252707424841889,65.37058404558404,105.73767281105992,205.5089565606807,0.0076629248822813,0.0058043796682951,1.1098602540572569,0.3933689828615917,10.568660968660968,1.0494859207113745,7.365771812080537,1.4558872861455887,0.0028515022374025,0.3721166892808684,0.3220896987899616,0.0,0.5667762787219439,0.4854838709677419,0.0608484708464493,0.9525316455696202,0.0076818667513789,23.37761761446524,0.0203190798221312,0.0348545755497753,-33.48516218081436,213700000.0,-4076700000.0,-8002600000.0,14776500000.0,2402400000.0,1081450000.0,1449050000.0,63.59546019002512,54.03077580679632,70.67856379568283,1.4151953572012423,1.6657173371306515,1.2733705266022588,0.0426030030203621,0.7270531400966184,2017-08-01,1.13,bmo,3460000000.0,2025-04-25,2017-06-30,0.0,129.1942857142857,967797.253968254
2017-03-31,ECL,USD,31462,2017-05-04,2017-05-04 16:36:42,2017,Q1,3161600000.0,1691500000.0,1470100000.0,0.464986083,0,1090600000.0,0.0,1090600000.0,16800000.0,1090600000.0,2782100000.0,4100000.0,62500000.0,216000000.0,597700000.0,0.1890498482,373300000.0,0.1180731275,-46400000.0,310800000.0,0.0983046559,54000000.0,254000000.0,0.0803390688,0.87,0.86,290600000,295000000,https://www.sec.gov/Archives/edgar/data/31462/000155837017003539/0001558370-17-003539-index.htm,https://www.sec.gov/Archives/edgar/data/31462/000155837017003539/ecl-20170331x10q.htm,10.879559532002752,0.8740536820371645,1.4649002064693737,0.8885065381968341,0.7298692360633173,23.669993117687543,-14.299036476256022,23.43220922229869,26.164831383344804,36423804000.0,43752704000.0,35.850200787401576,11.520686993927123,85.56214235377027,141.06817970565453,5.349047493171205,5.349047493171205,13.838785425101214,73.20178015726954,102.77825698848956,169.45276529821842,0.0069734616406347,0.0070887708488657,1.1074397156871385,0.3922904853560838,12.261837041994312,1.0242551066511307,5.9728,1.6577102803738315,0.0031078577075584,0.4456692913385827,0.3449519230769231,0.0,0.5739894917546688,0.3934695795160911,0.0529795040485829,0.7754629629629629,0.0097735323886639,21.466781241090757,0.0184506240102007,0.0310164607043423,-33.20629731589814,102000000.0,-4155300000.0,-8037200000.0,14560700000.0,2402100000.0,1011250000.0,1373850000.0,67.12424089068826,55.29825598581141,75.99586166124742,1.3407972858354538,1.6275377658039063,1.184275012252328,0.037301377507563,0.5763936682725396,2017-05-02,0.81,bmo,3201930000.0,2025-04-25,2017-03-31,-0.0123456790123456,122.25935483870968,957562.8548387096
2016-12-31,ECL,USD,31462,2017-02-24,2017-02-24 08:25:17,2016,Q4,3352100000.0,1745100000.0,1607000000.0,0.4794009725,189000000,1046300000.0,0.0,1046300000.0,0.0,1046300000.0,2791400000.0,7700000.0,68300000.0,212600000.0,777400000.0,0.2319143224,556900000.0,0.1661346619,-68300000.0,488600000.0,0.1457593747,116600000.0,366300000.0,0.109274783,1.26,1.24,291700000,295500000,https://www.sec.gov/Archives/edgar/data/31462/000155837017000944/0001558370-17-000944-index.htm,https://www.sec.gov/Archives/edgar/data/31462/000155837017000944/ecl-20161231x10k.htm,11.4916009598903,1.2557422008913266,1.5358244772026055,0.6924922865958176,1.1223860130270826,23.89749742886527,-11.072677408296194,23.65821049022969,23.15838189921152,34193074000.0,40552674000.0,23.336796341796344,10.200493422033947,76.32382589285714,169.27264356435643,4.954728086826738,4.954728086826738,12.097692192953671,52.164489323385645,90.51936160714286,200.75581188118807,0.0107126957933059,0.0059076291298056,0.9689759603541463,0.3648078035155099,8.180602006688963,1.4173014506193284,8.153733528550513,1.2043010752688172,0.0030123059424256,0.2811902811902811,0.3121326929387548,0.056382566152561,0.5565023840438184,0.5491071428571429,0.0733868321350795,1.1571025399811854,0.0053697682050058,25.85428009979013,0.0267472964885141,0.0450586759170418,-29.268255056564964,1260000000.0,-3229900000.0,-7079900000.0,14825800000.0,2397900000.0,1002950000.0,1330900000.0,65.67763491542615,50.70654976792161,68.04538421866941,1.3703294906385417,1.7749186330349878,1.3226466575716234,0.0530784947327237,0.8433321906067878,2017-02-21,1.27,bmo,3404717600.0,2025-04-25,2016-12-31,-0.015748031496063,117.04873015873017,905856.6507936508
2016-09-30,ECL,USD,31462,2016-11-03,2016-11-03 16:32:00,2016,Q3,3386100000.0,1737200000.0,1648900000.0,0.486961401,0,1071600000.0,0.0,1071600000.0,0.0,1071600000.0,2808800000.0,4100000.0,64900000.0,216800000.0,794100000.0,0.2345175866,574100000.0,0.1695460855,-64900000.0,509200000.0,0.1503794926,129700000.0,374100000.0,0.1104810844,1.28,1.27,291600000,295700000,https://www.sec.gov/Archives/edgar/data/31462/000155837016009235/0001558370-16-009235-index.htm,https://www.sec.gov/Archives/edgar/data/31462/000155837016009235/ecl-20160930x10q.htm,11.612139917695472,1.2829218106995883,2.11556927297668,1.4814814814814814,0.6193415637860082,23.80589849108368,-11.96159122085048,23.55829903978052,23.070987654320987,35493552000.0,41975552000.0,23.719294306335204,10.482133427837336,57.53534122224024,82.161,5.166756725282403,5.166756725282403,12.396430111337526,52.85927716912228,68.04271680985573,97.16562962962963,0.0105399425788661,0.0121712247903506,0.9698672411785256,0.3625155069971924,8.162699911849893,0.9995208433157644,8.845916795069337,1.6255599472990778,0.0030118146529826,0.2857524726009088,0.3164702755382298,0.0,0.5674908046227175,0.2997244285945858,0.0546055934555978,0.852859778597786,0.0041640825728714,26.07734174288373,0.0271215205632189,0.0470625235878726,-30.257201646090536,-2000000.0,-3488000000.0,-7265000000.0,13720700000.0,2333800000.0,1000250000.0,1337050000.0,62.45060689288562,52.9835367257656,69.54639650011512,1.4411389172625129,1.6986408526449597,1.2941001191895114,0.054457319203447,0.6340877914951989,2016-11-01,1.28,bmo,3386100000.0,2025-04-25,2016-09-30,0.0,120.7190625,837209.84375
2016-06-30,ECL,USD,31462,2016-08-04,2016-08-04 08:33:26,2016,Q2,3317200000.0,1785200000.0,1532000000.0,0.4618352828,0,1093300000.0,0.0,1093300000.0,0.0,1093300000.0,2878500000.0,6200000.0,65300000.0,209100000.0,709700000.0,0.2139454962,412500000.0,0.124351863,-65300000.0,347200000.0,0.1046665863,83600000.0,258400000.0,0.0778970216,0.88,0.87,292400000,296500000,https://www.sec.gov/Archives/edgar/data/31462/000155837016007312/0001558370-16-007312-index.htm,https://www.sec.gov/Archives/edgar/data/31462/000155837016007312/ecl-20160630x10q.htm,11.344733242134064,0.8837209302325582,1.3758549931600548,0.7698358413132695,0.5725034199726402,22.80984952120383,-13.040697674418604,22.573529411764707,23.63953488372093,34678640000.0,41358140000.0,33.55131578947368,10.454190280959846,86.2009445687298,154.05881830297645,5.253941368078175,5.253941368078175,12.467786084649704,58.27552486966323,102.80422570221228,183.7322967569969,0.0074512725989254,0.0064910273297914,1.0373305052647526,0.375695488515523,9.411723263350712,0.9662608531521328,6.316998468606432,1.5261760242792108,0.0031604468918042,0.4241486068111455,0.3295851923308814,0.0,0.5751950660096792,0.4404673129505344,0.0534185457614855,0.8474414155906265,0.0073857470155552,21.18598025190069,0.0199018081556403,0.0333768196437567,-30.72246922024624,-143000000.0,-3813100000.0,-7459600000.0,13597000000.0,2283400000.0,981950000.0,1358900000.0,62.89038948510792,49.295317051310775,67.1370154604526,1.4310612597066437,1.82573123338106,1.340542164151085,0.0391485493523217,0.6060191518467852,2016-08-02,1.08,bmo,3317200000.0,2025-04-25,2016-06-30,0.0,116.57546875,1142027.671875
2016-03-31,ECL,USD,31462,2016-05-05,2016-05-05 08:38:47,2016,Q1,3097400000.0,1631400000.0,1466000000.0,0.4733001873,0,1088200000.0,0.0,1088200000.0,0.0,1088200000.0,2719600000.0,2800000.0,66100000.0,212200000.0,590000000.0,0.19048234,371500000.0,0.1199393039,-66100000.0,305400000.0,0.0985988248,73400000.0,230800000.0,0.0745141086,0.78,0.77,294400000,298300000,https://www.sec.gov/Archives/edgar/data/31462/000155837016005353/0001558370-16-005353-index.htm,https://www.sec.gov/Archives/edgar/data/31462/000155837016005353/ecl-20160331x10q.htm,10.521059782608695,0.7839673913043478,1.6049592391304348,1.0998641304347827,0.9120244565217392,22.59544836956522,-13.09069293478261,22.35529891304348,23.45618206521739,32831488000.0,39402388000.0,35.56270363951473,10.599692645444566,69.48463068783069,101.3943421865349,4.988526453338196,4.988526453338196,12.72111706592626,66.78370847457627,83.39129735449735,121.68742433600988,0.0070298367225999,0.009862483235606,1.0392013857234024,0.372885976294584,11.137118644067796,1.0085106382978724,5.620272314674735,2.0366379310344827,0.0032895249828457,0.4679376083188908,0.3513269193517143,0.0,0.5727900206086644,0.3147089947089947,0.0480080067153096,0.7007540056550424,0.009394976431846,19.857771044114475,0.0177059577827991,0.0294545547359554,-30.71178668478261,35400000.0,-3853900000.0,-7494800000.0,13768400000.0,2319500000.0,1017849999.5,1387150000.0,65.34254536062505,54.40051489518205,76.46745126884883,1.3773568125222342,1.6543961058716157,1.1769713584878436,0.0350685264533381,0.5050951086956522,2016-05-03,0.76,bmo,3057174025.0,2025-04-25,2016-03-31,0.0131578947368421,106.2422950819672,1618857.7213114754
2015-12-31,ECL,USD,31462,2016-02-26,2016-02-26 08:46:43,2015,Q4,3412000000.0,1831700000.0,1580300000.0,0.4631594373,191000000,1058800000.0,0.0,1058800000.0,0.0,1058800000.0,2890500000.0,1100000.0,62300000.0,212400000.0,779100000.0,0.2283411489,322800000.0,0.0946072685,-62300000.0,260500000.0,0.0763481829,37600000.0,208900000.0,0.0612250879,0.71,0.69,295800000,300600000,https://www.sec.gov/Archives/edgar/data/31462/000155837016003581/0001558370-16-003581-index.htm,https://www.sec.gov/Archives/edgar/data/31462/000155837016003581/ecl-20151231x10k.htm,11.534820824881676,0.7062204192021636,2.04394861392833,1.2363083164300204,0.3137254901960784,23.59837728194726,-12.236646382691008,23.36004056795132,22.068289384719407,33833604000.0,40206304000.0,40.49019147917664,9.916062133645957,55.96031094938802,92.51737489745692,4.896395606303998,4.896395606303998,11.78379366940211,51.60608907714029,66.50066821038703,109.94340716434236,0.0061743348417744,0.0108087805248296,0.9356864788202436,0.346829956495384,8.179566166089078,0.9334858534128117,5.181380417335474,2.712427097353073,0.002929040607084,0.4743896601244615,0.31031652989449,0.055978898007034,0.5686176689894162,0.3951372808468409,0.0700175849941383,1.124764595103578,0.0053048065650644,19.26629432339696,0.0171743222065224,0.0259770943954636,-30.702332657200813,-316900000.0,-3619600000.0,-7213800000.0,13511400000.0,2420100000.0,1042049999.5,1413700000.0,63.0474794841735,51.57176388600753,68.20876781132282,1.4274956070621705,1.7451410077602334,1.3194784613168131,0.0302319859911141,0.8076402974983097,2016-02-23,1.24,bmo,3467934426.0,2025-04-25,2015-12-31,-0.0161290322580645,117.61578125,1271132.5625
2015-09-30,ECL,USD,31462,2015-11-02,2015-11-02 16:33:02,2015,Q3,3446400000.0,1820000000.0,1626400000.0,0.4719127205,0,1070700000.0,0.0,1070700000.0,0.0,1070700000.0,2890700000.0,4000000.0,61600000.0,211400000.0,790900000.0,0.2294858403,413000000.0,0.1198351903,-57600000.0,355400000.0,0.1031220984,105300000.0,257800000.0,0.0748026927,0.87,0.86,295200000,300000000,https://www.sec.gov/Archives/edgar/data/31462/000110465915074906/0001104659-15-074906-index.htm,https://www.sec.gov/Archives/edgar/data/31462/000110465915074906/a15-17904_110q.htm,11.67479674796748,0.8733062330623306,2.5697831978319785,1.7754065040650406,0.6260162601626016,23.179539295392956,-12.970867208672086,22.978319783197836,23.117886178861788,32389344000.0,38967344000.0,31.409371605896045,9.398022284122565,42.696208805694695,61.79993131081854,4.774935723552305,4.774935723552305,11.306680594243268,49.26962194967759,51.36744529396256,74.35097118870445,0.007959407884272,0.016181247758522,0.9969925698785234,0.3581365545217203,8.31710709318498,1.305291570601136,6.704545454545454,3.033186725309876,0.0030596482596251,0.3844065166795966,0.3106720055710306,0.0,0.5651342720816807,0.3091220669654627,0.0680420148560817,1.109271523178808,0.0037720519962859,21.248764024508297,0.0177912274633595,0.0313942301837621,-31.5,1085800000.0,-3829000000.0,-7398300000.0,14969600000.0,2472400000.0,997750000.0,1450950000.0,63.97980501392757,51.1565934065934,71.16923076923077,1.4066938775510205,1.7593040115998066,1.264591439688716,0.0380056610449345,0.7943766937669376,2015-11-02,1.28,bmo,3446400000.0,2025-04-25,2015-09-30,0.0,111.898125,1240943.625
2015-06-30,ECL,USD,31462,2015-08-06,2015-08-06 08:43:57,2015,Q2,3389100000.0,1806500000.0,1582600000.0,0.4669676315,0,1079200000.0,0.0,1079200000.0,0.0,1079200000.0,2885700000.0,2300000.0,61200000.0,218500000.0,732900000.0,0.2162521023,437800000.0,0.129178838,-61200000.0,376600000.0,0.1111209466,67800000.0,302000000.0,0.089109203,1.02,1.0,296200000,301100000,https://www.sec.gov/Archives/edgar/data/31462/000110465915056831/0001104659-15-056831-index.htm,https://www.sec.gov/Archives/edgar/data/31462/000110465915056831/a15-11987_110q.htm,11.441931127616476,1.0195813639432816,1.7694125590817016,1.201553004726536,1.048615800135044,23.225860904794057,-13.048278190411883,22.9966239027684,24.88419986495611,33491334000.0,40490234000.0,27.724614238410595,9.88207311675666,63.90256439610761,94.10321438606348,4.916808679311762,4.916808679311762,11.947193650231624,55.24660117342066,77.25669528715893,113.76856982298398,0.0090172580166558,0.0106266295633371,1.073095895237536,0.3803604044272609,9.549597489425569,1.1180810148219789,7.15359477124183,1.6972150259067358,0.003066464895068,0.3400662251655629,0.3184326222300906,0.0,0.5591003939158987,0.3209311200152642,0.0496296951993154,0.7697940503432494,0.0064323861792216,22.968585202613017,0.0211707634193577,0.0356430501953286,-31.81887238352465,525000000.0,-3864900000.0,-7366700000.0,14392800000.0,2520850000.0,955800000.0,1482850000.0,66.2512171372931,47.877110434541926,72.87185164683088,1.3584656084656084,1.879812695109261,1.235044780200998,0.0443361324798872,0.5678595543551654,2015-07-28,1.08,bmo,3389100000.0,2025-04-25,2015-06-30,0.0,114.98523809523807,1084703.349206349
2015-03-31,ECL,USD,31462,2015-05-07,2015-05-07 08:36:08,2015,Q1,3297600000.0,1765300000.0,1532300000.0,0.4646712761,0,1136800000.0,0.0,1136800000.0,0.0,1136800000.0,2902100000.0,2700000.0,62500000.0,217200000.0,613300000.0,0.1859837458,387700000.0,0.1175703542,-62500000.0,325200000.0,0.0986171761,89800000.0,233400000.0,0.0707787482,0.78,0.77,298200000,303200000,https://www.sec.gov/Archives/edgar/data/31462/000110465915035223/0001104659-15-035223-index.htm,https://www.sec.gov/Archives/edgar/data/31462/000110465915035223/a15-7220_110q.htm,11.058350100603622,0.7826961770623743,0.3772635814889336,-0.2048960429242119,0.7977867203219315,23.259557344064387,-13.144533869885985,23.041582830315225,24.375251509054326,34108116000.0,41076416000.0,36.53397172236504,10.343315138282389,303.18325333333337,-558.2343044189853,4.964068694513172,4.964068694513172,12.456458030082484,66.9760573944236,365.12369777777775,-672.281767594108,0.0068429461187478,-0.001791362501523,1.0487847474894485,0.3743091626843964,11.36197619435839,1.1943217665615142,6.2032,0.4779099405267629,0.0029259898142717,0.4275921165381319,0.3447355652595827,0.0,0.5638738832329109,1.543111111111111,0.0526443474041727,0.7992633517495396,0.0076722464822901,20.14392148718714,0.0165780423495229,0.0277979586246322,-31.57754862508384,800800000.0,-3919700000.0,-7394200000.0,14771600000.0,2586800000.0,1056500000.0,1484950000.0,69.51146288209607,48.46428369115731,76.62720217526766,1.294750480976874,1.8570376604249947,1.174517631403859,0.0339688546063164,0.5821596244131455,2015-04-28,0.81,bmo,3338820000.0,2025-04-25,2015-03-31,-0.0123456790123456,109.57803278688525,1583499.7213114754
2014-12-31,ECL,USD,31462,2015-02-27,2015-02-27 08:50:20,2014,Q4,3680800000.0,1979900000.0,1700900000.0,0.4621006303,197000000,1142100000.0,0.0,1142100000.0,0.0,1142100000.0,3122000000.0,4000000.0,62000000.0,218000000.0,783200000.0,0.2127798305,520500000.0,0.1414094762,-62000000.0,458500000.0,0.1245653119,115200000.0,335500000.0,0.0911486633,1.12,1.1,300100000,305600000,https://www.sec.gov/Archives/edgar/data/31462/000110465915014788/0001104659-15-014788-index.htm,https://www.sec.gov/Archives/edgar/data/31462/000110465915014788/a14-25700_110k.htm,12.265244918360546,1.117960679773409,2.2345884705098302,1.323892035988004,0.6984338553815395,24.59880039986671,-12.63478840386538,24.37820726424525,22.0973008997001,31366452000.0,37726252000.0,23.372915052160952,8.521639860899805,46.77371309275275,78.94903599295243,4.287435858882708,4.287435858882708,10.249470767224516,48.16937180796731,56.25745899194751,94.95658696199344,0.010696141214824,0.0126663991196709,0.8979619732363756,0.3374686002249996,8.120275791624106,1.1104500068390095,8.39516129032258,1.9533935333527528,0.0027258422469968,0.2548435171385991,0.3102858074331667,0.0535209737013692,0.5739955924733006,0.4075454816582165,0.0742501630080417,1.253669724770642,0.0043468811128015,24.763122505205907,0.0232177919308828,0.040456293938188,-30.561562812395863,484500000.0,-3791700000.0,-7213500000.0,14708900000.0,2660550000.0,1104850000.0,1465650000.0,64.22598348185177,52.839032274357294,66.68064043638567,1.4013020139338332,1.7032863041982107,1.3497170904628808,0.0458590193961098,0.910696434521826,2015-02-24,1.2,bmo,3680800000.0,2025-04-25,2014-12-31,0.0,109.39296875,1445236.65625
2014-09-30,ECL,USD,31462,2014-10-30,2014-10-30 16:31:34,2014,Q3,3694900000.0,1970600000.0,1724300000.0,0.4666702752,0,1145900000.0,0.0,1145900000.0,0.0,1145900000.0,3116500000.0,2800000.0,63300000.0,218600000.0,797800000.0,0.21591924,571400000.0,0.1546455926,-63300000.0,508100000.0,0.1375138705,138700000.0,364900000.0,0.0987577472,1.22,1.19,300000000,305700000,https://www.sec.gov/Archives/edgar/data/31462/000110465914075274/0001104659-14-075274-index.htm,https://www.sec.gov/Archives/edgar/data/31462/000110465914075274/a14-19657_110q.htm,12.316333333333333,1.2163333333333333,2.0436666666666667,1.4323333333333332,0.661,25.887666666666668,-12.219666666666669,25.659666666666663,22.867,34449000000.0,41048000000.0,23.601671690874213,9.323391702075837,56.18822378078617,80.16988596695369,4.475116590238897,4.475116590238897,11.109366965276465,51.45149160190524,66.9515576578046,95.5271119385618,0.0105924700281575,0.0124735115678249,0.8829421010925057,0.3452640989952148,8.271496615693156,1.0935578002244668,9.02685624012638,1.6597184623714132,0.0025138610699875,0.2373252946012606,0.3101301794365206,0.0,0.5807333204644972,0.2991355406948295,0.0496359847357168,0.838975297346752,0.0033559771577038,26.49982882020184,0.0242114761495547,0.0442110109527963,-29.894,416800000.0,-3665900000.0,-7047700000.0,14827500000.0,2665850000.0,1025900000.0,1439350000.0,65.62992232536739,47.831624885821576,66.8811529483406,1.3713257125890737,1.8816003055475985,1.345670581808249,0.0474025383546161,0.6113333333333333,2014-10-28,1.2,bmo,3664363636.0,2025-04-25,2014-09-30,0.0083333333333333,112.57875,768025.984375
2014-06-30,ECL,USD,31462,2014-08-07,2014-08-07 07:51:50,2014,Q2,3568200000.0,1909400000.0,1658800000.0,0.4648842554,0,1152700000.0,0.0,1152700000.0,0.0,1152700000.0,3062100000.0,2400000.0,66200000.0,218600000.0,725800000.0,0.2034078807,512200000.0,0.1435457654,-66200000.0,446000000.0,0.1249929937,131000000.0,311400000.0,0.0872708929,1.04,1.02,299600000,305200000,https://www.sec.gov/Archives/edgar/data/31462/000110465914057864/0001104659-14-057864-index.htm,https://www.sec.gov/Archives/edgar/data/31462/000110465914057864/a14-13909_110q.htm,11.90987983978638,1.0393858477970628,1.0597463284379172,0.4379172229639519,0.6241655540720962,24.900200267022697,-13.480307076101468,24.70927903871829,24.01535380507343,33357464000.0,40299264000.0,26.78023763648041,9.348541001064962,105.06287874015749,254.24896341463412,4.505999540720529,4.505999540720529,11.294003699344207,55.52392394599063,126.9268157480315,307.1590243902439,0.0093352420315884,0.0039331527120886,0.9629739696605384,0.3634583813437477,9.56434279415817,1.202979656658852,7.737160120845921,1.007936507936508,0.0025901249567413,0.2774566473988439,0.3230480354240233,0.0,0.5862606940011624,0.5867716535433071,0.0522111989238271,0.8522415370539799,0.0055770416456476,24.038629041555783,0.0209864253365413,0.0383733826247689,-30.97988985313752,805200000.0,-4038700000.0,-7381600000.0,15242900000.0,2578450000.0,977850000.0,1390700000.0,66.52009416512527,47.34733424112287,66.66334974337488,1.3529746331475372,1.9008461921353907,1.3500671710386765,0.0420645963068527,0.6218291054739653,2014-07-29,1.02,bmo,3533557281.0,2025-04-25,2014-06-30,0.0098039215686274,107.1668253968254,867345.5873015873
2014-03-31,ECL,USD,31462,2014-05-08,2014-05-08 07:31:53,2014,Q1,3336600000.0,1819200000.0,1517400000.0,0.4547743212,0,1136900000.0,0.0,1136900000.0,0.0,1136900000.0,2956100000.0,2200000.0,65100000.0,216800000.0,603300000.0,0.1808128035,350900000.0,0.1051669364,-65100000.0,285800000.0,0.0856560571,91300000.0,191000000.0,0.057243901,0.64,0.62,300600000,306500000,https://www.sec.gov/Archives/edgar/data/31462/000110465914036104/0001104659-14-036104-index.htm,https://www.sec.gov/Archives/edgar/data/31462/000110465914036104/a14-8804_110q.htm,11.099800399201596,0.635395874916833,0.7132401862940785,0.2112441783100465,0.999001996007984,24.195276114437792,-14.254158349966731,23.987025948103792,24.181969394544243,32461794000.0,39365494000.0,42.48925916230366,9.729003776299226,151.40762126865673,511.2093543307087,4.502017058456418,4.502017058456418,11.798086075645868,65.25028012597382,183.6077145522388,619.9290393700787,0.005883839938113,0.0019561457385873,0.999098536855974,0.3682386497234632,11.443228907674458,1.2868713402287528,5.390168970814132,1.1023136246786631,0.0026461876999157,0.4497382198952879,0.3407360786429299,0.0,0.5907919891225452,0.7038246268656716,0.0452256788347419,0.6960332103321033,0.0068333033627045,18.518323091639108,0.013911101567004,0.023858597214415,-31.32651363938789,1048400000.0,-4284800000.0,-7587300000.0,15495300000.0,2543800000.0,986550000.0,1344500000.0,67.96259665527782,47.0580474934037,67.63357519788919,1.3242578187013812,1.9125315391084945,1.3307000219442615,0.0264891477706123,0.501996007984032,2014-04-28,0.74,bmo,3336600000.0,2025-04-25,2014-03-31,0.0,104.74983606557376,1167826.3770491802
2013-12-31,ECL,USD,31462,2014-02-28,2014-02-28 07:52:07,2013,Q4,3559500000.0,1963800000.0,1595700000.0,0.4482932996,188000000,1104900000.0,0.0,1104900000.0,0.0,1104900000.0,3068700000.0,2200000.0,67600000.0,214400000.0,724900000.0,0.2036521983,470600000.0,0.13220958,-67600000.0,403000000.0,0.1132181486,113400000.0,287100000.0,0.0806573957,0.95,0.93,301200000,307500000,https://www.sec.gov/Archives/edgar/data/31462/000110465914014489/0001104659-14-014489-index.htm,https://www.sec.gov/Archives/edgar/data/31462/000110465914014489/a13-25814_110k.htm,11.81772908366534,0.953187250996016,2.093625498007968,1.3857901726427624,1.1261620185922976,24.599601593625497,-14.0730411686587,24.383466135458168,23.14774236387782,31406124000.0,37971424000.0,27.34772204806687,8.82318415507796,49.803558515699336,75.24227120268328,4.276258322780932,4.276258322780932,10.667628599522406,52.38160297972134,60.214754202346974,90.97130809774796,0.0091415292125828,0.0132904015790041,0.9401168252930844,0.3516156137804598,9.056835425575942,1.346748072347866,6.961538461538462,2.177486187845304,0.002372148820402,0.2594914663880181,0.3104087652760219,0.0528164067987076,0.593191250986683,0.3380907072629242,0.0598960528164068,0.9944029850746268,0.0044950133445708,22.86799518424748,0.0198825351886158,0.0359400623411739,-30.87964807436919,1209700000.0,-4238800000.0,-7528700000.0,15739900000.0,2528450000.0,974250000.0,1350000000.0,64.93046776232617,46.833180568285975,60.5820348304308,1.3860981308411215,1.921714453469028,1.4855889250321508,0.0390915403782525,0.7078353253652059,2014-02-21,1.05,bmo,3593725961.0,2025-04-25,2013-12-31,-0.0095238095238095,103.95171875,932212.484375
2013-09-30,ECL,USD,31462,2013-10-31,2013-10-31 16:35:26,2013,Q3,3484000000.0,1882800000.0,1601200000.0,0.459586682,0,1097400000.0,0.0,1097400000.0,0.0,1097400000.0,2980200000.0,2200000.0,67000000.0,211900000.0,722000000.0,0.2072330654,476000000.0,0.1366245695,-67000000.0,409000000.0,0.1173938002,101800000.0,308000000.0,0.0884041332,1.02,1.0,301300000,307200000,https://www.sec.gov/Archives/edgar/data/31462/000110465913079690/0001104659-13-079690-index.htm,https://www.sec.gov/Archives/edgar/data/31462/000110465913079690/a13-19567_110q.htm,11.563226020577495,1.022236973116495,1.7796216395618984,1.2227016262860937,1.3089943577829406,22.72120809824096,-15.990706936608031,22.49054098904746,24.286425489545305,29756388000.0,36612488000.0,24.15291233766234,8.540869115958667,55.49494218575159,80.77195439739414,4.391179387285285,4.391179387285285,10.50875086107922,50.70981717451524,68.281402461768,99.38243213897935,0.0103507186423298,0.0123805348955659,1.0699634023965527,0.3696669657788473,9.495983379501386,1.498469037055552,7.104477611940299,1.7454427083333333,0.0023927635303048,0.2311688311688311,0.3149827784156142,0.0,0.5946843006893177,0.3129429317418873,0.0481630309988518,0.7918829636621048,0.0039896670493685,22.74400816146788,0.0208758344747473,0.038743600387436,-32.58405243942914,1595400000.0,-4818000000.0,-7971700000.0,16045400000.0,2462600000.0,919300000.0,1375700000.0,64.29420206659013,44.29254302103251,65.87476099426387,1.3998151793965206,2.0319447442262035,1.3662288658297657,0.0454518623457883,0.5569200132758049,2013-10-29,1.03,bmo,3450500000.0,2025-04-25,2013-09-30,0.0097087378640776,93.029375,923361.890625
2013-06-30,ECL,USD,31462,2013-08-01,2013-08-01 07:48:37,2013,Q2,3337800000.0,1828600000.0,1509200000.0,0.4521541135,0,1083300000.0,0.0,1083300000.0,0.0,1083300000.0,2911900000.0,2600000.0,66200000.0,204600000.0,559500000.0,0.167625382,352300000.0,0.1055485649,-66200000.0,286100000.0,0.0857151417,70300000.0,213100000.0,0.0638444484,0.71,0.69,301500000,307400000,https://www.sec.gov/Archives/edgar/data/31462/000110465913058639/0001104659-13-058639-index.htm,https://www.sec.gov/Archives/edgar/data/31462/000110465913058639/a13-13662_110q.htm,11.070646766169157,0.7067993366500829,0.6865671641791045,0.2029850746268656,1.2444444444444445,22.350580431177445,-16.811276948590383,22.11442786069652,25.122388059701493,26031510000.0,33164510000.0,30.53907789770061,7.799002336868596,125.75608695652174,425.3514705882353,3.9042384701912254,3.9042384701912254,9.936038708131104,59.2752636282395,160.21502415458937,541.9037581699347,0.0081862327617568,0.0023509969264172,1.1260892388451444,0.3820130963707687,12.74888293118856,1.4476043752888614,5.321752265861028,0.959221501390176,0.0026083773088845,0.3186297512904739,0.3245550961711307,0.0,0.6007489455233714,0.7043478260869566,0.0436814668344418,0.7126099706744868,0.0055725328060399,18.753277478952025,0.0153765804199073,0.0271568752389448,-33.255472636815924,1452700000.0,-5068600000.0,-8217400000.0,16039100000.0,2309200000.0,878500000.0,1259300000.0,65.6920726226856,44.88679864377119,67.59105326479275,1.3700283216352669,2.0050438596491227,1.33153717323236,0.0319610048743907,0.4835820895522388,2013-07-30,0.84,bmo,3260176744.0,2025-04-25,2013-06-30,0.0238095238095238,84.4175,1171374.140625
2013-03-31,ECL,USD,31462,2013-05-02,2013-05-02 06:37:18,2013,Q1,2872100000.0,1564900000.0,1307200000.0,0.4551373559,0,995800000.0,0.0,995800000.0,0.0,995800000.0,2560700000.0,3500000.0,61500000.0,185300000.0,450500000.0,0.15685387,261700000.0,0.0911179973,-61500000.0,200200000.0,0.0697050938,39200000.0,159600000.0,0.0555690958,0.54,0.53,295400000,300900000,https://www.sec.gov/Archives/edgar/data/31462/000110465913036197/0001104659-13-036197-index.htm,https://www.sec.gov/Archives/edgar/data/31462/000110465913036197/a13-8307_110q.htm,9.722748815165875,0.5402843601895735,0.6296547054840894,0.1709546377792823,2.7904536222071767,21.09851049424509,-12.52031144211239,20.85883547731889,21.3124576844956,23484300000.0,28894200000.0,36.78618421052632,8.17669997562759,126.25967741935484,465.03564356435646,3.8113345343005984,3.8113345343005984,10.0603043069531,64.13806881243063,155.34516129032258,572.1623762376238,0.0067960296879191,0.0021503728022551,1.0117662333446935,0.360437552757253,12.00865704772475,1.7149988823485582,4.255284552845528,1.15527950310559,0.0001916173784187,0.0281954887218045,0.3467149472511402,0.0,0.5741723615591864,0.728494623655914,0.0471780230493367,0.7312466270912035,0.0073465408586052,15.9238283102294,0.013929224239567,0.0216694726551892,-27.18407244414353,1919200000.0,-3698500000.0,-6460300000.0,14265700000.0,2203600000.0,862350000.0,1116700000.0,68.37819017443682,48.597354463544,65.86810658828041,1.316209156317309,1.8519526627218936,1.366366890770977,0.0259019426456984,0.458700067704807,2013-04-30,0.59,bmo,2824231666.0,2025-04-25,2013-03-31,0.0169491525423729,75.56033333333333,1050981.0333333334
2012-12-31,ECL,USD,31462,2013-02-26,2013-02-26 16:44:35,2012,Q4,3045800000.0,1644200000.0,1401600000.0,0.4601746668,183000000,971100000.0,0.0,971100000.0,0.0,971100000.0,2615300000.0,1500000.0,62500000.0,366000000.0,763300000.0,0.2506073938,395800000.0,0.1299494386,-108800000.0,333300000.0,0.1094293782,98800000.0,231400000.0,0.0759734717,0.79,0.77,293800000,299900000,https://www.sec.gov/Archives/edgar/data/31462/000110465913014387/0001104659-13-014387-index.htm,https://www.sec.gov/Archives/edgar/data/31462/000110465913014387/a12-28463_110k.htm,10.366916269571137,0.7876106194690266,1.6412525527569777,0.9744724302246426,3.9407760381211694,20.966984343090537,-12.94928522804629,20.684138869979577,22.479237576582708,21124220000.0,26508320000.0,22.82219101123596,6.935524328583623,43.80800497718789,73.78351379671673,3.476093467171302,3.476093467171302,8.703237244730449,34.72857330014411,54.973703857320615,92.5893119105833,0.0109542506184843,0.0135531631463788,1.076501563271351,0.372284789128344,7.053714135988471,1.6025158056802176,6.3328,2.056289978678038,0.0059789189849376,0.5458081244598099,0.3188324906428524,0.0600827368835773,0.5670629342772432,0.4062629614267938,0.0643180773524197,0.5352459016393443,0.0049576465953115,19.145458133530777,0.0181706935750278,0.0304165516516161,-27.37074540503744,1839300000.0,-3804500000.0,-6520200000.0,14213000000.0,2212050000.0,869150000.0,1095950000.0,65.74922844572855,48.1529011069213,59.56027247293517,1.3688373556244664,1.8690462657724225,1.511074349784027,0.0380779990126707,0.6667801225323349,2013-02-26,0.89,bmo,3045800000.0,2025-04-25,2012-12-31,0.0,69.58064516129032,1294308.8064516129
2012-09-30,ECL,USD,31462,2012-10-30,2012-10-30 16:35:25,2012,Q3,3023300000.0,1616400000.0,1406900000.0,0.4653524295,0,977700000.0,0.0,977700000.0,0.0,977700000.0,2594100000.0,2600000.0,64200000.0,116700000.0,581800000.0,0.1924387259,401200000.0,0.1327026759,-64200000.0,337000000.0,0.1114676016,97700000.0,238000000.0,0.0787219264,0.81,0.8,292700000,298600000,https://www.sec.gov/Archives/edgar/data/31462/000110465912072308/0001104659-12-072308-index.htm,https://www.sec.gov/Archives/edgar/data/31462/000110465912072308/a12-18762_110q.htm,10.329005807994534,0.8131192347113085,1.7413734198838402,1.2319781346088146,1.1069354287666553,20.58831568158524,-13.566108643662451,20.31226511786813,20.77861291424667,19005011000.000004,24698711000.000004,19.96324684873949,6.286180994277777,37.28666078085149,52.70385745978925,3.1965908097016182,3.1965908097016182,8.169454238745743,42.45223616363012,48.45734942122818,68.49337493067111,0.0125230130095688,0.0189739432405485,1.0121606620244223,0.3598500251154113,9.78635269852183,1.4449568950225282,6.249221183800623,2.1299623903050566,0.0031360150225643,0.2504201680672269,0.3233883504779545,0.0,0.597806587413591,0.2925250147145379,0.0493169715211854,1.2776349614395888,0.0041014785168524,19.27735985625672,0.0195999831534376,0.0353861250706235,-27.91749231294841,1254200000.0,-3970800000.0,-6623700000.0,13585400000.0,2137950000.0,821850000.0,1087750000.0,65.46158171534415,47.806236080178174,61.45879732739421,1.3748522055479764,1.882599580712788,1.4643957238630188,0.0400309482961617,0.5093952852750256,2012-10-30,0.87,bmo,3023300000.0,2025-04-25,2012-09-30,0.0,65.67365079365081,1410915.0317460315
2012-06-30,ECL,USD,31462,2012-08-02,2012-08-02 07:37:52,2012,Q2,2958700000.0,1608900000.0,1349800000.0,0.4562138777,0,981700000.0,0.0,981700000.0,0.0,981700000.0,2590600000.0,2200000.0,63900000.0,116300000.0,507100000.0,0.1713928415,326500000.0,0.1103525197,-63900000.0,262600000.0,0.0887551965,79200000.0,184500000.0,0.0623584682,0.63,0.62,291900000,298200000,https://www.sec.gov/Archives/edgar/data/31462/000110465912053471/0001104659-12-053471-index.htm,https://www.sec.gov/Archives/edgar/data/31462/000110465912053471/a12-13699_110q.htm,10.136005481329224,0.632065775950668,0.3446385748544022,-0.1144227475162727,1.0445357999314837,19.5347721822542,-14.595751969852689,19.25933538883179,21.885577252483728,20003907000.0,26023507000.0,27.105565040650408,6.761046067529659,198.84599403578528,-598.9193712574851,3.558274396100894,3.558274396100894,8.795588265116436,51.31829422204693,258.682972166998,-779.1469161676647,0.0092231982482222,-0.0016696738292174,1.1249955530257214,0.3841084941756653,11.870636955235652,1.1326687338800825,5.109546165884194,0.5485278080697928,0.0029844169941401,0.3235772357723577,0.3318011288741677,0.0,0.605068810961167,1.3320079522862822,0.0452901612194544,1.1521926053310405,0.0058809612329739,16.549811245262372,0.0157695573259847,0.0283728297476432,-28.656303528605687,457800000.0,-4260500000.0,-6854700000.0,12705600000.0,2062950000.0,795100000.0,1079550000.0,63.1767330246392,43.9175834421033,59.94965504381875,1.4245750878713468,2.049293083683607,1.5012596808808436,0.0328186701768117,0.4590613223706749,2012-07-31,0.72,bmo,2958700000.0,2025-04-25,2012-06-30,0.0,64.09269841269841,1561341.6666666667
2012-03-31,ECL,USD,31462,2012-05-03,2012-05-03 07:01:54,2012,Q1,2810900000.0,1614000000.0,1196900000.0,0.4258066811,0,989700000.0,0.0,989700000.0,0.0,989700000.0,2603700000.0,2600000.0,86100000.0,115500000.0,345600000.0,0.1229499449,165800000.0,0.0589846668,-86100000.0,79700000.0,0.028353908,35600000.0,49700000.0,0.0176811697,0.17,0.17,291500000,297900000,https://www.sec.gov/Archives/edgar/data/31462/000110465912032271/0001104659-12-032271-index.htm,https://www.sec.gov/Archives/edgar/data/31462/000110465912032271/a12-7409_110q.htm,9.642881646655232,0.1704974271012007,0.379073756432247,-0.0617495711835334,1.214408233276158,19.91457975986278,-15.024013722126927,19.667924528301885,21.763293310463123,17991380000.0,23895280000.0,90.49989939637828,6.40057632786652,162.8179185520362,-999.5211111111112,3.138104374520338,3.138104374520338,8.500935643388239,69.14143518518519,216.2468778280543,-1327.5155555555557,0.0027624340100648,-0.0010004791183333,1.0915195702225633,0.3711310247483942,17.08304398148148,1.1292420007984942,1.9256678281068524,2.505668934240363,0.0034016290023333,1.2313883299798791,0.3520936354904123,0.0,0.6040078995593564,1.16289592760181,0.0457148955850439,1.1125541125541123,0.0074353409939876,8.686192312582167,0.0062400544007105,0.0074433511554417,-29.578559176672385,453200000.0,-4379500000.0,-7096800000.0,12969400000.0,2072150000.0,810400000.0,1078500000.0,65.60532213881675,44.89405204460967,60.635687732342014,1.3718399219131283,2.004719910570115,1.4842744160382564,0.0086688062513081,0.4408233276157804,2012-05-01,0.48,bmo,2698464000.0,2025-04-25,2012-03-31,0.0416666666666667,60.48774193548387,1760894.4516129033
2011-12-31,ECL,USD,31462,2012-02-28,2012-02-28 17:14:44,2011,Q4,1845300000.0,966500000.0,878800000.0,0.4762369262,0,651600000.0,0.0,651600000.0,0.0,651600000.0,1618100000.0,2000000.0,36400000.0,110700000.0,276900000.0,0.1500569013,164200000.0,0.0889828212,-34400000.0,129800000.0,0.070340866,41000000.0,88700000.0,0.0480680648,0.3,0.3,291500000,291500000,https://www.sec.gov/Archives/edgar/data/31462/000110465912014104/0001104659-12-014104-index.htm,https://www.sec.gov/Archives/edgar/data/31462/000110465912014104/a11-30850_110k.htm,6.330360205831904,0.3042881646655231,0.4967409948542024,0.0809605488850771,6.324528301886793,19.695025728987996,-15.057975986277873,19.439794168096057,26.321097770154378,16851615000.0,22644215000.0,47.49609639233371,9.132181759063569,116.37855662983424,714.0514830508474,2.973796918841654,2.973796918841654,12.271291930851351,81.77759118815457,156.3827002762431,959.5006355932204,0.0052635904629912,0.0014004592438172,1.34755677907777,0.4186329546949695,20.919465511014806,1.704197328111676,4.510989010989011,1.6306306306306306,0.0024092646313127,0.4577226606538895,0.353113314908145,0.0,0.5553758607078637,0.8370165745856354,0.0656803771744431,1.094850948509485,0.006448815910692,11.536647433285092,0.0069783539300071,0.0109367101093671,-29.33044596912521,2229700000.0,-4389400000.0,-7103700000.0,14655600000.0,1619200000.0,614550000.0,787250000.0,102.19313932693872,75.95757889291258,99.60062079668909,0.8806853433875818,1.1848718891749417,0.9036088257292446,0.0156528491008876,0.4157804459691252,2012-02-28,0.7,bmo,1845300000.0,2025-04-25,2011-12-31,0.0,54.29238095238095,3054805.9206349207
2011-09-30,ECL,USD,31462,2011-10-31,2011-10-31 08:37:30,2011,Q3,1736100000.0,877900000.0,858200000.0,0.4943263637,0,595300000.0,0.0,595300000.0,0.0,595300000.0,1473200000.0,2700000.0,15900000.0,97100000.0,325200000.0,0.1873163988,239600000.0,0.1380104833,-13200000.0,226400000.0,0.1304072346,71900000.0,154300000.0,0.0888773688,0.67,0.65,231900000,236100000,https://www.sec.gov/Archives/edgar/data/31462/000110465911059014/0001104659-11-059014-index.htm,https://www.sec.gov/Archives/edgar/data/31462/000110465911059014/a11-25620_110q.htm,7.486416558861579,0.6653730056058645,1.0288917636912462,0.6532988357050453,0.8939197930142303,10.655023717119448,2.3635187580853816,10.638206123329022,4.540319103061664,11337591000.0,12167291000.0,18.369395657809463,6.530494211162951,47.51714585079631,74.83558415841584,4.595699635184435,4.595699635184435,7.008404469788607,37.41479397293973,50.99451383067896,80.31215181518152,0.013609593078459,0.0133626270342615,0.4203486015403324,0.188353676256902,2.551353013530135,1.292575879334858,15.069182389937106,1.544336569579288,0.0036251087201857,0.2663642255346727,0.3428949945279649,0.0,0.3492444056960186,0.365046102263202,0.0501699210874949,0.8970133882595263,0.0040320258049651,12.619962028747086,0.0387028547660272,0.0430668750697778,-7.40674859853385,473300000.0,548100000.0,-943700000.0,3614300000.0,1124900000.0,406950000.0,500200000.0,59.258683255572834,42.38068117097619,51.76102061738239,1.5187647624879712,2.1236090953072084,1.7387601505248564,0.062545601945683,0.375592927986201,2011-10-25,0.75,bmo,1736100000.0,2025-04-25,2011-09-30,0.0,50.88265625,4038009.171875
2011-06-30,ECL,USD,31462,2011-08-04,2011-08-04 16:31:44,2011,Q2,1698800000.0,860800000.0,838000000.0,0.4932893807,0,609600000.0,0.0,609600000.0,0.0,609600000.0,1470400000.0,1700000.0,14800000.0,96700000.0,282800000.0,0.1664704497,198300000.0,0.1167294561,-13100000.0,185200000.0,0.1090181304,59000000.0,125900000.0,0.0741111373,0.54,0.53,231600000,236100000,https://www.sec.gov/Archives/edgar/data/31462/000110465911043737/0001104659-11-043737-index.htm,https://www.sec.gov/Archives/edgar/data/31462/000110465911043737/a11-13788_110q.htm,7.335060449050086,0.5436096718480138,1.0621761658031088,0.6947322970639033,0.7046632124352331,10.1139896373057,1.76727115716753,10.095854922279791,4.842832469775475,13057608000.0,14001208000.0,25.92853057982526,7.686371556392748,53.07970731707317,81.15356121814791,5.584470105209135,5.584470105209135,8.241822462915,49.509222065063646,56.91547967479675,87.0180733374767,0.0096418884683932,0.0123223181458656,0.473355572662732,0.20468247216777,3.3366336633663365,1.2162722615272017,13.39864864864865,1.953931691818904,0.0031092984258678,0.3224781572676727,0.3588415352013185,0.0,0.3574915856049118,0.3459349593495935,0.0500941841299741,0.8800413650465356,0.0057687779609135,11.112362421187838,0.0323943791782155,0.0362375154707423,-7.87575561312608,354600000.0,409300000.0,-1070800000.0,3500400000.0,1074649999.5,380100000.0,487850000.0,58.63138686131386,41.873838289962826,51.806459107806695,1.535014005602241,2.1493133583021224,1.7372351160443995,0.053844837909503,0.3674438687392055,2011-07-27,0.64,bmo,1698800000.0,2025-04-25,2011-06-30,0.0,52.9331746031746,1402348.365079365
2011-03-31,ECL,USD,31462,2011-05-05,2011-05-05 07:31:11,2011,Q1,1518300000.0,770400000.0,747900000.0,0.4925903972,0,581600000.0,0.0,581600000.0,0.0,581600000.0,1352000000.0,1500000.0,15000000.0,91200000.0,232800000.0,0.1533293815,151700000.0,0.0999143779,-13500000.0,138200000.0,0.0910228545,44400000.0,93600000.0,0.0616478957,0.4,0.4,232000000,235900000,https://www.sec.gov/Archives/edgar/data/31462/000110465911025984/0001104659-11-025984-index.htm,https://www.sec.gov/Archives/edgar/data/31462/000110465911025984/a11-7908_110q.htm,6.544396551724138,0.4034482758620689,0.2418103448275862,-0.0711206896551724,0.6525862068965518,9.546120689655172,1.3357758620689657,9.528448275862068,5.194396551724138,11836640000.0,12875340000.0,31.61495726495727,7.795982348679444,210.99180035650625,-717.3721212121212,5.354491993124039,5.354491993124039,8.480102746492788,55.30644329896907,229.50695187165772,-780.3236363636364,0.0079076494680922,-0.0013939766690547,0.538360626074369,0.2261558634057351,4.461769759450172,1.144649133438371,10.113333333333332,0.5993589743589743,0.0034300274402195,0.4337606837606838,0.3830600013172627,0.0,0.3619710012732075,1.2941176470588236,0.0478166370282552,0.7960526315789473,0.0073766712770862,9.30028551400938,0.0250000746692547,0.0278778853313477,-8.078232761853448,238700000.0,309900000.0,-1158700000.0,3336000000.0,1021099999.5,354500000.0,463900000.0,61.8020153526971,42.021028037383175,56.098130841121495,1.4562631895801488,2.1417848206839034,1.6043315285297792,0.0423414457613317,0.3129310344827586,2011-04-26,0.44,bmo,1484560000.0,2025-04-25,2011-03-31,0.0227272727272727,49.23967741935484,1672544.9193548388
2010-12-31,ECL,USD,31462,2011-02-25,2011-02-25 16:27:49,2010,Q4,1575500000.0,783700000.0,791800000.0,0.5025706125,0,579700000.0,0.0,579700000.0,0.0,579700000.0,1363400000.0,2700000.0,16900000.0,88400000.0,294700000.0,0.1870517296,203600000.0,0.1292288162,-14200000.0,189400000.0,0.1202158045,57800000.0,131300000.0,0.0833386227,0.57,0.57,232000000,232000000,https://www.sec.gov/Archives/edgar/data/31462/000110465911010321/0001104659-11-010321-index.htm,https://www.sec.gov/Archives/edgar/data/31462/000110465911010321/a11-2254_110k.htm,6.790948275862069,0.565948275862069,1.3456896551724138,0.9956896551724138,1.044396551724138,9.19396551724138,2.246551724137931,9.177586206896551,3.717672413793104,11697440000.0,12300740000.0,22.27235338918507,7.424589019358933,37.46777706598335,50.6382683982684,5.493819274845013,5.493819274845013,7.807515074579499,41.73987105531049,39.40019218449712,53.24995670995671,0.0112246782201917,0.019747910653955,0.3971444674055983,0.1735560937564139,2.047166610111978,1.4114583333333333,12.04733727810651,2.372340425531915,0.0030690475864804,0.2734196496572734,0.3679466835925103,0.0,0.3308156479619063,0.2600896860986547,0.0515391939066962,0.918552036199095,0.0052046969216121,10.81045232787665,0.037859692199104,0.0402711323763955,-6.566379310344828,545100000.0,521200000.0,-869300000.0,3305200000.0,1009700000.0,348100000.0,452050000.0,57.10187242145351,40.11356386372336,51.40232231721322,1.5761304521808723,2.2436301173776125,1.750893655049151,0.0616663535600225,0.35,2011-02-17,0.61,bmo,1601758333.0,2025-04-25,2010-12-31,-0.0163934426229508,49.74875,1540775.671875
2010-09-30,ECL,USD,31462,2010-11-04,2010-11-04 16:33:55,2010,Q3,1561900000.0,763400000.0,798500000.0,0.5112363147,0,558500000.0,0.0,558500000.0,0.0,558500000.0,1321900000.0,1400000.0,14900000.0,81500000.0,328000000.0,0.2100006402,245100000.0,0.1569242589,-14900000.0,230200000.0,0.1473845957,55900000.0,174200000.0,0.1115308278,0.75,0.74,232800000,237000000,https://www.sec.gov/Archives/edgar/data/31462/000110465910056085/0001104659-10-056085-index.htm,https://www.sec.gov/Archives/edgar/data/31462/000110465910056085/a10-17257_110q.htm,6.709192439862543,0.7482817869415808,1.1735395189003437,0.872852233676976,0.7233676975945017,8.45274914089347,1.5584192439862543,8.437285223367697,4.320446735395189,11812272000.0,12634772000.0,16.952169919632606,7.56275817914079,43.23672035139092,58.13125984251968,6.013782710518278,6.013782710518278,8.089360394391447,38.52064634146341,46.24733528550512,62.17899606299213,0.0147473745948281,0.0172024484366767,0.50448019549944,0.2038259796359148,2.5076219512195124,1.289100514388989,16.449664429530202,1.5674125071715432,0.0030646094163764,0.2078071182548794,0.3575773096869197,0.0,0.330145016970071,0.2562225475841874,0.0448172098085664,0.8588957055214724,0.004353671809975,11.918599097093622,0.0492716841726118,0.0534930139720558,-7.440721649484536,415900000.0,362800000.0,-1039200000.0,3158200000.0,984950000.0,335450000.0,448900000.0,58.763045009283566,40.89730154571653,53.81844380403459,1.5315748185918807,2.200634188526953,1.672289156626506,0.088687506363914,0.3006872852233677,2010-10-26,0.65,bmo,1538234848.0,2025-04-25,2010-09-30,0.0153846153846153,48.55953125,1606326.5625
2010-06-30,ECL,USD,31462,2010-08-05,2010-08-05 06:03:00,2010,Q2,1520200000.0,750000000.0,770200000.0,0.5066438626,0,565300000.0,0.0,565300000.0,0.0,565300000.0,1315300000.0,1100000.0,15000000.0,91800000.0,297200000.0,0.195500592,204300000.0,0.1343902118,-15000000.0,189300000.0,0.1245230891,59800000.0,129300000.0,0.0850545981,0.55,0.54,233400000,237400000,https://www.sec.gov/Archives/edgar/data/31462/000110465910042034/0001104659-10-042034-index.htm,https://www.sec.gov/Archives/edgar/data/31462/000110465910042034/a10-12430_110q.htm,6.513281919451585,0.5539845758354756,0.983718937446444,0.6113967437874893,0.5197086546700943,7.976006855184233,1.3354755784061696,7.961868037703513,4.193230505569837,10481994000.0,11324394000.0,20.266809744779582,6.8951414287593735,45.65328397212543,73.45475823405746,5.6406360652209,5.6406360652209,7.449279042231286,38.1036137281292,49.322273519163765,79.35805185704275,0.0123354392303601,0.0136138219502892,0.5185922617446053,0.2066340752176337,2.8344549125168235,1.295096649003657,13.62,1.772972972972973,0.0034917020559256,0.2830626450116009,0.3718589659255361,0.0,0.3323255714224452,0.3784843205574913,0.057163531114327,0.9466230936819172,0.0064465201947112,9.962023989823416,0.038284525748888,0.0415234914416005,-7.487896315338475,395400000.0,311700000.0,-1066900000.0,3069300000.0,950150000.0,320000000.0,455100000.0,56.24851993158794,38.88,52.956,1.6000421008314911,2.314814814814815,1.699524133242692,0.0695797234031103,0.3723221936589546,2010-07-27,0.56,bmo,1520200000.0,2025-04-25,2010-06-30,0.0,46.635714285714286,2401081.9682539683
2010-03-31,ECL,USD,31462,2010-05-06,2010-05-06 07:14:55,2010,Q1,1432100000.0,716700000.0,715400000.0,0.4995461211,0,558100000.0,0.0,558100000.0,0.0,558100000.0,1274800000.0,1300000.0,15000000.0,86200000.0,241300000.0,0.1684938203,153800000.0,0.107394735,-15000000.0,138800000.0,0.0969206061,43100000.0,95500000.0,0.0666852873,0.41,0.4,235400000,239000000,https://www.sec.gov/Archives/edgar/data/31462/000110465910025985/0001104659-10-025985-index.htm,https://www.sec.gov/Archives/edgar/data/31462/000110465910025985/a10-5726_110q.htm,6.083687340696686,0.4056924384027188,0.5751911639762107,0.3220050977060323,0.3623619371282923,7.937553101104503,0.980033984706882,7.904418011894648,4.477485131690739,10345830000.0,11299530000.0,27.083324607329843,7.224237134278333,76.40937961595273,136.48852242744064,5.560181652066427,5.560181652066427,7.890182249842888,46.8277248238707,83.4529542097489,149.07031662269128,0.00923077220484,0.0073266233835274,0.55839200300962,0.2178562442338337,3.952341483630336,1.2542335766423358,10.253333333333334,1.4148380355276906,0.003556988661132,0.3853403141361256,0.3897074226660149,0.0,0.3434118929799547,0.4401772525849335,0.041617205502409,0.691415313225058,0.0030724111444731,8.49424269087586,0.0282004677871906,0.0304975410359583,-7.936703483432456,348300000.0,230700000.0,-1182400000.0,3127900000.0,983150000.0,338450000.0,481150000.0,59.71510369387613,39.68187526161574,58.88237756383424,1.507156388128815,2.268037974683544,1.528470889315419,0.0513247702477562,0.2531860662701784,2010-04-27,0.39,bmo,1362241463.0,2025-04-25,2010-03-31,0.0512820512820511,43.78180327868853,1870625.37704918
2009-12-31,ECL,USD,31462,2010-02-26,2010-02-26 16:38:17,2009,Q4,1564500000.0,781100000.0,783400000.0,0.5007350591,0,577400000.0,0.0,577400000.0,0.0,577400000.0,1358500000.0,1300000.0,16400000.0,85700000.0,282800000.0,0.1807606264,195800000.0,0.1251518057,-15100000.0,180700000.0,0.1155001598,64400000.0,115800000.0,0.0740172579,0.49,0.49,235400000,235400000,https://www.sec.gov/Archives/edgar/data/31462/000110465910010302/0001104659-10-010302-index.htm,https://www.sec.gov/Archives/edgar/data/31462/000110465910010302/a09-36096_110k.htm,6.646134239592183,0.491928632115548,0.6945624468988955,0.2757009345794392,0.3126593033135089,8.53695836873407,1.2022090059473236,8.5,4.178844519966015,10494132000.0,11387832000.0,22.65572538860103,6.707658676893576,64.18429357798165,161.69694915254237,5.244705882352941,5.244705882352941,7.278895493767977,40.26814710042433,69.6503486238532,175.4673651771957,0.0110347382708736,0.0061844085818627,0.4834324553950722,0.1926547033400386,3.1601838755304104,1.4511278195488722,11.939024390243905,1.405846947549441,0.0031636728030484,0.2867012089810017,0.3690635985937999,0.0,0.343882570853831,0.6030581039755352,0.0630233301374241,1.1505250875145858,0.0092042186001917,9.699554159449727,0.0325696484220507,0.035151625535015,-8.194243840271877,564000000.0,283000000.0,-1197100000.0,3466800000.0,1014550000.0,364100000.0,484100000.0,58.45254074784277,41.583664063500194,56.85059531430035,1.5397106583997635,2.1643114436131894,1.583096878800162,0.0578739567194762,0.4188615123194562,2010-02-11,0.56,bmo,1592945454.0,2025-04-25,2009-12-31,-0.0178571428571428,45.3890625,1168315.71875
2009-09-30,ECL,USD,31462,2009-11-06,2009-11-06 08:24:43,2009,Q3,1546400000.0,763900000.0,782500000.0,0.5060139679,0,554100000.0,0.0,554100000.0,0.0,554100000.0,1318000000.0,1300000.0,15100000.0,83600000.0,307900000.0,0.1991076048,223000000.0,0.1442058976,-15100000.0,207900000.0,0.134441283,62700000.0,145000000.0,0.0937661666,0.61,0.6,237000000,240600000,https://www.sec.gov/Archives/edgar/data/31462/000110465909063126/0001104659-09-063126-index.htm,https://www.sec.gov/Archives/edgar/data/31462/000110465909063126/a09-29399_110q.htm,6.524894514767933,0.6118143459915611,0.979324894514768,0.6683544303797468,0.4535864978902953,8.31223628691983,1.2151898734177216,8.277637130801688,4.160759493670886,10956510000.0,11820010000.0,18.89053448275862,7.085172012415934,47.20598879793192,69.16988636363637,5.584927107758181,5.584927107758181,7.643565700982928,38.38911984410523,50.92636794485136,74.62127525252525,0.0132341411635639,0.0144571583469553,0.4949536140279335,0.1946359846055163,2.8044819746671,1.4045943228401268,14.7682119205298,1.5984848484848484,0.0030210349828549,0.2282758620689655,0.3583160889808587,0.0,0.3371552277100705,0.3175355450236967,0.0476590791515778,0.881578947368421,0.0051733057423693,10.674665606920913,0.0408043259571987,0.043849038345228,-8.076582278481013,523100000.0,288000000.0,-1202800000.0,3354200000.0,991800000.0,355500000.0,475750000.0,58.95628556647697,43.27398874198193,55.93925906532269,1.5265547877591312,2.079771304111081,1.6088879528222408,0.0739117137322866,0.3109704641350211,2009-10-27,0.6,bmo,1521049180.0,2025-04-25,2009-09-30,0.0166666666666666,41.9915625,2084040.640625
2009-06-30,ECL,USD,31462,2009-08-07,2009-08-07 08:11:34,2009,Q2,1441500000.0,725100000.0,716400000.0,0.4969823101,0,526400000.0,0.0,526400000.0,0.0,526400000.0,1251500000.0,1700000.0,15200000.0,84600000.0,251300000.0,0.1743322928,165000000.0,0.1144640999,-15200000.0,149800000.0,0.1039195283,50300000.0,99100000.0,0.0687478321,0.42,0.41,236500000,239500000,https://www.sec.gov/Archives/edgar/data/31462/000110465909047977/0001104659-09-047977-index.htm,https://www.sec.gov/Archives/edgar/data/31462/000110465909047977/a09-17634_110q.htm,6.0951374207188165,0.4190274841437632,1.150105708245243,0.8718816067653277,0.3496828752642706,7.66215644820296,0.5767441860465117,7.628329809725159,4.65031712473573,9221135000.0,10223035000.0,23.262197275479316,6.396902532084634,33.90123161764706,44.71937439379244,5.111210575910427,5.111210575910427,7.091942421089144,40.68060087544768,37.5846875,49.57824927255092,0.0107470501191013,0.0223616723971615,0.6011861870184579,0.2200758882373232,3.986868284918424,1.3059929845510858,10.855263157894736,2.7336683417085426,0.0036221137636527,0.3370332996972754,0.3651751647589317,0.0,0.3400158269585861,0.2419117647058823,0.0456468955948664,0.7777777777777778,0.0048560527228581,8.480612984255922,0.028613682881023,0.0304679333456311,-8.740803382663847,410000000.0,136400000.0,-1366300000.0,3228600000.0,941950000.0,326300000.0,472150000.0,60.59937565036421,42.6603227141084,59.16839056681837,1.485163816196167,2.109688681990108,1.5210824417872877,0.0549304362285904,0.2782241014799154,2009-07-28,0.48,bmo,1383840000.0,2025-04-25,2009-06-30,0.0416666666666667,37.57333333333333,1942067.746031746
2009-03-31,ECL,USD,31462,2009-05-08,2009-05-08 08:59:09,2009,Q1,1348200000.0,707900000.0,640300000.0,0.4749295357,0,516300000.0,0.0,516300000.0,0.0,516300000.0,1224200000.0,2000000.0,17800000.0,80400000.0,179900000.0,0.1334371755,97500000.0,0.0723186471,-15800000.0,81700000.0,0.0605993176,24000000.0,57400000.0,0.0425752856,0.24,0.24,236100000,238100000,https://www.sec.gov/Archives/edgar/data/31462/000110465909030783/0001104659-09-030783-index.htm,https://www.sec.gov/Archives/edgar/data/31462/000110465909030783/a09-11046_110q.htm,5.710292249047014,0.2431173231681491,0.1160525201185938,-0.1346886912325285,0.3367217280813214,6.743329097839898,0.0580262600592969,6.712833545108005,5.235916984328674,8199752999.999999,9338653000.0,35.71320993031358,6.082000445037828,299.26105839416056,-257.8538679245283,5.173672155971985,5.173672155971985,6.926756415962023,51.9102445803224,340.8267518248175,-293.6683333333333,0.00700021086001,-0.0038781655984027,0.7687551265064042,0.2590246183936391,6.330739299610895,1.1841142535528353,5.477528089887641,0.4748700173310225,0.0040245114700406,0.5749128919860628,0.3829550511793502,0.0,0.3355584846294485,2.160583941605839,0.0439103990505859,0.736318407960199,0.0058596647381694,6.059714329331072,0.0185953629843281,0.0183656491969027,-8.951397712833545,261700000.0,13700000.0,-1428600000.0,2954100000.0,942150000.0,334250000.0,467400000.0,60.967957276368494,39.27249611527051,59.449074728068936,1.476185262235848,2.291680155390094,1.513900769888794,0.0362167960123667,0.2507412113511224,2009-04-28,0.33,bmo,1348200000.0,2025-04-25,2009-03-31,0.0,33.45852459016393,2737590.344262295
2008-12-31,ECL,USD,31462,2009-02-27,2009-02-27 16:10:25,2008,Q4,1483300000.0,770200000.0,713100000.0,0.4807523765,0,541800000.0,0.0,541800000.0,31500000.0,573300000.0,1343500000.0,0.0,47000000.0,79500000.0,219300000.0,0.147846019,139800000.0,0.094249309,-15500000.0,124300000.0,0.0837996359,44300000.0,80000000.0,0.0539337963,0.34,0.34,236100000,236100000,https://www.sec.gov/Archives/edgar/data/31462/000110465909013091/0001104659-09-013091-index.htm,https://www.sec.gov/Archives/edgar/data/31462/000110465909013091/a09-1718_110k.htm,6.282507412113511,0.338839474798814,1.0885218127911902,0.6874205844980941,0.2825074121135112,6.656501482422702,-0.096569250317662,6.656501482422702,5.01990681914443,8298915000.0,9370415000.0,25.934109375,5.594899885390683,32.29149805447471,51.133179297597046,5.280551667090863,5.280551667090863,6.31727566911616,42.72875056999544,36.46075875486381,57.73515095502157,0.0096398143612749,0.0195567733854365,0.7242300839908373,0.2392734764237213,4.886000911992704,1.17282751924544,2.974468085106383,3.2125,0.0038800252804131,0.4025,0.3652666352052855,0.0,0.3351762702600433,0.3684824902723735,0.0638441313287939,1.191194968553459,0.0,7.123792739249704,0.0246246106470131,0.025296442687747,-9.13490046590428,249200000.0,-22800000.0,-1494200000.0,2978800000.0,1035900000.0,377250000.0,483700000.0,58.91593069507179,42.02025447935601,54.593612048818486,1.527600411946447,2.14182424916574,1.6485445205479452,0.0509035377958768,0.4011012282930961,2009-02-12,0.45,bmo,1483300000.0,2025-04-25,2008-12-31,0.0,36.97984375,3384332.703125
2008-09-30,ECL,USD,31462,2008-10-31,2008-10-31 09:45:23,2008,Q3,1626300000.0,834300000.0,792000000.0,0.4869950194,0,578500000.0,0.0,578500000.0,11800000.0,590300000.0,1424600000.0,1900000.0,27800000.0,85200000.0,288500000.0,0.1773965443,201700000.0,0.1240238578,-15700000.0,185700000.0,0.1141855746,59500000.0,126200000.0,0.0775994589,0.51,0.5,247500000,251800000,https://www.sec.gov/Archives/edgar/data/31462/000110465908067172/0001104659-08-067172-index.htm,https://www.sec.gov/Archives/edgar/data/31462/000110465908067172/a08-25337_110q.htm,6.570909090909091,0.5098989898989899,0.7494949494949495,0.3470707070707071,0.4125252525252525,9.023434343434344,1.9616161616161616,9.023434343434344,4.307878787878788,12008700000.0,12945000000.0,23.789025356576865,7.384061981184283,64.73692722371968,139.7986030267753,5.377110106120987,5.377110106120987,7.959786017339974,44.87001733102253,69.78436657681941,150.6984866123399,0.0105090476071514,0.0071531473015397,0.4649621636143823,0.203054420305442,3.245407279029463,1.415695067264574,7.255395683453237,1.4698890649762282,0.0026730620300282,0.2543581616481775,0.3557154276578737,0.0,0.3417743796319834,0.5369272237196766,0.0612433130418741,1.1690140845070425,0.0043042489085654,10.174645020126407,0.0346591448087144,0.0374914589584385,-6.88,556200000.0,485500000.0,-986400000.0,3465300000.0,1091450000.0,397000000.0,499650000.0,60.91864969562811,42.599784250269686,53.95900755124056,1.4773800872093024,2.112686756140795,1.6679328268692524,0.0565083060941208,0.4024242424242424,2008-10-23,0.55,bmo,1626300000.0,2025-04-25,2008-09-30,0.0,45.590625,1620993.015625
2008-06-30,ECL,USD,31462,2008-08-01,2008-08-01 08:11:00,2008,Q2,1570000000.0,798800000.0,771200000.0,0.4912101911,0,580000000.0,0.0,580000000.0,-19300000.0,560700000.0,1359500000.0,2500000.0,17800000.0,85100000.0,298100000.0,0.1898726115,210500000.0,0.1340764331,-15300000.0,195200000.0,0.1243312102,56200000.0,139000000.0,0.0885350318,0.56,0.55,247100000,251400000,https://www.sec.gov/Archives/edgar/data/31462/000110465908049087/0001104659-08-049087-index.htm,https://www.sec.gov/Archives/edgar/data/31462/000110465908049087/a08-18634_110q.htm,6.353702954269527,0.5625252934034803,0.7029542695265075,0.2658842573856738,0.8984216916228248,8.898016997167138,1.5552407932011332,8.898016997167138,5.1392148927559695,10622829000.0,11652929000.0,19.10580755395684,6.7661331210191085,61.156183074265975,161.68689497716895,4.831413562559695,4.831413562559695,7.422247770700637,39.09067091580007,67.08652274035694,177.3657382039574,0.0130850265969639,0.0061847931469103,0.5694728703324692,0.2337970310895341,3.455551828245555,1.275853236857271,11.825842696629213,1.249640287769784,0.0030312076001599,0.2316546762589928,0.3694267515923566,0.0,0.3387918961814956,0.6217616580310881,0.0687898089171974,1.2690951821386605,0.0049044585987261,10.612284932846151,0.0359469002873442,0.0392533393578266,-7.582658842573856,430800000.0,384300000.0,-1164300000.0,3402500000.0,1054150000.0,393250000.0,487400000.0,62.031210191082806,44.96619929894842,56.233099649474205,1.4508825432030312,2.0015033826108746,1.6004808655580045,0.0632191749670259,0.4370700121408337,2008-07-24,0.47,bmo,1570000000.0,2025-04-25,2008-06-30,0.0,45.27359375,1162053.03125
2008-03-31,ECL,USD,31462,2008-05-02,2008-05-02 09:48:23,2008,Q1,1457900000.0,738300000.0,719600000.0,0.4935866658,0,557200000.0,0.0,557200000.0,1900000.0,559100000.0,1297400000.0,2500000.0,16700000.0,84900000.0,248100000.0,0.170176281,160500000.0,0.1100898553,-15000000.0,145700000.0,0.0999382674,42800000.0,102900000.0,0.0705809726,0.42,0.41,247000000,251500000,https://www.sec.gov/Archives/edgar/data/31462/000110465908029324/0001104659-08-029324-index.htm,https://www.sec.gov/Archives/edgar/data/31462/000110465908029324/a08-11241_110q.htm,5.9024291497975705,0.4165991902834008,0.5546558704453441,0.1813765182186235,0.888663967611336,8.337651821862348,1.019433198380567,8.337651821862348,5.366801619433199,10727210000.0,11816610000.0,26.062220602526725,7.357987516290555,78.30080291970803,239.4466517857143,5.208900650674954,5.208900650674954,8.105226695932506,47.628415961305926,86.25262773722628,263.76361607142854,0.0095924289726778,0.0041762956071522,0.6355734680003885,0.2500620904418929,4.390971382507054,1.1787807006607656,9.610778443113771,1.3313896987366376,0.002983068290823,0.3109815354713314,0.3821935660882091,0.0,0.3453374854326271,0.672992700729927,0.0632416489471157,1.0859835100117785,0.0052815693806159,8.840408783064698,0.0278226937270522,0.030028890769545,-7.886234817813765,286800000.0,251800000.0,-1283900000.0,3226200000.0,1000100000.0,365550000.0,463250000.0,63.35002400713355,47.2247054043072,57.98862251117432,1.4206782303644514,1.9057821373257613,1.5520285894471306,0.0499660095173351,0.3732793522267206,2008-04-24,0.39,bmo,1457900000.0,2025-04-25,2008-03-31,0.0,46.9444262295082,1570321.2295081967
2007-12-31,ECL,USD,31462,2008-02-25,2008-02-25 16:31:30,2007,Q4,1439800000.0,716400000.0,723400000.0,0.5024308932,0,557200000.0,0.0,557200000.0,-8100000.0,549100000.0,1265500000.0,0.0,5000000.0,76200000.0,250500000.0,0.1739824976,174300000.0,0.1210584803,-13100000.0,161200000.0,0.1119599944,47800000.0,113400000.0,0.078760939,0.46,0.46,246500000,247000000,https://www.sec.gov/Archives/edgar/data/31462/000110465908012647/0001104659-08-012647-index.htm,https://www.sec.gov/Archives/edgar/data/31462/000110465908012647/a08-6080_110k.htm,5.840973630831643,0.4600405679513185,1.0300202839756591,0.6137931034482759,0.5574036511156186,7.852738336713996,1.3290060851926977,7.852738336713996,4.090872210953347,12623265000.0,13489265000.0,27.82906746031746,8.767373940825115,49.71746750689248,83.43202247191012,6.521292039055639,6.521292039055639,9.368846367551049,53.84936127744511,53.12825915714848,89.15575016523464,0.0089834127699925,0.0119858055740729,0.518365449191507,0.2124587109341915,3.457085828343313,1.1310676414410854,34.86,2.238977072310405,0.0022339703713738,0.2486772486772486,0.386998194193638,0.0,0.3404971627000931,0.4040961008270973,0.0712598972079455,1.346456692913386,0.0,9.015709045820383,0.0339843427618801,0.0364080007705397,-6.871399594320486,199000000.0,327600000.0,-1069800000.0,2890500000.0,971700000.0,329850000.0,423400000.0,60.88345603556049,43.178391959798994,56.63316582914573,1.4782340862422998,2.0843759092231595,1.5891748003549246,0.0585834581805031,0.4162271805273834,2008-02-12,0.4,bmo,1439800000.0,2025-04-25,2007-12-31,0.0,47.93953125,1011680.0
2007-09-30,ECL,USD,31462,2007-11-02,2007-11-02 09:09:57,2007,Q3,1413200000.0,690100000.0,723100000.0,0.5116756298,0,523700000.0,0.0,523700000.0,27800000.0,551500000.0,1241600000.0,0.0,40600000.0,73200000.0,171600000.0,0.1214265497,171600000.0,0.1214265497,-12800000.0,158800000.0,0.1123690914,44800000.0,114000000.0,0.0806679875,0.46,0.46,245200000,249700000,https://www.sec.gov/Archives/edgar/data/31462/000110465907079093/0001104659-07-079093-index.htm,https://www.sec.gov/Archives/edgar/data/31462/000110465907079093/a07-25471_110q.htm,5.763458401305057,0.464926590538336,0.964110929853181,0.515905383360522,0.4355628058727569,6.938825448613377,1.571778140293638,6.938825448613377,3.5717781402936377,11732820000.0,12461220000.0,25.729868421052632,8.302306821398245,49.63121827411168,92.74956521739132,6.89597978135653,6.89597978135653,8.817732804981603,72.61783216783216,52.71243654822335,98.50766798418972,0.0097163341805294,0.0107817217003243,0.4908898554131891,0.1959091762056671,4.244755244755245,1.214069591527988,4.226600985221675,2.073684210526316,0.0024035142446572,0.2473684210526315,0.3705774129634871,0.0,0.3086883092512666,0.4648900169204737,0.0777667704500424,1.5013661202185793,0.0,8.519741798241323,0.0384184989479414,0.0386807817589576,-6.239600326264274,283000000.0,385400000.0,-956800000.0,2618800000.0,950100000.0,327050000.0,391950000.0,61.736484574016416,41.21141863498044,51.644689175481815,1.4578089539921602,2.1838607594936708,1.7426767676767676,0.0670036440578347,0.448205546492659,2007-10-22,0.49,bmo,1413200000.0,2025-04-25,2007-09-30,0.0,42.74539682539682,1322404.7777777778
2007-06-30,ECL,USD,31462,2007-08-03,2007-08-03 08:47:05,2007,Q2,1362400000.0,669500000.0,692900000.0,0.5085877863,0,519900000.0,0.0,519900000.0,0.0,519900000.0,1189400000.0,0.0,13400000.0,72300000.0,173000000.0,0.1269817968,173000000.0,0.1269817968,-13400000.0,159600000.0,0.1171462126,49300000.0,110300000.0,0.0809600705,0.45,0.44,246000000,250700000,https://www.sec.gov/Archives/edgar/data/31462/000110465907058556/0001104659-07-058556-index.htm,https://www.sec.gov/Archives/edgar/data/31462/000110465907058556/a07-18772_110q.htm,5.538211382113821,0.4483739837398374,0.8995934959349593,0.5764227642276423,0.2934959349593496,6.462195121951219,1.2044715447154473,6.462195121951219,3.546747967479675,10504200000.0,11291100000.0,23.80825022665458,7.7100704638872575,47.46588341617714,74.07757404795487,6.607661822985469,6.607661822985469,8.287654139753377,65.2664739884393,51.02169001355626,79.62693935119887,0.0105005616800898,0.0134993621598979,0.5404164307731019,0.2074920297555791,4.548554913294797,1.1958058252427184,12.91044776119403,2.00634632819583,0.0027322404371584,0.2601994560290118,0.3816059894304169,0.0,0.3123852767848517,0.359240849525531,0.0583529066353493,1.099585062240664,0.0,8.07423704364702,0.0379787099972541,0.0387425360028099,-6.448983739837399,252100000.0,296300000.0,-1011100000.0,2533000000.0,906550000.0,332600000.0,378400000.0,61.48854961832061,45.4503360716953,52.14488424197162,1.4636871508379887,1.9801833776989053,1.725960299046146,0.0693841605334339,0.3231707317073171,2007-07-24,0.41,bmo,1329961904.0,2025-04-25,2007-06-30,0.024390243902439,43.263174603174605,1080980.0
2007-03-31,ECL,USD,31462,2007-05-04,2007-05-04 07:06:47,2007,Q1,1254200000.0,615700000.0,638500000.0,0.5090894594,0,490100000.0,0.0,490100000.0,0.0,490100000.0,1105800000.0,0.0,11700000.0,70200000.0,148400000.0,0.1183224366,148400000.0,0.1183224366,-11700000.0,136700000.0,0.1089937809,47200000.0,89500000.0,0.0713602296,0.36,0.35,249700000,254500000,https://www.sec.gov/Archives/edgar/data/31462/000110465907035729/0001104659-07-035729-index.htm,https://www.sec.gov/Archives/edgar/data/31462/000110465907035729/a07-10717_110q.htm,5.022827392871446,0.3584301161393672,0.3444132959551462,0.066079295154185,0.2170604725670805,6.413295955146175,1.3452142571085302,6.413295955146175,3.2174609531437723,10737100000.0,11474600000.0,29.99189944134078,8.560915324509647,124.85,650.7333333333333,6.704820781815911,6.704820781815911,9.148939563068092,77.32210242587601,133.42558139534884,695.430303030303,0.0083355840962643,0.0015367277942833,0.4943799175721244,0.1982521159913857,4.9696765498652296,1.2673508436249783,12.683760683760685,0.9608938547486032,0.0026916020154417,0.3229050279329609,0.3907670228033806,0.0,0.3168978815044824,0.8081395348837209,0.0554138095997448,0.99002849002849,0.0060596396109073,7.191742787105328,0.0315660184626675,0.0328091205689358,-5.973668402082499,307400000.0,335900000.0,-934800000.0,2528700000.0,874950000.0,329000000.0,366893000.0,63.31286876096316,47.8138703914244,53.92398895566023,1.4215119573841095,1.8822989911342096,1.669015993494172,0.0558885974772074,0.2783340008009611,2007-04-24,0.35,bmo,1254200000.0,2025-04-25,2007-03-31,0.0,43.467213114754095,919045.262295082
2006-12-31,ECL,USD,31462,2007-02-28,2007-02-28 17:28:19,2006,Q4,1271000000.0,630010000.0,640990000.0,0.5043194335,0,495296000.0,0.0,495296000.0,0.0,495296000.0,1125306000.0,0.0,11857000.0,66689000.0,212383000.0,0.1670991345,145694000.0,0.1146294256,-11857000.0,133837000.0,0.1053005507,46646000.0,87191000.0,0.0686003147,0.35,0.35,249700000,249700000,https://www.sec.gov/Archives/edgar/data/31462/000110465907015053/0001104659-07-015053-index.htm,https://www.sec.gov/Archives/edgar/data/31462/000110465907015053/a07-5385_110k.htm,5.0901081297557065,0.3491830196235482,0.8946215458550261,0.5495394473368042,1.938442130556668,6.728994793752503,1.6840768922707248,6.728994793752503,4.316752102523028,11286440000.0,11868447000.0,32.36125288160476,8.879968528717546,50.52415762779392,82.25069231890394,6.717199431030276,6.717199431030276,9.337881195908734,55.882283421931135,53.129533052505295,86.49210756449497,0.0077252880447687,0.012157952374708,0.6344583777220976,0.2412192701892692,2.740365283473724,1.233459769885475,12.287593826431644,2.5620419538713857,0.0022281605182856,0.2884242639721989,0.3896900078678206,0.0,0.2850445708829209,0.3857296977890387,0.0677946498819827,1.2920721558277977,0.0,7.270979385547505,0.02770759521287,0.0275951537654973,-5.694685622747297,350827000.0,420514000.0,-885578000.0,2562112000.0,866907000.0,320748500.0,359555500.0,61.43509047993706,47.27067824320249,52.12574403580896,1.4649608114338404,1.903928679359323,1.7265940595144784,0.0518923004588657,0.3450820985182218,2007-02-12,0.34,bmo,1271000000.0,2025-04-25,2006-12-31,0.0,45.03809523809524,642514.2857142857
2006-09-30,ECL,USD,31462,2006-11-03,2006-11-03 16:52:43,2006,Q3,1278855000.0,625554000.0,653301000.0,0.5108483761,0,471937000.0,0.0,471937000.0,0.0,471937000.0,1097491000.0,0.0,11219000.0,68553000.0,249917000.0,0.1954224678,181364000.0,0.1418174852,-11300000.0,170145000.0,0.133044794,59786000.0,110300000.0,0.0862490275,0.44,0.43,251600000,256700000,https://www.sec.gov/Archives/edgar/data/31462/000110465906071257/0001104659-06-071257-index.htm,https://www.sec.gov/Archives/edgar/data/31462/000110465906071257/a06-21567_110q.htm,5.082889507154213,0.4383942766295707,0.9063672496025436,0.5702384737678855,0.215389507154213,7.007627186009539,2.059821144674086,7.007627186009539,2.95777027027027,10773512000.0,11452276000.0,24.41865820489574,8.424342087257742,47.243542856140536,75.0913906546225,6.1104848850247775,6.1104848850247775,8.955101242908695,45.82431767346759,50.22002964366213,79.82237649158024,0.0102380727844364,0.0133171058796797,0.4157155586208305,0.1829245526939191,2.715957697955721,1.227161071266201,16.165790177377662,2.066365226216258,0.0023318301404407,0.2277606527651858,0.369030890914138,0.0,0.3106829360329593,0.3708527376535901,0.0661294673751129,1.2336440418362435,0.0,8.31398413215699,0.0385575852587567,0.0399347141644774,-5.416502384737679,260320000.0,518251000.0,-837466000.0,2379981000.0,848988000.0,292700000.0,351171000.0,60.96020268130477,44.686358012257934,50.9632261962996,1.476373044074559,2.014037482654372,1.765979250476392,0.0625595890010827,0.3361287758346581,2006-10-20,0.43,bmo,1278900000.0,2025-04-25,2006-09-30,0.0,42.53888888888888,890269.8412698413
2006-06-30,ECL,USD,31462,2006-08-04,2006-08-04 16:30:14,2006,Q2,1225884000.0,608003000.0,617881000.0,0.5040289293,0,464754000.0,0.0,464754000.0,0.0,464754000.0,1072757000.0,0.0,11014000.0,67970000.0,153127000.0,0.1249114924,153127000.0,0.1249114924,-11014000.0,142113000.0,0.1159269556,48934000.0,93179000.0,0.0760096388,0.37,0.36,252152000,256692000,https://www.sec.gov/Archives/edgar/data/31462/000110465906051607/0001104659-06-051607-index.htm,https://www.sec.gov/Archives/edgar/data/31462/000110465906051607/a06-15214_110q.htm,4.861686601732289,0.3695350423554047,0.7015411339192233,0.3550794758716964,0.4199252831625368,6.733977918081157,2.0630453060059013,6.733977918081157,3.2459191281449287,10232328160.0,10933894160.0,27.45341804483843,8.346897553112692,57.8440778993188,114.28427368374024,6.026155786914615,6.026155786914615,8.919191505884733,71.40409046085928,61.81008033013935,122.12002323139812,0.0091063342127995,0.0087501102974789,0.4755345450433631,0.2064414669048493,4.581595668954528,1.2429196983067214,13.902941710550207,1.8984427821719485,0.0024801784699602,0.2723575054465061,0.3791174368863612,0.0,0.3011249761267594,0.493857938324995,0.0712636758453491,1.285287626894218,0.0,7.482641134085999,0.0331056719870391,0.034087824465209,-5.193423014689552,277210000.0,520201000.0,-794928000.0,2319889000.0,800728500.0,270723500.0,344836500.0,61.06497841557602,40.67787494469599,51.53022271271688,1.473839872463517,2.212504958097256,1.7465478560369072,0.0548761886140404,0.3464616580475269,2006-07-25,0.36,bmo,1225900000.0,2025-04-25,2006-06-30,0.0,38.32952380952381,714441.2698412698
2006-03-31,ECL,USD,31462,2006-05-04,2006-05-04 16:36:22,2006,Q1,1120075000.0,552491000.0,567584000.0,0.5067374953,0,436127000.0,0.0,436127000.0,0.0,436127000.0,988618000.0,0.0,10328000.0,65357000.0,196814000.0,0.1757150191,131457000.0,0.1173644622,-10328000.0,121129000.0,0.1081436511,43243000.0,77900000.0,0.0695489141,0.31,0.3,253500000,258100000,https://www.sec.gov/Archives/edgar/data/31462/000110465906031209/0001104659-06-031209-index.htm,https://www.sec.gov/Archives/edgar/data/31462/000110465906031209/a06-9279_110q.htm,4.418441814595661,0.3072978303747534,-0.0029980276134122,-0.2508915187376725,0.2482603550295858,6.660197238658777,2.1491715976331363,6.660197238658777,2.8573214990138065,9683700000.0,10334769000.0,31.07734274711169,8.645581769077964,-12741.71052631579,-152.25703998364804,5.735565874576513,5.735565874576513,9.226854451710825,52.51033463066652,-13598.380263157896,-162.4938129903618,0.0080444458213286,-0.0065678408046511,0.4228973678599351,0.1904863918854205,3.308042110825449,1.2747258845049665,12.728214562354763,-0.0097578512184474,0.0026332909941448,0.3273427471116816,0.3893730330558221,0.0,0.30508241703272,-82.68552631578947,0.0561042787313349,0.9615037409917836,0.0,6.786010877490894,0.0290198925606784,0.0299066712224111,-4.926910256410256,282202000.0,544815000.0,-750540000.0,2267724000.0,756607500.0,272139500.0,333565000.0,61.84634957480526,43.43592927305603,55.63898778441639,1.4552192751674364,2.0720173714765755,1.6175707643841712,0.046139448932692,0.2478934911242603,2006-04-21,0.3,bmo,1120100000.0,2025-04-25,2006-03-31,0.0,36.51064516129032,745196.7741935484
2005-12-31,ECL,USD,31462,2006-02-28,2006-02-28 16:55:58,2005,Q4,1141515000.0,579210000.0,562305000.0,0.4925953667,0,464209000.0,0.0,464209000.0,0.0,464209000.0,1043419000.0,0.0,9335000.0,62024000.0,160120000.0,0.1402697293,98096000.0,0.0859349198,-9335000.0,88761000.0,0.0777571911,34247000.0,54514000.0,0.0477558333,0.22,0.22,253540000,253540000,https://www.sec.gov/Archives/edgar/data/31462/000110465906012710/0001104659-06-012710-index.htm,https://www.sec.gov/Archives/edgar/data/31462/000110465906012710/a06-2286_110k.htm,4.502307328232232,0.2150114380373905,0.6281691251873471,0.331178512266309,0.904949909284531,6.504732980989193,2.0085785280429125,6.504732980989193,2.980342352291552,9195895800.0,9837818800.0,42.17217503760502,8.055869436669688,57.7392274559542,109.51797491871808,5.57593987424282,5.57593987424282,8.618212463261543,61.4402872845366,61.76973616465536,117.16291876570556,0.0059280793503554,0.0091309212094378,0.4525202975970313,0.1965694295042864,4.009011991006745,1.270073801298424,10.5084092126406,2.921561433760135,0.0024354342945034,0.4108302454415379,0.4066604468622839,0.0,0.3002545943400301,0.4727876634058744,0.0659640915800493,1.214030052882755,0.0,5.609663076029067,0.020744880630644,0.0205196499531556,-4.723317819673424,302309000.0,509255000.0,-725752000.0,2277767000.0,772750500.0,270915500.0,331546000.0,58.621043087475854,43.14005283057958,50.5890091676594,1.5352848612007748,2.086228321357177,1.7790425525379792,0.0330546140273221,0.2969906129210381,2006-02-10,0.32,bmo,1141500000.0,2025-04-25,2005-12-31,0.0,33.52079365079365,757688.8888888889
2005-09-30,ECL,USD,31462,2005-11-02,2005-11-02 16:15:00,2005,Q3,1164773000.0,572406000.0,592367000.0,0.5085686224,0,420791000.0,0.0,420791000.0,0.0,420791000.0,993197000.0,0.0,11529000.0,64588000.0,236164000.0,0.2027553867,171576000.0,0.1473042387,-11529000.0,160047000.0,0.1374061727,56305000.0,97958000.0,0.0841005071,0.38,0.38,255817000,259911000,https://www.sec.gov/Archives/edgar/data/31462/000110465905051903/0001104659-05-051903-index.htm,https://www.sec.gov/Archives/edgar/data/31462/000110465905051903/a05-17978_110q.htm,4.5531493215853525,0.3829221670178291,0.77222389442453,0.5207550710077907,0.646196304389466,6.427758905780304,1.820860224300965,6.427758905780304,2.8148129326823472,8168236810.0,8711476810.0,20.846272917985257,7.012728497312352,41.34811190191751,61.31481338858112,4.967516745422148,4.967516745422148,7.47911980274268,36.88740371098051,44.098025846882784,65.39264070921347,0.0119925514255505,0.0163092725025928,0.4309037723571302,0.1850679964540396,2.300265916905201,1.3578746627744238,14.882123341139735,1.904223940159241,0.0027400038124017,0.2284754690785847,0.3612643837039492,0.0,0.3078223216846341,0.3256423755239233,0.0552296456047659,0.9960054499287794,0.0,7.44177101290847,0.0379307047623766,0.0369644600365501,-4.8812207554619125,381513000.0,465807000.0,-736687000.0,2397886000.0,784796500.0,256816500.0,336167000.0,61.96768812463888,41.53981614448486,53.06831165291768,1.452369819235119,2.1665960120516585,1.6959273283202674,0.0595732000267586,0.2514688234167393,2005-10-21,0.4,bmo,1164800000.0,2025-04-25,2005-09-30,0.0,32.50875,706039.0625
2005-06-30,ECL,USD,31462,2005-08-04,2005-08-04 15:44:08,2005,Q2,1158664000.0,570659000.0,588005000.0,0.5074853452,0,441626000.0,0.0,441626000.0,0.0,441626000.0,1012285000.0,0.0,12184000.0,65282000.0,211661000.0,0.1826767726,146379000.0,0.1263342954,-12184000.0,134195000.0,0.1158187361,47618000.0,81401000.0,0.0702541893,0.32,0.31,255474000,259594000,https://www.sec.gov/Archives/edgar/data/31462/000110465905036464/0001104659-05-036464-index.htm,https://www.sec.gov/Archives/edgar/data/31462/000110465905036464/a05-12600_110q.htm,4.535349976905674,0.3186273358541377,0.6565403915858365,0.3786334421506689,0.4306622200302183,6.0786107392533095,1.471903207371396,6.0786107392533095,3.055598612774685,8267138640.0,8925557640.0,25.39016302011032,7.135061277471294,49.288665883657565,85.46524526780453,5.323584843331335,5.323584843331335,7.703318339052564,42.16911778740533,53.21415879186068,92.27194632537656,0.0098463329992007,0.0117006626128142,0.4948345929976103,0.2059899482185014,3.1107242241130866,1.2688188246746257,12.01403479973736,1.9373390161359247,0.0027143611565222,0.2756722890382182,0.3811510498298039,0.0,0.3154803278824752,0.4232899498595949,0.0612757451685734,1.0875585919549031,0.0,6.6013831713292666,0.0326476847651001,0.0318770953352321,-5.184151811926067,287202000.0,376033000.0,-821969000.0,2297121000.0,767734500.0,253685000.0,340368500.0,59.62477474056327,39.33930771266203,52.804634641703714,1.5094396648306696,2.287788098798494,1.7043958472713372,0.0524177891169385,0.2779069494351676,2005-07-25,0.33,bmo,1158700000.0,2025-04-25,2005-06-30,0.0,32.600625,659801.5625
2005-03-31,ECL,USD,31462,2005-05-06,2005-05-06 08:44:32,2005,Q1,1069880000.0,526556000.0,543324000.0,0.5078363929,0,416955000.0,0.0,416955000.0,0.0,416955000.0,943511000.0,0.0,11190000.0,65041000.0,126369000.0,0.1181151157,126369000.0,0.1181151157,-11190000.0,115179000.0,0.1076559988,40531000.0,74648000.0,0.0697723109,0.27,0.27,256272000,260626000,https://www.sec.gov/Archives/edgar/data/31462/000110465905021006/0001104659-05-021006-index.htm,https://www.sec.gov/Archives/edgar/data/31462/000110465905021006/a05-7891_110q.htm,4.174783043016794,0.2912842604732472,0.255950708622089,0.029019947555722,0.3256188736966973,5.976388368608354,1.1670685833801586,5.976388368608354,3.332818255603421,8469789599.999999,9229260600.0,28.365761976208336,7.916579055595019,129.1264250758465,1138.8718031464298,5.530095763789182,5.530095763789182,8.626444647997907,73.03421408731572,140.7049624197704,1240.992416296894,0.0088134420718077,0.0008780619532744,0.5503580940217984,0.2219178197599263,6.009947059801059,1.2081851140279594,11.293029490616622,0.878697352909656,0.0026671264655735,0.3026202979316257,0.3897212771525778,0.0,0.324482786400564,0.8866189989785496,0.054357498037163,0.8941436939776448,0.0,6.258484400447724,0.0276716894317314,0.0290930065787422,-5.597383834363489,232106000.0,299087000.0,-919745000.0,2303359000.0,753061500.0,263747000.0,342262000.0,64.5933469174113,44.08642195701882,59.12550611900728,1.3933323522478795,2.041444871342558,1.522185701359559,0.0487391786657055,0.2269307610663669,2005-04-21,0.28,bmo,1033006896.0,2025-04-25,2005-03-31,0.0357142857142855,32.93704918032787,962608.1967213114
2004-12-31,ECL,USD,31462,2005-03-03,2005-03-03 17:08:44,2004,Q4,1072535000.0,532908000.0,539627000.0,0.5031322987,0,416884000.0,0.0,416884000.0,-429000.0,416455000.0,949363000.0,0.0,10959000.0,62183000.0,185355000.0,0.172819535,123172000.0,0.1148419399,-11388000.0,111784000.0,0.1042241046,40542000.0,71242000.0,0.0664239395,0.28,0.28,256272000,256272000,https://www.sec.gov/Archives/edgar/data/31462/000110465905009384/0001104659-05-009384-index.htm,https://www.sec.gov/Archives/edgar/data/31462/000110465905009384/a05-1766_110k.htm,4.185143129175251,0.2779936941999126,0.6465279078479116,0.305905444215521,0.2779507710557533,6.097111662608478,1.333009458700131,6.097111662608478,2.780389586064806,9002835360.0,9633181360.0,31.59244322169507,8.39397815455906,54.33640152818266,114.8394076152816,5.761744567586059,5.761744567586059,8.981694173150526,51.97152145882226,58.14084001762359,122.88004796224249,0.0079132847765417,0.0087078122463854,0.4490038201135474,0.1887901373832334,3.400749912330393,1.361364572501429,11.239346655716762,2.32569270935684,0.0022930553736128,0.2897728867802701,0.3886903457696019,0.0,0.3285384376511971,0.5268488173483737,0.0813884861566289,1.4037920331923517,0.0,6.175481227269078,0.0277114226577665,0.0285508410319051,-5.304609945682712,339519000.0,341613000.0,-874589000.0,2395155000.0,738661500.0,260741000.0,332277000.0,61.95036991799801,45.52472471796258,57.18486117678849,1.4527758287663255,1.9769477038592376,1.5738431142074938,0.045594325573001,0.3406224636323905,2005-02-03,0.28,bmo,1112222222.0,2025-04-25,2004-12-31,-0.0357142857142857,34.07421875,696993.75
2004-09-30,ECL,USD,31462,2004-11-04,2004-11-04 14:50:24,2004,Q3,1090316000.0,519669000.0,570647000.0,0.5233776263,0,410360000.0,0.0,410360000.0,1345000.0,411705000.0,931374000.0,0.0,12911000.0,62510000.0,158942000.0,0.1457760869,158942000.0,0.1457760869,-11566000.0,147376000.0,0.1351681531,52429000.0,94947000.0,0.0870820936,0.37,0.36,258368000,262252000,https://www.sec.gov/Archives/edgar/data/31462/000110465904033555/0001104659-04-033555-index.htm,https://www.sec.gov/Archives/edgar/data/31462/000110465904033555/a04-12246_110q.htm,4.220011766162992,0.3674874597473371,0.710796228635125,0.4808374102055982,0.2790477148872925,5.691594934357196,1.2152433737924202,5.691594934357196,2.738733124845182,8123089920.0,8745682920.0,21.388484944232044,7.450216194204249,44.23208612174444,65.38592741059139,5.523934918525752,5.523934918525752,8.021236889122052,55.02436687596733,47.622247681693686,70.39742194103016,0.0116885324347117,0.0152938107571755,0.4724091923570205,0.1957197417487741,3.917108127493048,1.3084304764108643,12.310587870807838,1.9342053988014365,0.0025348728381428,0.2168683581366446,0.3763679520432608,0.0,0.3258415760131537,0.3235228454589511,0.0544924590669127,0.9504719244920812,0.0,6.860085254397289,0.0384272199729183,0.0396791964113326,-4.991023462657914,298557000.0,313980000.0,-812341000.0,2238313000.0,707607500.0,239042500.0,324202000.0,61.00536908565957,43.62948338269168,56.45052908678409,1.4752799851702914,2.06282525077306,1.5943163236191944,0.064566692462425,0.2299588184295268,2004-10-21,0.35,bmo,1060013888.0,2025-04-25,2004-09-30,0.0285714285714286,30.59671875,658403.125
2004-06-30,ECL,USD,31462,2004-08-06,2004-08-06 14:47:16,2004,Q2,1042711000.0,504609000.0,538102000.0,0.5160605383,0,402487000.0,0.0,402487000.0,-254000.0,402233000.0,906842000.0,0.0,10963000.0,61403000.0,135869000.0,0.1303036028,135869000.0,0.1303036028,-11217000.0,124652000.0,0.1195460679,46359000.0,78293000.0,0.0750860018,0.3,0.3,257135000,260905000,https://www.sec.gov/Archives/edgar/data/31462/000110465904022969/0001104659-04-022969-index.htm,https://www.sec.gov/Archives/edgar/data/31462/000110465904022969/a04-8578_110q.htm,4.05511112839559,0.3044820813969315,0.5545219437260583,0.3184163960565461,0.1604060124059346,5.42408462480798,1.0715032959340425,5.42408462480798,2.8130126198300505,8151179500.0,8822294500.0,26.02780420982719,7.817295012712055,57.1663580831352,99.5551748986272,5.84430409787757,5.84430409787757,8.460920139904538,64.93235763860778,61.87306346300855,107.75189921344472,0.0096051129778211,0.0100446812636134,0.5107548314287722,0.2087301689623163,4.939426948016104,1.2981823779730162,12.393414211438476,1.8211972973318176,0.0025257694300561,0.2629609288186683,0.3860005313073325,0.0,0.3279390840217157,0.4257821540533148,0.0582241867593225,0.9887301923358792,0.0,6.095865235163843,0.0327672537567186,0.0341349589362892,-5.088840492348377,271176000.0,275521000.0,-837504000.0,2162340000.0,671131500.0,225022000.0,324701500.0,58.36154025420274,40.337687199395965,57.5113999155782,1.542111459155996,2.231164110999098,1.564907133752826,0.0561352011368573,0.2361055476695121,2004-07-22,0.29,bmo,1007943333.0,2025-04-25,2004-06-30,0.0344827586206896,29.67548387096774,771374.1935483871
2004-03-31,ECL,USD,31462,2004-05-05,2004-05-05 17:03:08,2004,Q1,979371000.0,474094000.0,505277000.0,0.5159199119,0,385333000.0,0.0,385333000.0,3805000.0,389138000.0,863232000.0,0.0,14978000.0,61286000.0,116139000.0,0.1185852961,116139000.0,0.1185852961,-11173000.0,104966000.0,0.1071769534,38960000.0,66006000.0,0.0673963187,0.26,0.25,257025000,260227000,https://www.sec.gov/Archives/edgar/data/31462/000110465904012685/0001104659-04-012685-index.htm,https://www.sec.gov/Archives/edgar/data/31462/000110465904012685/a04-5212_110q.htm,3.810411438576014,0.2568077035307849,0.3522731251823752,0.0859410563174788,0.1802237136465324,5.235506273708784,0.8057153973348896,5.235506273708784,3.135360373504523,7332923250.0,8077489250.0,27.773699550040902,7.487380420698591,80.98829561644745,331.9717166915659,5.449329732115785,5.449329732115785,8.24762960103985,69.55018770611078,89.21163701224832,365.6792634342885,0.0090013215398101,0.0030123048130907,0.5877341608850999,0.2291649160546527,6.410990278889951,1.2155537984581983,7.7539724929897185,1.3717389328242886,0.0028087025184669,0.3120322394933794,0.3934494690980231,0.0,0.3299071562314737,0.7560385673105596,0.0698958821529328,1.116959827693111,0.0,5.50015115400239,0.0275974745734505,0.0285418144976643,-5.431931718704406,210185000.0,207089000.0,-920240000.0,2122023000.0,646053500.0,218083500.0,318454500.0,61.212196399525816,42.500432403700536,62.06680531708902,1.4702952237259892,2.1176255136680364,1.4500504664321765,0.0490511690952219,0.2663320688648964,2004-04-22,0.24,bmo,904061538.0,2025-04-25,2004-03-31,0.0833333333333334,27.30306451612903,911324.1935483871
2003-12-31,ECL,USD,31462,2004-03-05,2004-03-05 14:19:36,2003,Q4,956466000.0,469823000.0,486643000.0,0.5087927851,0,372812000.0,0.0,372812000.0,-472000.0,372340000.0,842163000.0,0.0,10139000.0,56149000.0,170452000.0,0.178210203,114303000.0,0.1195055548,-10611000.0,103692000.0,0.1084115902,36256000.0,67436000.0,0.0705053813,0.26,0.26,257025000,257025000,https://www.sec.gov/Archives/edgar/data/31462/000110465904006565/0001104659-04-006565-index.htm,https://www.sec.gov/Archives/edgar/data/31462/000110465904006565/a04-2967_210k.htm,3.721295593813831,0.2623713646532438,0.5070207178290049,0.260406575235872,0.3331426903997666,5.040077813442272,1.1452426806730862,5.040077813442272,2.6642661219725707,7034774250.0,7623792250.0,26.079446623465213,7.354965309796689,53.98201500955364,105.10487292883715,5.430471713552144,5.430471713552144,7.970792741195192,44.72691578860911,58.50190113339012,113.90524943598632,0.0095860929723508,0.0095143067313069,0.5207893001993167,0.2089381024851049,3.4556238706498017,1.3502562381007155,11.273597001676691,1.9324544753544104,0.0026681737512756,0.2783379797140993,0.3897807135852189,0.0,0.3100326487077095,0.4863985512250895,0.0662710436126323,1.1288892055067763,0.0,5.454665169568724,0.0303765496577889,0.0302695695577077,-4.759789903705865,298398000.0,294356000.0,-783152000.0,2036265000.0,637921500.0,210907500.0,311813500.0,58.90452980032745,40.66601677653073,59.37621189256379,1.5278960770093386,2.213150122240175,1.5157585358063486,0.0520570067298325,0.2466141425931329,2004-02-06,0.24,bmo,882923076.0,2025-04-25,2003-12-31,0.0833333333333334,26.80859375,769425.296875
2003-09-30,ECL,USD,31462,2003-11-04,2003-11-04 16:01:43,2003,Q3,982766000.0,478163000.0,504603000.0,0.5134518288,0,357923000.0,0.0,357923000.0,1224000.0,359147000.0,837310000.0,0.0,2398000.0,59738000.0,145456000.0,0.1480067483,145456000.0,0.1480067483,-1174000.0,144282000.0,0.1468121608,56843000.0,87439000.0,0.0889723495,0.34,0.33,258694000,261609000,https://www.sec.gov/Archives/edgar/data/31462/000110465903024627/0001104659-03-024627-index.htm,https://www.sec.gov/Archives/edgar/data/31462/000110465903024627/a03-4702_110q.htm,3.7989516571702473,0.3380016544643478,0.6896681020819965,0.4923500351766952,0.2588463590187634,4.761780327336544,1.1171886475913628,4.761780327336544,2.519331720101742,6532023500.0,7114399500.0,18.675944086734752,6.646570495926802,36.61181360102683,51.284651560831605,5.302638564623442,5.302638564623442,7.239159169120625,48.91100745242547,39.87601520068605,55.85704022988506,0.0133862041372018,0.0194990112941265,0.5271268115118473,0.2118663672281193,4.00379496205038,1.3295222802826314,60.65721434528774,2.040428184219856,0.0028938965084862,0.2161849975411429,0.3641996161853381,0.0,0.3076284068992677,0.286105833095122,0.0519401363091519,0.8544812347249657,0.0,6.017766749284951,0.0388187696987792,0.0412056853563102,-4.336498913774576,286487000.0,289010000.0,-677115000.0,1922676000.0,647067500.0,215848000.0,319827000.0,59.51130788000399,39.43743033233437,59.03869600951977,1.5123176284660402,2.282095948990111,1.5244239131820907,0.0709822022918486,0.1973180669053012,2003-10-21,0.31,bmo,952087500.0,2025-04-25,2003-09-30,0.032258064516129,25.48921875,993700.0
2003-06-30,ECL,USD,31462,2003-08-11,2003-08-11 06:02:17,2003,Q2,946735000.0,466734000.0,480001000.0,0.5070067125,0,358783000.0,0.0,358783000.0,-147000.0,358636000.0,825370000.0,0.0,11605000.0,51265000.0,121365000.0,0.1281932114,121365000.0,0.1281932114,-11752000.0,109613000.0,0.1157800229,42458000.0,67155000.0,0.0709332601,0.26,0.25,261246000,264553000,https://www.sec.gov/Archives/edgar/data/31462/000110465903017311/0001104659-03-017311-index.htm,https://www.sec.gov/Archives/edgar/data/31462/000110465903017311/a03-1628_110q.htm,3.623921514587783,0.2570565673732803,0.5938234461006101,0.4361061987551962,0.1170238013213599,4.793761435581789,1.001002886168592,4.793761435581789,2.7219249289941283,6687897600.0,7356812600.0,24.897243689970963,7.064170649653811,43.1104567664084,58.70129815414593,5.34027409248685,5.34027409248685,7.770720000845009,60.61725044287892,47.42230974512357,64.57252723139445,0.0100412721630187,0.0170353983888748,0.558539099661357,0.2241273849022808,5.511597247970997,1.3098724094663352,10.457992244722105,2.310088600997692,0.0028262992543426,0.2814682451046087,0.3789687716203584,0.0,0.3174827415502085,0.2655961942578674,0.0435211542828774,0.8037257388081537,0.0,5.265550952876055,0.0316652279430361,0.0315268072928305,-4.561977982438009,269677000.0,261508000.0,-728623000.0,1968656000.0,619363500.0,214735500.0,318531500.0,61.24888168283627,42.84050444150201,62.85965882065588,1.4694145840253052,2.100815599006157,1.4317608731663325,0.0536231455877785,0.1577172473454139,2003-07-22,0.25,bmo,946700000.0,2025-04-25,2003-06-30,0.0,25.82253968253968,1447746.0317460315
2003-03-31,ECL,USD,31462,2003-08-08,2003-08-08 16:38:23,2003,Q1,875852000.0,430482000.0,445370000.0,0.5084991528,0,344033000.0,0.0,344033000.0,-197000.0,343836000.0,774318000.0,0.0,10506000.0,62504000.0,101534000.0,0.1159259784,101534000.0,0.1159259784,-10703000.0,90831000.0,0.1037058772,35513000.0,55318000.0,0.0631590725,0.21,0.21,260448000,263636000,https://www.sec.gov/Archives/edgar/data/31462/000110465903017262/0001104659-03-017262-index.htm,https://www.sec.gov/Archives/edgar/data/31462/000110465903017262/a03-2161_110qa.htm,3.3628670598353607,0.2123955645656714,0.2508562169799729,0.0343024327312937,0.2171412335667772,4.599505467502151,0.993760750706475,4.599505467502151,2.8567545152967195,6425252160.0,7102228160.0,29.037800354315053,7.336002155615332,98.34318757174564,719.1909738079248,5.363620105314826,5.363620105314826,8.108936395646753,69.94925995233123,108.70480079589808,794.9662144616074,0.0086094675543442,0.0013904512659624,0.6123302491293329,0.2424754691634062,6.667480843855261,1.2429942565959846,9.664382257757472,1.1810802993600635,0.0029318693696217,0.3405401496800318,0.3927980983088467,0.0,0.3104316052112078,0.8632585903420831,0.0643955828153615,0.9023582490720594,0.0,4.688344869044167,0.0268300893765132,0.0265178951930023,-4.489659164209362,214969000.0,258823000.0,-727604000.0,1848807000.0,573793500.0,206484000.0,301291500.0,61.08220338596019,43.34041841470724,65.03623844899438,1.4734242547099503,2.076583551612857,1.3838438714530483,0.0461779132705362,0.2165537842486792,2003-04-22,0.21,bmo,875900000.0,2025-04-25,2003-03-31,0.0,24.539508196721314,1039147.5409836066
2002-12-31,ECL,USD,31462,2003-03-07,2003-03-07 15:33:54,2002,Q4,883380000.0,444032000.0,439348000.0,0.4973488193,0,335117000.0,0.0,335117000.0,10808000.0,345925000.0,789957000.0,0.0,21248000.0,62845000.0,156268000.0,0.1768978243,93423000.0,0.1057562997,-10440000.0,82983000.0,0.0939380561,31877000.0,51106000.0,0.0578527927,0.2,0.2,259392000,260448000,https://www.sec.gov/Archives/edgar/data/31462/000110465903003796/0001104659-03-003796-index.htm,https://www.sec.gov/Archives/edgar/data/31462/000110465903003796/j8116_10k.htm,3.405579200592154,0.1970222674562052,0.2134452874414014,-0.0459998766345916,0.1896935911670367,4.239725974586726,0.8303301566740686,4.239725974586726,2.77992382186035,6419952000.0,7070589000.0,31.405079638398625,7.2674862460096445,115.95477368782284,-538.044921220248,5.837641429741823,5.837641429741823,8.004017523602526,45.24655719661095,127.70633601849512,-592.573667448877,0.0079604956547961,-0.0018585808741249,0.6363640496803368,0.243133320293813,4.163597153607904,1.172663473192128,4.3967902861445785,1.0833561617031269,0.0027219829680969,0.3419363675497984,0.3793576943104892,0.0,0.3072405120987872,1.2155113246396705,0.0761823903642826,1.070856870077174,0.0,4.335286560354003,0.026487511463146,0.0256291313346295,-4.506131646311374,149587000.0,215381000.0,-762741000.0,1714222000.0,562280000.0,205528000.0,293900500.0,56.35610948855532,41.68584696598443,59.08479569040069,1.5969874573807656,2.15900615077918,1.523234513183262,0.0464705192357179,0.2594451640759931,2003-02-18,0.22,bmo,844991304.0,2025-04-25,2002-12-31,0.0454545454545455,23.85734375,1128396.875
2002-09-30,ECL,USD,31462,2002-11-08,2002-11-08 13:37:49,2002,Q3,894866000.0,434195000.0,460671000.0,0.5147932763,0,327666000.0,0.0,327666000.0,2109000.0,329775000.0,763970000.0,0.0,13097000.0,54281000.0,130896000.0,0.1462744143,130896000.0,0.1462744143,-10988000.0,119908000.0,0.1339954809,47826000.0,72082000.0,0.0805506076,0.28,0.28,258574000,261222000,https://www.sec.gov/Archives/edgar/data/31462/000110465902005405/0001104659-02-005405-index.htm,https://www.sec.gov/Archives/edgar/data/31462/000110465902005405/j5209_10q.htm,3.460773318276393,0.278767393473435,0.5713760857626831,0.389741427985799,0.3691863837818187,4.071132441776822,0.851284351868324,4.071132441776822,2.6494659169135333,5396439380.0,5972963380.0,18.716320926167423,6.030444088835647,36.525854896678695,53.54832332774343,5.126337769274687,5.126337769274687,6.674701441333116,45.63136673389561,40.42806346155148,59.26911279359378,0.0133573259929772,0.0186747210342979,0.6383518779050603,0.2429817665865629,4.404443222099988,1.2733775114323296,9.99434985111094,2.049651785466552,0.0032328724129946,0.2420299103798451,0.3661620846026109,0.0,0.3010465789840981,0.3178898492652782,0.0524838355686773,0.8652382970100035,0.0,5.053239261482033,0.0382798137101908,0.037289971665995,-4.0248787581117975,230279000.0,220120000.0,-640266000.0,1720668000.0,563093500.0,200275000.0,292169000.0,57.46842544023351,42.57347505153214,61.416068817006185,1.5660773600557223,2.1139923365678146,1.4654145361885955,0.0684741647343137,0.1816346577768839,2002-10-22,0.27,bmo,862939285.0,2025-04-25,2002-09-30,0.037037037037037,21.908125,1317581.25
2002-06-30,ECL,USD,31462,2002-08-09,2002-08-09 16:16:33,2002,Q2,839230000.0,413425000.0,425805000.0,0.5073758088,0,315363000.0,0.0,315363000.0,11818000.0,327181000.0,740606000.0,0.0,23773000.0,51931000.0,98624000.0,0.117517248,98624000.0,0.117517248,-11955000.0,86669000.0,0.103272047,35008000.0,51661000.0,0.0615576183,0.2,0.2,257810000,261226000,https://www.sec.gov/Archives/edgar/data/31462/000110465902003369/0001104659-02-003369-index.htm,https://www.sec.gov/Archives/edgar/data/31462/000110465902003369/j4565_10q.htm,3.2552267173499865,0.2003840037236724,0.5173926535045188,0.3140956518366238,0.1970133043714363,3.770144680190838,0.6357588922074396,3.770144680190838,2.806636670416198,5865177500.0,6514191500.0,28.383004103675887,6.988760530486279,43.97047357728149,72.4301653555948,6.034251183922319,6.034251183922319,7.762105144001048,66.05077364536015,48.83604720029387,80.4449596799091,0.0088080880757658,0.0138064022785329,0.7199790942415542,0.2639150048611535,6.580690298507463,1.1856124989882542,4.14857190930888,2.6924971235945985,0.0029661506407947,0.3367530632391939,0.3757766047448256,0.0,0.304746431822793,0.3929259534144494,0.062452486207595,1.0092622903468065,0.0,4.122890421387434,0.0295998784035985,0.0280224435575121,-4.145509289787053,155939000.0,163905000.0,-683582000.0,1614077000.0,547065500.0,194928500.0,283170500.0,59.4953588408422,42.48487633790893,62.7051339420693,1.5127230384602213,2.118400893630322,1.43528917557448,0.0531502158992819,0.2032970016678949,2002-07-23,0.21,bmo,766226086.0,2025-04-25,2002-06-30,0.0952380952380953,22.6871875,734128.125
2002-03-31,ECL,USD,31462,2002-05-07,2002-05-07 17:14:33,2002,Q1,786109000.0,395945000.0,390164000.0,0.496323029,0,304945000.0,0.0,304945000.0,12296000.0,317241000.0,713186000.0,0.0,20926000.0,54371000.0,72923000.0,0.0927644894,72923000.0,0.0927644894,-10512000.0,62411000.0,0.079392298,25370000.0,38923000.0,0.0495134899,0.15,0.15,256812000,260360000,https://www.sec.gov/Archives/edgar/data/31462/000110465902001687/0001104659-02-001687-index.htm,https://www.sec.gov/Archives/edgar/data/31462/000110465902001687/j3421_10q.htm,3.0610290796380237,0.151562232294441,0.3380994657570518,0.158664704141551,0.1177203557466162,3.544881080323349,0.5492578228431694,3.544881080323349,2.8731172998146506,5816791800.0,6503484800.0,37.36089073298564,7.399472337805571,66.99212005343898,142.75386654232213,6.389495017399557,6.389495017399557,8.273006415140904,89.18290251361024,74.90077855069794,159.60646918791568,0.0066914892845227,0.0070050642005099,0.7875112042602552,0.281676610851931,9.416686093550732,1.1401305930851864,3.484803593615598,2.34410518074566,0.0029681309893195,0.443568070292629,0.3879169428158182,0.0,0.3022592277403086,0.530715898097388,0.0586190973516395,0.8475290136285888,0.0,3.4768631004719004,0.0224785025594175,0.0219174117374122,-4.131210768967183,116424000.0,141056000.0,-687589000.0,1521794000.0,526712000.0,197235000.0,279041500.0,61.74907042153187,44.25569207844523,63.25833133389738,1.4575118197830723,2.033636709159827,1.4227374972152154,0.0427552374424408,0.1794347616155008,2002-04-23,0.18,bmo,744726315.0,2025-04-25,2002-03-31,0.0555555555555556,21.84766666666667,955616.6666666666
2001-12-31,ECL,USD,31462,2002-03-08,2002-03-08 00:00:00,2001,Q4,561777000.0,268837000.0,292940000.0,0.5214524625,0,225433000.0,0.0,225433000.0,1390000.0,226823000.0,495660000.0,0.0,5131000.0,40858000.0,106975000.0,0.1904225342,66438000.0,0.1182640087,-7940000.0,58498000.0,0.1041302866,23753000.0,38302000.0,0.0681800786,0.15,0.15,255390000,256812000,https://www.sec.gov/Archives/edgar/data/31462/000110465902000656/0001104659-02-000656-index.htm,https://www.sec.gov/Archives/edgar/data/31462/000110465902000656/j3013_10k405.htm,2.199682838012452,0.1499745487293942,0.5044520145659579,0.3501664121539606,0.1636438388347233,3.4470887662007126,0.4090841458162026,3.4470887662007126,2.93983319628803,5141000700.0,5844880700.0,33.555693566915565,9.151319295734783,39.9046875,57.486952778181575,5.839710365853659,5.839710365853659,10.404271979806934,54.63781911661603,45.368236928713365,65.35777767838174,0.007450300483328,0.0173952514731227,0.8470168750681546,0.2953160396039604,6.579855106333255,1.1227498695576554,12.948353147534592,3.36358414704193,0.0032359458733394,0.4343376324996084,0.4012855634887152,0.0,0.3072776237623762,0.3058479259811227,0.07013993096905,0.9643888589749864,0.0,3.410564557104163,0.0204414319443304,0.0218978185651789,-4.218673401464427,101631000.0,104476000.0,-715065000.0,1521830000.0,448397000.0,167954000.0,225742500.0,82.35769709333063,66.87874064953856,93.66512050052631,1.0927940335438089,1.345719119796568,0.9608699537144592,0.0435075969612155,0.1542856024119973,2002-02-14,0.15,bmo,554700000.0,2025-04-25,2001-12-31,0.0,18.45890625,894421.875
2001-09-30,ECL,USD,31462,2001-11-09,2001-11-09 00:00:00,2001,Q3,616231000.0,280748000.0,335483000.0,0.5444111056,0,241420000.0,0.0,241420000.0,0.0,241420000.0,522168000.0,0.0,1470000.0,41073000.0,135136000.0,0.219294388,94116000.0,0.1527284411,-7010000.0,87106000.0,0.1413528368,35279000.0,57261000.0,0.0929213233,0.23,0.22,255350000,259618000,https://www.sec.gov/Archives/edgar/data/31462/000110465901502647/0001104659-01-502647-index.htm,https://www.sec.gov/Archives/edgar/data/31462/000110465901502647/j1934_10q.htm,2.413279812022714,0.2242451537105933,0.4198551008419816,0.2728999412570981,0.3518504014098296,3.377979244174662,3.377979244174662,3.377979244174662,1.4933189739573134,4450750500.0,4740754500.0,19.431858070938333,7.222535867231606,41.514322357989,63.86956303365143,5.159889608575334,5.159889608575334,7.693145103053888,35.08135877930381,44.2193312191027,68.03120470689531,0.0128654706661269,0.0156569099975386,0.4403704291956451,0.204229005918006,2.1460158654984607,1.2840099154855806,64.02448979591837,1.872304011456314,0.0037240910268953,0.2894640331115419,0.3917686711638979,0.0,0.0,0.3500139912321612,0.0608943724025568,0.9136172181238283,0.0,4.128395352182936,0.038800831124701,0.0307868576931121,-2.09365576659487,156162000.0,862567000.0,-291341000.0,679627000.0,373483000.0,132747500.0,172328000.0,55.89592214607834,43.64141507686609,55.04224429025319,1.6101353469899666,2.062261268143621,1.6351077460687244,0.0663844083995793,0.1469551595848835,2001-10-18,0.22,bmo,607600000.0,2025-04-25,2001-09-30,0.0,19.54322033898305,736905.0847457628
2001-06-30,ECL,USD,31462,2001-08-07,2001-08-07 00:00:00,2001,Q2,595808000.0,274816000.0,320992000.0,0.5387507385,0,240940000.0,0.0,240940000.0,0.0,240940000.0,515756000.0,0.0,1930000.0,40955000.0,80244000.0,0.1346809711,80244000.0,0.1346809711,-6816000.0,73428000.0,0.1232410441,29737000.0,48193000.0,0.0808867957,0.19,0.19,254666000,260136000,https://www.sec.gov/Archives/edgar/data/31462/000091205701526851/0000912057-01-526851-index.htm,https://www.sec.gov/Archives/edgar/data/31462/000091205701526851/a2055873z10-q.htm,2.3395663339432824,0.189240024188545,0.2921159479475077,0.1160186283210165,0.2086851012698986,3.2068905939544345,3.2068905939544345,3.2068905939544345,1.5031021023615243,5218106340.0,5545820340.0,27.068798061959203,8.75803335974005,70.14338020217227,176.60956948487106,6.389366708869749,6.389366708869749,9.308066256243622,69.11196276357111,74.54861194752124,187.70122317741823,0.0092357259242823,0.0056622073363112,0.4663469191341592,0.2142341247742958,4.083968894870645,1.2431604767636573,41.57720207253886,1.543626667773328,0.003180847402968,0.3444068640673957,0.4043920189054192,0.0,0.0,0.6028336380255942,0.0752692142435147,1.0950067146868514,0.0,3.695215988994957,0.0344486667150095,0.0271086811004798,-2.152923829643533,128077000.0,816686000.0,-306289000.0,646947000.0,361585500.0,126640000.0,172588500.0,55.02131559159998,42.36401810666046,56.64168025151374,1.6357296991593593,2.124444375729559,1.5889359143365942,0.0590104397528548,0.1760973196264911,2001-07-19,0.19,bmo,587000000.0,2025-04-25,2001-06-30,0.0,20.14666666666667,673400.0
2001-03-31,ECL,USD,31462,2001-05-07,2001-05-07 00:00:00,2001,Q1,580907000.0,265230000.0,315677000.0,0.5434208918,0,238296000.0,0.0,238296000.0,0.0,238296000.0,503526000.0,0.0,4328000.0,40104000.0,77381000.0,0.1332072087,77381000.0,0.1332072087,-6668000.0,70713000.0,0.1217286072,28639000.0,44414000.0,0.0764563002,0.18,0.17,253924000,261258000,https://www.sec.gov/Archives/edgar/data/31462/000091205701513341/0000912057-01-513341-index.htm,https://www.sec.gov/Archives/edgar/data/31462/000091205701513341/a2047981z10-q.htm,2.2877199477008867,0.1749106031726028,0.212847151116082,0.0704305225185488,0.1523605488256328,3.128376994691325,3.128376994691325,3.128376994691325,1.4983065799215514,5385728040.0,5723168040.0,30.315486333138203,9.271239699297825,99.64897293096747,301.14784388280026,6.779873409116658,6.779873409116658,9.852124419227174,73.96089531021828,105.89242770181508,320.01610601655113,0.0082466102391609,0.0033206281244011,0.4734922013671211,0.2134723306877826,4.36076039337822,1.1923716193856984,17.879158964879853,1.2168910703832123,0.0030909470133586,0.3748142477597154,0.4102136830852443,0.0,0.0,0.6691028179177383,0.0622526497356719,0.9017305006981848,0.0,3.508802061899042,0.0336306267564653,0.0252072701185957,-2.2589032545170995,102314000.0,794370000.0,-333412000.0,609279000.0,342931000.0,135174500.0,170220500.0,55.60829874661521,42.0498812351544,58.43942992874109,1.618463467298182,2.1403152008134216,1.5400560907206438,0.0559109734758362,0.1424166285975331,2001-04-19,0.17,bmo,571400000.0,2025-04-25,2001-03-31,0.0,20.89,706454.8387096775
2000-12-31,ECL,USD,31462,2001-03-09,2001-03-09 00:00:00,2000,Q4,566676000.0,224563000.0,342113000.0,0.6037188799,0,230233000.0,0.0,230233000.0,38526000.0,268759000.0,493322000.0,0.0,0.0,38526000.0,111880000.0,0.1974320423,73354000.0,0.1294461032,19410000.0,92764000.0,0.1636984803,35568000.0,54768000.0,0.0966478199,0.22,0.22,253216000,253924000,https://www.sec.gov/Archives/edgar/data/31462/000091205701007478/0000912057-01-007478-index.htm,https://www.sec.gov/Archives/edgar/data/31462/000091205701007478/a2040491z10-k405.htm,2.2379154555794263,0.2162896499431315,0.3137360988247188,0.1565343422216605,0.1736264691014785,2.9895701693415897,2.471194553266776,2.9895701693415897,1.4650298559332744,5466933440.0,5793937440.0,24.954962021618464,9.647370702129612,68.81579799352996,137.92500542422485,7.221773959818073,7.221773959818073,10.224427080024563,51.78707043260636,72.93200709942978,146.17497388803392,0.0100180477046378,0.0072503169162418,0.490046987676468,0.2164332667643323,2.9228101537361457,1.128815075728243,0.0,1.388960766487167,0.0027699258032305,0.2764935728892784,0.4062868376285567,0.0,0.0765811888021722,0.501063655702831,0.0702447253809937,1.0332243160463064,0.0,3.8142881933153294,0.0343010275312615,0.0346030642868425,-2.3052502606470364,68534000.0,625746000.0,-356436000.0,701435000.0,342518500.0,142931000.0,175853500.0,51.92443300933867,58.685179660050856,67.41894256845518,1.7332880646730104,1.5336069604174063,1.3349363928189275,0.0723480760415689,0.1572017566030582,2001-02-14,0.18,bmo,566676000.0,2025-04-25,2000-12-31,0.0,19.773015873015872,732577.7777777778
2000-09-30,ECL,USD,31462,2000-11-06,2000-11-06 00:00:00,2000,Q3,600666000.0,229513000.0,371153000.0,0.6179024616,0,235987000.0,0.0,235987000.0,37438000.0,273425000.0,502938000.0,0.0,0.0,37438000.0,135166000.0,0.2250268868,97728000.0,0.1626994037,-1158000.0,96570000.0,0.1607715436,36232000.0,60338000.0,0.1004518318,0.24,0.23,254224000,262334000,https://www.sec.gov/Archives/edgar/data/31462/000091205700047421/0000912057-00-047421-index.htm,https://www.sec.gov/Archives/edgar/data/31462/000091205700047421/a2029351z10-q.txt,2.3627430927056454,0.2373418717351627,0.3929880735099754,0.241590093775568,0.1773042671030272,2.931320410346781,2.931320410346781,2.931320410346781,1.557787620366291,4583658720.0,4934610720.0,18.991592031555573,7.630960833474843,45.879254907063576,74.63054348887948,6.150811742161962,6.150811742161962,8.215232292155708,36.50778095083083,49.39204179887295,80.34469894819108,0.0131637200074965,0.0133993396436809,0.5314286404405726,0.2296635484426567,2.596451770415637,1.015551322831346,0.0,1.6557890549902217,0.0033641248055221,0.2555603433988531,0.3928755747786623,0.0,0.0,0.3852482809012381,0.0640772076328608,1.0280730808269674,0.0,3.956490128770926,0.046120653285576,0.0349911475377512,-2.25696039713009,9871000.0,745212000.0,-334559000.0,492787000.0,341822500.0,133682500.0,178149000.0,53.65544245887065,54.6769028333907,71.95161058414992,1.6773694498743368,1.6460332487054807,1.250840659011265,0.0809675635926421,0.1513979797344074,2000-10-19,0.23,bmo,600700000.0,2025-04-25,2000-09-30,0.0,18.647619047619045,521212.6984126984
2000-06-30,ECL,USD,31462,2000-08-08,2000-08-08 00:00:00,2000,Q2,570711000.0,223309000.0,347402000.0,0.6087178975,0,232689000.0,0.0,232689000.0,36073000.0,268762000.0,492071000.0,0.0,0.0,36073000.0,114713000.0,0.2010001559,78640000.0,0.1377930336,-139000.0,78501000.0,0.1375494778,30092000.0,48409000.0,0.0848222656,0.19,0.18,256692000,265980000,https://www.sec.gov/Archives/edgar/data/31462/000091205700035249/0000912057-00-035249-index.htm,https://www.sec.gov/Archives/edgar/data/31462/000091205700035249/a10-q.txt,2.223329905100276,0.1885878796378539,0.3463567232325121,0.195237872625559,0.1173858164648684,2.924372399607312,2.924372399607312,2.924372399607312,1.3673234849547318,5013194760.0,5334043760.0,25.889786816501065,8.784121490561773,56.38695220848753,100.03182137441136,6.678356013284256,6.678356013284256,9.346313212816996,46.49903463426116,59.99576816223694,106.43394843962008,0.0096563174417743,0.0099968188748366,0.4675613424399497,0.2131714276517136,2.796971572533192,1.0432614622409828,0.0,1.8365799747980749,0.0031028118285195,0.3213245470883513,0.4077177415539564,0.0,0.0,0.4363098518676819,0.0679696028287522,1.075347212596679,0.0,3.5226093705592207,0.0380732945664671,0.0294016361033554,-2.084653008274508,24310000.0,750663000.0,-309568000.0,495075000.0,318501000.0,123216500.0,178493000.0,51.33780494856416,51.55990130267925,69.647842227586,1.7530940422982997,1.745542519014156,1.2922151946346008,0.0644883256534556,0.151118850606953,2000-07-26,0.18,bmo,570700000.0,2025-04-25,2000-06-30,0.0,19.11126984126984,622114.2857142857
2000-03-31,ECL,USD,31462,2000-05-05,2000-05-05 00:00:00,2000,Q1,526260000.0,200085000.0,326175000.0,0.6197981986,0,217095000.0,0.0,217095000.0,36399000.0,253494000.0,453579000.0,0.0,0.0,36399000.0,109080000.0,0.207273971,72681000.0,0.1381085395,-2466000.0,70215000.0,0.1334226428,27603000.0,42612000.0,0.080971383,0.17,0.16,257888000,266660000,https://www.sec.gov/Archives/edgar/data/31462/000091205700021997/0000912057-00-021997-index.html,https://www.sec.gov/Archives/edgar/data/31462/000091205700021997/,2.040653306861893,0.1652345204119618,0.1831376411465442,0.0554736940067005,0.0882708772800595,3.056706787442611,1.894927255242586,3.056706787442611,1.2073923563717583,4729665920.0,5018273920.0,27.748438937388528,8.987317903697791,100.1432577441826,330.6071522438138,5.999921247056913,5.999921247056913,9.535731235510964,46.00544481114778,106.25407948506216,350.78106528729205,0.0090095158348943,0.0030247379502017,0.3949977673134692,0.1907035597524183,2.645837917125046,1.161803472778283,0.0,1.108349760630808,0.0032826842873502,0.3643574579930536,0.4125242275681222,0.0,0.1834991676639591,0.6970928878443329,0.0625603313951278,0.9045028709579932,0.0,3.371075985708277,0.0345422577311007,0.031963514846472,-1.9233998867725524,80222000.0,488679000.0,-268445000.0,831731000.0,305628500.0,120601000.0,180287500.0,53.26479306806522,53.30324612039883,82.8435414948647,1.6896714474229186,1.6884525155693575,1.0863852314374915,0.0540563854834781,0.1276639471398436,2000-04-20,0.15,bmo,493406250.0,2025-04-25,2000-03-31,0.0666666666666667,17.06079365079365,666780.9523809524
1999-12-31,ECL,USD,31462,2000-03-13,2000-03-13 00:00:00,1999,Q4,515800000.0,201200000.0,314600000.0,0.609926328,0,212800000.0,0.0,212800000.0,33600000.0,246400000.0,447600000.0,0.0,0.0,33600000.0,101800000.0,0.1973633191,68200000.0,0.1322217914,-100000.0,68100000.0,0.1320279178,25700000.0,42400000.0,0.082202404,0.16,0.16,257888000,257888000,https://www.sec.gov/Archives/edgar/data/31462/000091205700011227/0000912057-00-011227-index.html,https://www.sec.gov/Archives/edgar/data/31462/000091205700011227/,2.0000930636555405,0.164412458121355,0.3664381436902841,0.1748821193696488,0.1849640153865243,2.9547710634073705,1.9865212805559005,2.9547710634073705,1.0900080655168134,5044289280.0,5277689280.0,29.742271698113203,9.779544939899186,53.378722539682535,111.8467689578714,6.619802204724409,6.619802204724409,10.232045909267155,51.84370609037328,55.84856380952381,117.02193525498892,0.0084055448937298,0.008940803648755,0.3688976377952755,0.1772495113184942,2.292730844793714,1.2264712130868918,0.0,2.22877358490566,0.0026762937751262,0.3183962264150943,0.4125630089181853,0.0,0.1574500283750551,0.5227513227513227,0.0957735556417216,1.4702380952380951,0.0,3.3061346628222448,0.0345981107963196,0.0317317766801377,-1.7959346693138107,106600000.0,512300000.0,-246600000.0,804400000.0,318100000.0,129400000.0,172900000.0,52.31097324544397,54.88568588469185,78.9065606361829,1.7204803202134755,1.6397718011409943,1.1405895691609975,0.0556430446194225,0.1915560243206353,2000-02-02,0.16,bmo,515800000.0,2025-04-25,1999-12-31,0.0,17.49953125,704803.125
1999-09-30,ECL,USD,31462,1999-11-10,1999-11-10 00:00:00,1999,Q3,554500000.0,212300000.0,342200000.0,0.6171325518,0,219000000.0,0.0,219000000.0,35300000.0,254300000.0,466600000.0,0.0,0.0,35300000.0,123200000.0,0.2221821461,87900000.0,0.1585211903,700000.0,88600000.0,0.1597835888,33600000.0,55000000.0,0.0991884581,0.21,0.21,261904762,268292683,https://www.sec.gov/Archives/edgar/data/31462/000091205799004583/0000912057-99-004583-index.html,https://www.sec.gov/Archives/edgar/data/31462/000091205799004583/,2.1171818174119337,0.2099999999236363,0.3711272725923173,0.2218363635556958,0.1011818181450247,2.848745453509547,1.857163635688304,2.848745453509547,1.096581817783061,4468095239.719999,4728795239.719999,20.30952381690909,8.057881406167718,45.96805802181069,76.90353252530119,5.988601045060984,5.988601045060984,8.528034697421099,38.38307824448052,48.65015678724279,81.39062374733217,0.0123094958923585,0.013003303842655,0.3849349953089398,0.1814276689829437,2.1160714285714284,1.2184698770064624,0.0,1.767272727272727,0.0030438026206559,0.2472727272727272,0.3949504057709648,0.0,0.1640555906506633,0.4022633744855967,0.0705139765554553,1.1076487252124645,0.0,3.668831184851375,0.0452374919200384,0.0415627597672485,-1.80752727206999,104800000.0,486400000.0,-252400000.0,804300000.0,318550000.0,132400000.0,170200000.0,54.60054102795311,57.69665567593029,71.81347150259067,1.6483353151010702,1.5598824393828068,1.2532467532467533,0.0737166599651521,0.1492909090366214,1999-10-21,0.2,bmo,554500000.0,2025-04-25,1999-09-30,0.0,19.60953125,670668.75
1999-06-30,ECL,USD,31462,1999-08-11,1999-08-11 00:00:00,1999,Q2,520400000.0,201800000.0,318600000.0,0.6122213682,0,213900000.0,0.0,213900000.0,32900000.0,246800000.0,448600000.0,0.0,0.0,32900000.0,104716000.0,0.2012221368,71800000.0,0.1379707917,-1516000.0,70300000.0,0.1350883935,26900000.0,43400000.0,0.0833973866,0.17,0.16,263030303,271250000,https://www.sec.gov/Archives/edgar/data/31462/000104746999031046/0001047469-99-031046-index.html,https://www.sec.gov/Archives/edgar/data/31462/000104746999031046/,1.9784792629007464,0.1650000000190092,0.2151843318220258,0.0646313364129759,0.1136751152204694,2.6943663597574155,2.6943663597574155,2.6943663597574155,1.2519470047525283,5736690908.429999,6036090908.429999,33.045454541647466,11.023618194523442,101.35496304646642,337.45240637823525,8.094667572216734,8.094667572216734,11.598944866314373,57.64248928941135,106.6447156966431,355.0641710841176,0.007565337002247,0.0029633808534147,0.4646535910822633,0.2145696227275689,2.859161923679285,1.2996017802764113,0.0,1.304147465437788,0.0023707046827318,0.3133640552995391,0.4110299769408148,0.0,0.0,0.6996466431095406,0.0760953112990007,1.203647416413374,0.0,3.162725898928297,0.0369537568107147,0.0282791425034208,-1.8441791476779008,127900000.0,708700000.0,-271200000.0,559400000.0,291350000.0,125850000.0,168250000.0,52.00422751729439,57.398414271556,76.26362735381566,1.7306285334220153,1.567987567987568,1.1801169590643277,0.0612388881049809,0.1505529954090498,1999-07-22,0.16,bmo,520400000.0,2025-04-25,1999-06-30,0.0,20.81126984126984,520660.3174603175
1999-03-31,ECL,USD,31462,1999-05-12,1999-05-12 00:00:00,1999,Q1,489300000.0,187700000.0,301600000.0,0.6163907623,0,206600000.0,0.0,206600000.0,32700000.0,239300000.0,427000000.0,0.0,1600000.0,32700000.0,95004000.0,0.1941630901,62300000.0,0.1273247496,-3704000.0,58600000.0,0.1197629266,23600000.0,35000000.0,0.0715307582,0.14,0.13,259259259,269230769,https://www.sec.gov/Archives/edgar/data/31462/000104746999019700/0001047469-99-019700-index.html,https://www.sec.gov/Archives/edgar/data/31462/,1.8873000018873,0.135000000135,0.1743428573172,-0.0705857143563,0.0979714286694,2.6571857169429,2.6571857169429,2.6571857169429,1.2639857155497,4601851847.25,4902551847.25,32.8703703375,9.404970053648068,101.81088157632745,-251.46731405737705,6.679999778269706,6.679999778269706,10.019521453607194,51.60363613374174,108.46353644358408,-267.8990080464481,0.0076056338104225,-0.0039766599637352,0.4733633328494702,0.214680710994075,3.16512988926782,1.276091081593928,38.9375,1.2914285714285714,0.002955331994907,0.3885714285714285,0.422235847128551,0.0,0.0,1.404867256637168,0.1297772327815246,1.941896024464832,0.0,2.8409860301108942,0.0316491431580518,0.0230414746543778,-1.96887857339745,116400000.0,688900000.0,-292100000.0,536100000.0,264350000.0,123800000.0,165550000.0,51.87001839362354,58.97709110282366,79.35535428875866,1.7351063829787234,1.5260162601626015,1.1341389728096676,0.0508056321672231,0.2449285716735,1999-04-22,0.13,bmo,454349999.0,2025-04-25,1999-03-31,0.0769230769230769,19.06081967213115,496029.5081967213
1998-12-31,ECL,USD,31462,1999-03-30,1999-03-30 00:00:00,1998,Q4,483300000.0,188200000.0,295100000.0,0.6105938341,0,197300000.0,0.0,197300000.0,32600000.0,229900000.0,418100000.0,0.0,0.0,32600000.0,97800000.0,0.2023587834,65200000.0,0.1349058556,-800000.0,64400000.0,0.133250569,25200000.0,39200000.0,0.081109042,0.15,0.15,253764475,259259259,https://www.sec.gov/Archives/edgar/data/31462/000104746999012518/0001047469-99-012518-index.html,https://www.sec.gov/Archives/edgar/data/31462/,1.904521899686708,0.1544739467571258,0.2624480830108312,0.0634446567038195,0.1119147981607748,2.721027046831516,2.0684534350208,2.721027046831516,1.1624952625855136,4590599352.75,4857199352.75,29.27678158641582,9.49844682960894,68.92791820945945,285.13039458074536,6.648224985879797,6.648224985879797,10.050071079557211,49.66461505879346,72.93092121246247,301.6894007919255,0.0085391899810462,0.0035071673136439,0.4272266473569877,0.2005438477226376,2.7259713701431494,1.2593796898449223,0.0,1.6989795918367347,0.0026793886930323,0.3137755102040816,0.4082350506931512,0.0,0.1125764785859959,0.7582582582582582,0.1044899648251603,1.549079754601227,0.0,3.075284573991714,0.0348375671714704,0.0300291098513865,-1.9083640450461004,103700000.0,524900000.0,-277000000.0,689500000.0,253700000.0,123000000.0,162600000.0,45.940409683426445,59.5855472901169,79.19234856535601,1.9590595865423592,1.5104333868378812,1.1364734299516908,0.0567704561911658,0.1990034263070116,1999-02-22,0.15,bmo,515519999.0,2025-04-25,1998-12-31,-0.0666666666666665,15.5934375,479256.25
1998-09-30,ECL,USD,31462,1998-11-12,1998-11-12 00:00:00,1998,Q3,500000000.0,193500000.0,306500000.0,0.613,0,196500000.0,0.0,196500000.0,30900000.0,227400000.0,420900000.0,0.0,0.0,30900000.0,110000000.0,0.22,79100000.0,0.1582,-300000.0,78800000.0,0.1576,31800000.0,85000000.0,0.17,0.33,0.32,261538462,265625000,https://www.sec.gov/Archives/edgar/data/31462/000104746998039924/0001047469-98-039924-index.html,https://www.sec.gov/Archives/edgar/data/31462/,1.9117647025086504,0.3249999994264705,0.3758529405132007,0.1116470586265051,0.1621176467727335,2.5051764661673355,2.5051764661673355,2.5051764661673355,1.133294115647128,3719076929.64,3973076929.64,10.938461557764708,7.438153859280001,37.83394638494405,127.36564827534248,5.676246840109891,5.676246840109891,7.946153859280001,36.11888117854546,40.4178731397762,136.06427841232878,0.0228551335742946,0.0078514105925812,0.4523809523809524,0.2049650784869649,2.309090909090909,1.171730812514067,0.0,2.0914893617021275,0.0032803838777222,0.1435294117647058,0.393,0.0,0.0,0.7029501525940997,0.1382,2.236245954692557,0.0,4.280082110955444,0.0426495516273298,0.0587787843164373,-1.8091985262190613,76300000.0,655200000.0,-270300000.0,482600000.0,254250000.0,119050000.0,156450000.0,46.926,56.46511627906977,74.23255813953489,1.9179133103183736,1.5939044481054363,1.212406015037594,0.1297313797313797,0.2642058818866955,1998-10-20,0.17,bmo,472222222.0,2025-04-25,1998-09-30,0.0588235294117645,15.0296875,365925.0
1998-06-30,ECL,USD,31462,1998-08-12,1998-08-12 00:00:00,1998,Q2,468500000.0,180400000.0,288100000.0,0.614941302,0,194600000.0,0.0,194600000.0,29700000.0,224300000.0,404700000.0,0.0,0.0,29700000.0,93500000.0,0.1995731057,63800000.0,0.1361792956,-1600000.0,62200000.0,0.1327641409,24500000.0,37700000.0,0.0804695838,0.14,0.14,260000000,269285714,https://www.sec.gov/Archives/edgar/data/31462/000104746998030633/0001047469-98-030633-index.html,https://www.sec.gov/Archives/edgar/data/31462/,1.801923076923077,0.145,0.1196153846153846,0.0603846153846153,0.1046153846153846,2.181153846153846,1.3546153846153846,2.181153846153846,1.2661538461538462,4030000000.0,4332000000.0,26.724137931034484,8.601921024546424,129.58199356913184,256.687898089172,7.10633045318286,7.10633045318286,9.246531483457844,46.33155080213904,139.2926045016077,275.92356687898086,0.0093548387096774,0.0038957816377171,0.5804972667959796,0.2353445810694881,3.229946524064171,1.209544573643411,0.0,0.8249336870026526,0.0030272952853598,0.3236074270557029,0.4153681963713981,0.0,0.1536316843008292,0.495176848874598,0.0328708644610458,0.5185185185185185,0.0,2.667585879231805,0.0359785773349592,0.0318439057352816,-2.0846153846153848,86500000.0,352200000.0,-332400000.0,697900000.0,245250000.0,117400000.0,153550000.0,47.602988260405546,58.22062084257206,76.48004434589801,1.890637610976594,1.5458440445586976,1.176777560339204,0.0664785752071945,0.0592307692307692,1998-07-21,0.14,bmo,468500000.0,2025-04-25,1998-06-30,0.0,15.488571428571428,333612.6984126984
1998-03-31,ECL,USD,31462,1998-05-13,1998-05-13 00:00:00,1998,Q1,436400000.0,167100000.0,269300000.0,0.6170944088,0,186700000.0,0.0,186700000.0,28800000.0,215500000.0,382600000.0,0.0,300000.0,28800000.0,82600000.0,0.1892758937,53800000.0,0.1232813932,-2900000.0,50900000.0,0.1166361137,20300000.0,30600000.0,0.0701191567,0.12,0.12,255000000,266086957,https://www.sec.gov/Archives/edgar/data/31462/000104746998019542/0001047469-98-019542-index.html,https://www.sec.gov/Archives/edgar/data/31462/,1.711372549019608,0.12,0.1552941176470588,-0.0517647058823529,0.0729411764705882,2.138823529411765,1.271372549019608,2.138823529411765,1.199607843137255,3697500000.0,3984500000.0,30.208333333333336,8.472731439046747,93.37121212121212,-280.1136363636364,6.77942794279428,6.77942794279428,9.13038496791934,48.238498789346245,100.61868686868686,-301.8560606060606,0.0082758620689655,-0.0035699797160243,0.5603226989365603,0.2202205087554947,3.4745762711864407,1.2519846350832269,179.33333333333334,1.2941176470588236,0.0033265720081135,0.4019607843137255,0.4278185151237397,0.0,0.1594004467824457,1.3333333333333333,0.1209899175068744,1.8333333333333333,0.0,2.403086250930616,0.0306630815961163,0.0262323189027003,-2.2148039215686275,98400000.0,324200000.0,-353400000.0,705100000.0,244350000.0,124400000.0,154300000.0,50.05270394133822,63.60861759425494,82.83662477558347,1.7981046559538525,1.4149026248941574,1.0864759427828348,0.0561056105610561,0.2070588235294117,1998-04-24,0.11,bmo,400033333.0,2025-04-25,1998-03-31,0.0909090909090908,14.05032786885246,409665.5737704918
1997-12-31,ECL,USD,31462,1998-03-10,1998-03-10 00:00:00,1997,Q4,422000000.0,159000000.0,263000000.0,0.6232227488,0,181600000.0,0.0,181600000.0,25800000.0,207400000.0,366400000.0,0.0,0.0,25800000.0,81400000.0,0.1928909953,55600000.0,0.1317535545,500000.0,56100000.0,0.1329383886,21700000.0,34400000.0,0.0815165877,0.13,0.13,255000000,255000000,https://www.sec.gov/Archives/edgar/data/31462/000104746998009305/0001047469-98-009305-index.html,https://www.sec.gov/Archives/edgar/data/31462/,1.6549019607843136,0.1349019607843137,0.3356862745098039,0.1847058823529411,0.24,2.163529411764706,1.312156862745098,2.163529411764706,1.2090196078431372,3534300000.0,3781400000.0,25.68531976744186,8.375118483412322,41.28855140186916,75.03821656050955,6.406199021207177,6.406199021207177,8.960663507109004,46.45454545454545,44.175233644859816,80.28450106157112,0.0097331862037744,0.0133265427383074,0.5588181982961754,0.2176798700840217,3.035626535626536,1.2595797280593326,0.0,2.488372093023256,0.0029425911778852,0.3023255813953488,0.4303317535545023,0.0,0.153286733036786,0.4497663551401869,0.0912322274881516,1.492248062015504,0.0,2.5626057240406324,0.0321423631890083,0.028685790527018,-2.123529411764706,105000000.0,334600000.0,-355100000.0,717700000.0,238300000.0,118250000.0,143800000.0,52.46445497630332,73.98113207547169,87.62264150943396,1.7154471544715446,1.2165263963274675,1.0271317829457365,0.062352727931847,0.1509803921568627,1998-02-23,0.13,bmo,422000000.0,2025-04-25,1997-12-31,0.0,12.75078125,480556.25
1997-09-30,ECL,USD,31462,1997-11-12,1997-11-12 00:00:00,1997,Q3,432900000.0,163200000.0,269700000.0,0.623007623,0,177900000.0,0.0,177900000.0,25000000.0,202900000.0,366100000.0,0.0,0.0,25000000.0,91800000.0,0.2120582121,66800000.0,0.1543081543,300000.0,67100000.0,0.155001155,26600000.0,40500000.0,0.0935550936,0.16,0.16,253125000,261290323,https://www.sec.gov/Archives/edgar/data/31462/000104746997004062/0001047469-97-004062-index.html,https://www.sec.gov/Archives/edgar/data/31462/,1.7102222222222223,0.16,0.2725925925925926,0.1588148148148148,0.2646913580246913,2.11358024691358,1.6225185185185185,2.11358024691358,0.7936790123456791,3072937500.0,3206837500.0,18.96875,7.098492723492724,44.53532608695652,76.44123134328358,5.743808411214954,5.743808411214954,7.407802032802032,34.932870370370374,46.47590579710145,79.77207711442786,0.0131795716639209,0.0130819452071511,0.3755140186915888,0.1590027700831024,1.4586056644880174,1.2573885008060182,0.0,1.7037037037037035,0.0033843838346858,0.2567901234567901,0.4109494109494109,0.0,0.098377522754254,0.417391304347826,0.0665280665280665,1.152,0.0,2.7584214487436265,0.0427424223202212,0.0355512640449438,-1.6677530864197532,95800000.0,410700000.0,-260500000.0,567500000.0,224100000.0,103200000.0,131500000.0,47.94178794178794,58.34558823529412,73.23529411764706,1.877276669557676,1.5425330812854443,1.2289156626506024,0.0757009345794392,0.1137777777777777,1997-10-21,0.15,bmo,432900000.0,2025-04-25,1997-09-30,0.0,11.7634375,656793.75
1997-06-30,ECL,USD,31462,1997-08-07,1997-08-07 00:00:00,1997,Q2,411800000.0,157900000.0,253900000.0,0.6165614376,0,175700000.0,0.0,175700000.0,25400000.0,201100000.0,359000000.0,0.0,0.0,25400000.0,78200000.0,0.1898980087,52800000.0,0.1282175814,500000.0,53300000.0,0.129431763,20400000.0,32900000.0,0.079893152,0.13,0.13,253076923,263200000,https://www.sec.gov/Archives/edgar/data/31462/000091205797026426/0000912057-97-026426-index.html,https://www.sec.gov/Archives/edgar/data/31462/,1.6271732527742169,0.1300000000395136,0.2125835866907549,0.0968085106677229,0.2789665654343363,2.1021276602134127,1.6951367786307407,2.1021276602134127,0.7065045594852597,3021738460.62,3129938460.62,22.96153845455927,7.337878729043225,56.16614239070632,123.33626369877553,5.679959512443609,5.679959512443609,7.600627636279747,40.02478849897698,58.1772948070632,127.75259022938776,0.0108877721976142,0.0081079154663084,0.3360902255639098,0.1479642502482621,1.3836317135549872,1.4095267553356017,0.0,1.635258358662614,0.0034086338491011,0.3130699088145897,0.4266634288489558,0.0,0.0852366765971532,0.5446096654275093,0.0711510441962117,1.153543307086614,0.0,2.47966195437869,0.0356306653613247,0.029762981726072,-1.491641337839405,132400000.0,429000000.0,-220700000.0,578400000.0,211500000.0,99250000.0,130650000.0,47.55706653715395,57.34008866371121,74.21152628245724,1.8924632352941173,1.5695825049701788,1.2127496159754223,0.0618421052631578,0.1157750760230319,1997-07-22,0.13,bmo,446116666.0,2025-04-25,1997-06-30,-0.0769230769230769,10.47796875,673156.25
1997-03-31,ECL,USD,31462,1997-05-09,1997-05-09 00:00:00,1997,Q1,373700000.0,141100000.0,232600000.0,0.6224244046,0,164600000.0,0.0,164600000.0,24700000.0,189300000.0,330400000.0,0.0,0.0,24700000.0,68000000.0,0.1819641424,43300000.0,0.1158683436,-500000.0,42800000.0,0.114530372,16600000.0,26200000.0,0.0701097137,0.1,0.1,262000000,262000000,https://www.sec.gov/Archives/edgar/data/31462/000091205797016416/0000912057-97-016416-index.html,https://www.sec.gov/Archives/edgar/data/31462/,1.4263358778625954,0.1,0.1019083969465648,0.0061068702290076,0.2423664122137404,1.952671755725191,1.5709923664122138,1.952671755725191,0.6816793893129771,2489000000.0,2604100000.0,23.75,6.6604227990366605,93.22097378277154,1555.625,4.865129007036748,4.865129007036748,6.968423869413969,38.29558823529412,97.53183520599252,1627.5625,0.0105263157894736,0.0006428284451586,0.3491008600469116,0.1513815901000169,1.6926470588235294,1.3715538847117794,0.0,1.0190839694656488,0.0041783848935315,0.3969465648854962,0.4404602622424404,0.0,0.0847601288353958,0.9400749063670412,0.0671661760770671,1.0161943319838056,0.0,2.0960704783908577,0.0297553600879604,0.0242637525467679,-1.4698473282442748,118600000.0,411600000.0,-230400000.0,553800000.0,205200000.0,100850000.0,126650000.0,49.46748728926947,62.44507441530829,83.62154500354359,1.8193768257059395,1.4412665985699693,1.07627765064836,0.0512118842845973,0.0958015267175572,1997-04-21,0.09,bmo,336419999.0,2025-04-25,1997-03-31,0.1111111111111112,9.441967213114754,398596.7213114754
1996-12-31,ECL,USD,31462,1997-03-27,1997-03-27 00:00:00,1996,Q4,391000000.0,152900000.0,238100000.0,0.6089514066,0,164800000.0,0.0,164800000.0,23300000.0,188100000.0,341000000.0,0.0,0.0,23300000.0,73300000.0,0.1874680307,50000000.0,0.1278772379,400000.0,50400000.0,0.1289002558,20000000.0,30400000.0,0.0777493606,0.12,0.12,255686000,262000000,https://www.sec.gov/Archives/edgar/data/31462/000091205797010517/0000912057-97-010517-index.html,https://www.sec.gov/Archives/edgar/data/31462/,1.529219433211048,0.118895833170373,0.3034972583559522,0.1881213676149652,0.2710355670627253,2.033744514756381,1.6547640465258169,2.033744514756381,0.6895176114452883,2406005260.0,2513005260.0,19.786227467105263,6.153466138107417,31.00522242268041,50.020899376299376,4.626933192307692,4.626933192307692,6.427123427109975,34.283837107776264,32.384088402061856,52.2454316008316,0.0126350513464796,0.0199916437422917,0.3390384615384615,0.1458953988745448,1.4597544338335606,1.3285539963392312,0.0,2.5526315789473686,0.0037406402012604,0.2960526315789473,0.4214833759590793,0.0,0.080188679245283,0.3801546391752577,0.0754475703324808,1.2660944206008584,0.0,2.3325060218779305,0.0332071461778574,0.0273504273504273,-1.581040807865898,107700000.0,423100000.0,-252900000.0,536900000.0,204250000.0,93400000.0,118450000.0,47.18670076726343,61.09875735775016,71.92936559843034,1.907317073170732,1.4730250481695568,1.251227495908347,0.0584615384615384,0.1153758907409869,1997-02-24,0.12,bmo,391000000.0,2025-04-25,1996-12-31,0.0,9.30515625,327062.5
1996-09-30,ECL,USD,31462,1996-11-12,1996-11-12 00:00:00,1996,Q3,392100000.0,152600000.0,239500000.0,0.610813568,0,160500000.0,0.0,160500000.0,22600000.0,183100000.0,335700000.0,0.0,0.0,22600000.0,79000000.0,0.2014792145,56400000.0,0.1438408569,1400000.0,57800000.0,0.1474113746,22300000.0,35500000.0,0.090538128,0.14,0.14,253571429,262962963,https://www.sec.gov/Archives/edgar/data/31462/000091205796025763/0000912057-96-025763-index.html,https://www.sec.gov/Archives/edgar/data/31462/,1.546309856541448,0.1399999997633803,0.3821408444245507,0.2658028164521642,0.2038873235990636,1.9540845037395755,1.567211264956826,1.9540845037395755,0.7485070409884388,2140142860.76,2278242860.76,15.071428596901407,5.45815572751849,22.086097634262124,31.75286143560831,4.31915814482341,4.31915814482341,5.810361797398623,28.83851722481013,23.51127823281734,33.80182285994066,0.0165876776970829,0.0314932246981237,0.3830474268415741,0.1606704478117328,1.7481012658227848,1.2978106889890535,0.0,2.7219101123595504,0.0042053267401055,0.2535211267605634,0.4093343534812548,0.0,0.0830441039532718,0.304437564499484,0.075235909206835,1.3053097345132745,0.0,2.4810010432033733,0.0386306885338513,0.0327732644017725,-1.672605630975878,92500000.0,397400000.0,-282700000.0,513400000.0,202350000.0,81800000.0,117500000.0,46.71002295332823,48.951507208387945,67.64744429882045,1.9267813267813267,1.8385542168674696,1.3304272013949434,0.0716448032290615,0.1163380279723864,1996-10-22,0.13,bmo,,2025-04-25,1996-09-30,0.0769230769230769,7.8346875,271562.5
1996-06-30,ECL,USD,31462,1996-08-07,1996-08-07 00:00:00,1996,Q2,373200000.0,148900000.0,224300000.0,0.6010182208,0,157000000.0,0.0,157000000.0,22000000.0,179000000.0,327900000.0,0.0,0.0,22000000.0,67300000.0,0.1803322615,45300000.0,0.1213826367,-1400000.0,43900000.0,0.1176312969,16300000.0,27600000.0,0.0739549839,0.11,0.11,250909091,250909091,https://www.sec.gov/Archives/edgar/data/31462/000091205796016500/0000912057-96-016500-index.html,https://www.sec.gov/Archives/edgar/data/31462/,1.4873913038089162,0.1099999999601449,0.1797463767464687,0.0725362318577767,0.1263405796643693,1.85126811527128,1.5403985501665225,1.85126811527128,0.8788043475076796,2039890909.83,2228690909.83,18.477272733967396,5.465945631913184,45.23039711374723,112.08191812252748,4.391584305339075,4.391584305339075,5.971840594399786,33.11576389049034,49.41664988536585,122.45554449615383,0.0135301352964507,0.0089220457389639,0.4747039827771798,0.1943930177201798,2.805349182763744,1.3558863328822734,0.0,1.634057971014493,0.0044120006401469,0.3260869565217391,0.4206859592711682,0.0,0.0687648770166622,0.5964523281596452,0.0720793140407288,1.2227272727272729,0.0,2.1405346490155943,0.031810769833962,0.0261289406418631,-1.7020108689485467,105200000.0,386500000.0,-269000000.0,493000000.0,197800000.0,82700000.0,121700000.0,48.52090032154341,48.717259905977166,72.71323035594358,1.8548707753479128,1.847394540942928,1.2377389858686616,0.0594187298170075,0.1072101448886919,1996-07-18,0.11,bmo,,2025-04-25,1996-06-30,0.0,8.006349206349206,209746.03174603172
1996-03-31,ECL,USD,31462,1996-05-08,1996-05-08 00:00:00,1996,Q1,333700000.0,131000000.0,202700000.0,0.607431825,0,147300000.0,0.0,147300000.0,21600000.0,168900000.0,299900000.0,0.0,500000.0,21600000.0,55400000.0,0.1660173809,33800000.0,0.1012885826,-2000000.0,31800000.0,0.0952951753,12200000.0,19600000.0,0.0587353911,0.075,0.075,261333333,261333333,https://www.sec.gov/Archives/edgar/data/31462/000091205796008494/0000912057-96-008494-index.html,https://www.sec.gov/Archives/edgar/data/31462/,1.2769132669348384,0.0750000000956632,0.1327806124142609,0.0348214286158436,0.0688775511082621,1.7414540838538954,1.4475765324586436,1.7414540838538954,0.8391581643356609,2009653330.77,2210453330.7700005,25.633333300637755,6.022335423344322,57.91508157838617,220.84102535934068,4.41584999070534,4.41584999070534,6.624073511447409,39.89987961678701,63.70182509423633,242.9069594252748,0.0097529258902032,0.0045281441633086,0.4807734563832125,0.1941609725796432,3.624548736462094,1.2934891485809683,67.6,1.770408163265306,0.0045281441633086,0.4642857142857143,0.4414144441114774,0.0,0.0681515662436773,0.7377521613832853,0.0767156128258915,1.1851851851851851,0.0,1.714264790005265,0.0236091391687621,0.0186648890581849,-1.7083545940157585,87900000.0,378300000.0,-284400000.0,467100000.0,196400000.0,83350000.0,114600000.0,52.43032664069524,58.25954198473283,84.57251908396947,1.7165637860082306,1.544811320754717,1.0641754670999188,0.043067457701604,0.0979591837984173,1996-04-18,0.07,bmo,,2025-04-25,1996-03-31,0.1428571428571427,7.626031746031746,291041.2698412698
1995-12-31,ECL,USD,31462,1996-03-27,1996-03-27 00:00:00,1995,Q4,349400000.0,138800000.0,210600000.0,0.6027475673,0,148700000.0,0.0,148700000.0,19900000.0,168600000.0,307400000.0,0.0,700000.0,19900000.0,61900000.0,0.1771608472,42000000.0,0.1202060675,-1900000.0,40100000.0,0.114768174,15000000.0,25100000.0,0.0718374356,0.096,0.096,261333333,261333333,https://www.sec.gov/Archives/edgar/data/31462/000091205796005326/0000912057-96-005326-index.html,https://www.sec.gov/Archives/edgar/data/31462/,1.3369897976237115,0.0960459184898544,0.2062500002630739,0.070790816416825,0.0945153062430042,1.7475765328412969,1.5531887774913122,1.7475765328412969,0.6187500007892219,1959999997.5,2096299997.5,19.52191232569721,5.609616478248426,36.363636317254176,105.9459458108108,4.291657537770965,4.291657537770965,5.999713787922152,33.86591272213247,38.89239327458256,113.31351337837836,0.0128061224653139,0.0094387755222433,0.3525290124808408,0.1517579413705344,2.201938610662358,1.1533011272141709,60.0,2.147410358565737,0.0041326530664957,0.3227091633466135,0.4255867200915856,0.0,0.0478838721839947,0.6567717996289425,0.1013165426445334,1.778894472361809,0.0,1.9433401265942352,0.0319820885741849,0.0248490248490248,-1.445089287557512,47600000.0,405900000.0,-246100000.0,391300000.0,192600000.0,78350000.0,107250000.0,51.10475100171723,53.10518731988473,68.79682997118155,1.7610887096774193,1.6947496947496947,1.3081998114985862,0.0549594920078826,0.1354591838462489,1996-02-26,0.1,bmo,,2025-04-25,1995-12-31,0.0,7.227460317460317,221917.46031746035
1995-09-30,ECL,USD,31462,1995-11-09,1995-11-09 00:00:00,1995,Q3,348500000.0,139300000.0,209200000.0,0.600286944,0,142600000.0,0.0,142600000.0,17300000.0,159900000.0,299200000.0,0.0,0.0,17300000.0,66600000.0,0.1911047346,49300000.0,0.1414634146,-1400000.0,47900000.0,0.137446198,18000000.0,29900000.0,0.0857962697,0.12,0.12,260000000,260000000,https://www.sec.gov/Archives/edgar/data/31462/000003146295000017/0000031462-95-000017-index.html,https://www.sec.gov/Archives/edgar/data/31462/,1.3403846153846153,0.115,0.2323076923076923,0.1346153846153846,0.1065384615384615,1.6673076923076924,1.5038461538461538,1.6673076923076924,0.6115384615384616,1796600000.0,1927900000.0,15.021739130434783,5.155236728837877,29.74503311258278,51.331428571428575,4.144405997693195,4.144405997693195,5.531994261119082,28.94744744744745,31.91887417218543,55.08285714285714,0.016642547033285,0.0194812423466547,0.3667820069204152,0.1547595873077671,1.9714714714714712,1.2842219020172911,0.0,2.020066889632107,0.004452855393521,0.2675585284280936,0.4091822094691535,0.0,0.0413665563558497,0.4205298013245033,0.072883787661406,1.4682080924855492,0.0,2.0770552842536847,0.0382379522447776,0.030358412021525,-1.4303846153846154,78900000.0,391000000.0,-237400000.0,392000000.0,182750000.0,73350000.0,108650000.0,48.24103299856528,48.32735104091888,70.03589375448672,1.8656316916488225,1.8622994652406413,1.2850553505535056,0.0689734717416378,0.0976923076923076,1995-10-19,0.12,bmo,,2025-04-25,1995-09-30,0.0,6.675396825396826,206463.49206349207
1995-06-30,ECL,USD,31462,1995-08-08,1995-08-08 00:00:00,1995,Q2,333400000.0,129100000.0,204300000.0,0.6127774445,0,143700000.0,0.0,143700000.0,20200000.0,163900000.0,293000000.0,0.0,0.0,20200000.0,60600000.0,0.1817636473,40400000.0,0.1211757648,600000.0,41000000.0,0.1229754049,15200000.0,25800000.0,0.0773845231,0.095,0.095,271578947,271578947,https://www.sec.gov/Archives/edgar/data/31462/000003146295000016/0000031462-95-000016-index.html,https://www.sec.gov/Archives/edgar/data/31462/,1.227635660580126,0.0950000001288759,0.0902131784169558,-0.008837209314314,0.0747480621169062,1.5413565912382745,1.3830232576901478,1.5413565912382745,0.6605813962449748,1664778945.11,1823878945.11,16.131578925484497,4.993338167696461,67.95016102489795,-693.6578937958333,3.977016113497372,3.977016113497372,5.470542726784643,30.097012295544552,74.44403857591837,-759.9495604624999,0.0154975530389683,-0.0014416328408342,0.4285714285714285,0.1765921842701053,2.625412541254126,1.3223076923076924,0.0,0.9496124031007752,0.0051057829779546,0.3294573643410852,0.4310137972405519,0.0,0.0423270006890442,1.0979591836734697,0.0806838632273545,1.3316831683168318,0.0,1.8151169984993525,0.0315767470182464,0.0265186555658341,-1.4306153120182763,83800000.0,375600000.0,-253500000.0,390100000.0,176650000.0,75200000.0,105450000.0,48.23935212957409,50.12393493415957,75.91789310611928,1.8656966983771683,1.7955493741307371,1.1854912764003671,0.0616340181557572,0.0990503877312699,1995-07-20,0.1,bmo,,2025-04-25,1995-06-30,0.0,5.99968253968254,280507.9365079365
1995-03-31,ECL,USD,31462,1995-05-12,1995-05-12 00:00:00,1995,Q1,309600000.0,119900000.0,189700000.0,0.6127260982,0,139900000.0,0.0,139900000.0,18700000.0,158600000.0,278500000.0,0.0,0.0,18700000.0,49800000.0,0.1608527132,31100000.0,0.1004521964,-1200000.0,29900000.0,0.0965762274,11500000.0,18400000.0,0.0594315245,0.07,0.07,262857143,262857143,https://www.sec.gov/Archives/edgar/data/31462/000003146295000008/0000031462-95-000008-index.html,https://www.sec.gov/Archives/edgar/data/31462/,1.177826086316399,0.0699999999619565,0.1053804347253367,0.0209239130321065,0.3480978258977729,1.8325543468301333,1.6693478251797025,1.8325543468301333,0.5615217388252599,1592914286.58,1649014286.58,21.642857154619563,5.145071985077519,57.505930923465705,289.6207793781818,3.30685963583143,3.30685963583143,5.326273535465116,33.112736678313254,59.53120168158844,299.8207793781818,0.0115511551092337,0.0034527909293905,0.3064147809840149,0.1405982091827014,1.1265060240963856,1.5707638619620008,0.0,1.5054347826086956,0.0053361314363308,0.4619565217391304,0.4518733850129199,0.0,0.0408649266526957,0.8014440433212996,0.0717054263565891,1.1871657754010696,0.0,1.6989034977563715,0.0229395439751426,0.018273910020856,-1.1209510863473091,147200000.0,438800000.0,-163000000.0,441300000.0,171700000.0,77700000.0,101000000.0,50.75581395348837,58.92410341951626,76.56380316930776,1.7731958762886595,1.5273885350318472,1.1754901960784314,0.038198048577953,0.0844565216932301,1995-04-18,0.07,bmo,,2025-04-25,1995-03-31,0.0,5.626190476190476,294514.28571428574
1994-12-31,ECL,USD,31462,1995-03-14,1995-03-14 00:00:00,1994,Q4,362300000.0,153800000.0,208500000.0,0.5754899255,0,0.0,0.0,149700000.0,18100000.0,167800000.0,321600000.0,0.0,12000000.0,18100000.0,58800000.0,0.1622964394,40700000.0,0.1123378416,-7500000.0,33200000.0,0.0916367651,12600000.0,20600000.0,0.0568589567,0.0816,0.0816,252380952,252380952,https://www.sec.gov/Archives/edgar/data/31462/000091205795001375/0000912057-95-001375-index.html,https://www.sec.gov/Archives/edgar/data/31462/,1.4355283040536275,0.0816226416326379,0.1573018870298896,0.0507169812086294,0.3894905666256461,1.8297735876675827,1.6811886817829262,1.8297735876675827,0.6307924537823282,1317428569.4399998,1366328569.4399998,15.988210794174757,3.636291938835219,33.18459872644836,102.92410698749998,2.8528119736682545,2.8528119736682545,3.771262957328181,23.23688043265306,34.41633676171284,106.74441948749998,0.0156365213855628,0.0097158967832623,0.3187527067994803,0.1442571540572324,0.8316326530612245,1.5813953488372092,3.3916666666666666,1.9271844660194173,0.0053133810533465,0.3398058252427184,0.0,0.0,0.036750294002352,0.6775818639798489,0.0742478608887662,1.4861878453038675,0.0,1.833138418352196,0.0312351446602737,0.0209583884423644,-1.1240943413193878,147500000.0,424300000.0,-157400000.0,431200000.0,163900000.0,74250000.0,96300000.0,41.9321004692244,45.0,58.51755526657997,2.1463270142180093,2.0,1.538,0.0446080554352533,0.1065849058212602,1995-02-27,0.09,bmo,,2025-04-25,1994-12-31,0.0,5.153968253968253,280965.0793650793
1994-09-30,ECL,USD,31462,1994-09-30,1994-09-30 00:00:00,1994,Q3,302800000.0,113100000.0,189700000.0,0.6264861295,0,0.0,0.0,129900000.0,16300000.0,146200000.0,259300000.0,0.0,0.0,16300000.0,59800000.0,0.1974900925,43500000.0,0.143659181,-600000.0,42900000.0,0.141677675,16400000.0,26500000.0,0.0875165125,0.11,0.11,252380952,252380952,,,1.1997735867166397,0.1050000001584905,0.2072264154071342,0.1180754718763403,0.3712641515037949,1.7013962289832396,1.5512264174358137,1.7013962289832396,0.5440188687456888,1372952378.88,1416552378.88,12.95238093283019,4.534188833817701,26.25147951969408,46.07222747919464,3.197373961061947,3.197373961061947,4.678178265785998,23.68816687090301,27.08513152734226,47.535314727516784,0.0193014706173695,0.0217050499772684,0.3197484862598975,0.1407339073390734,0.7290969899665551,1.632626568585028,0.0,1.9735849056603776,0.0050256659343339,0.260377358490566,0.0,0.0,0.0388478884788847,0.4302103250478011,0.0743064729194187,1.3803680981595092,0.0,2.0048811927493726,0.0350060309674692,0.0282606377306174,-1.1369716998293913,146200000.0,391500000.0,-168900000.0,405200000.0,152600000.0,70850000.0,91800000.0,47.25891677675033,56.9761273209549,73.6870026525199,1.9044025157232705,1.579608938547486,1.221382289416847,0.0617140195621797,0.0891509435307938,1994-10-20,0.1,bmo,,2025-04-25,1994-09-30,0.0999999999999999,5.4378125,195500.0
1994-06-30,ECL,USD,31462,1994-06-30,1994-06-30 00:00:00,1994,Q2,282400000.0,104000000.0,178400000.0,0.6317280453,0,0.0,0.0,128300000.0,16300000.0,144600000.0,248600000.0,0.0,0.0,16200000.0,50100000.0,0.177407932,33800000.0,0.1196883853,0.0,33800000.0,0.1196883853,12100000.0,21700000.0,0.0768413598,0.085,0.085,255294118,255294118,,,1.1061751136780988,0.0849999998824884,0.2040783407316889,0.1261290320836925,0.2534331793731338,1.5817050669377348,1.4399078321107266,1.5817050669377348,0.5264516121754125,1404117649.0,1473817649.0,16.17647061059908,4.972087992209632,26.95043472168906,43.60613816770186,3.477260151064884,3.477260151064884,5.218901023371105,29.417517944111776,28.288246621881,45.77073444099379,0.0154545454331797,0.0229325512879441,0.3328380386329866,0.1457226498969966,1.3912175648702594,1.5939422621864647,0.0,2.4009216589861757,0.0049141181331308,0.3179723502304147,0.0,0.0,0.0392497018323755,0.381957773512476,0.0704674220963172,1.228395061728395,0.0,1.7392558570654215,0.0297260273972602,0.0244893352894707,-1.1698271873228197,125500000.0,367600000.0,-181700000.0,379400000.0,145450000.0,69750000.0,87800000.0,46.593484419263454,60.66346153846154,78.75,1.9316005471956224,1.483594864479315,1.1428571428571428,0.0537394749876176,0.0779493086479963,1994-07-21,0.08,bmo,,2025-04-25,1994-06-30,0.1249999999999999,5.4269354838709685,326877.4193548387
1994-03-31,ECL,USD,31462,1994-03-31,1994-03-31 00:00:00,1994,Q1,260100000.0,95100000.0,165000000.0,0.6343713956,0,0.0,0.0,121600000.0,16300000.0,137900000.0,233000000.0,0.0,200000.0,16300000.0,43400000.0,0.1668589004,27100000.0,0.1041906959,-2100000.0,25000000.0,0.0961168781,9200000.0,15800000.0,0.060745867,0.065,0.065,243076923,243076923,,,1.070031645908238,0.0650000000205696,0.1036708861087566,0.0246835443116087,0.1884177215786132,1.5879746840468274,1.435348101720047,1.5879746840468274,0.5891139242370613,1246984614.99,1344184614.99,19.73076922452532,4.794250730449827,49.48351646785714,207.830769165,3.2305300906476684,3.2305300906476684,5.167953152595156,30.971995737096773,53.340659325,224.030769165,0.0126705653061539,0.0048116070782862,0.3704663212435233,0.1612721326265929,2.23963133640553,1.4956521739130435,135.5,1.5949367088607596,0.0056937350426387,0.4493670886075949,0.0,0.0,0.0418405323108153,0.7619047619047619,0.0738177623990772,1.177914110429448,0.0,1.523946513547449,0.0244604398743216,0.0185969868173258,-1.2509414560920702,102600000.0,348900000.0,-191100000.0,352100000.0,143200000.0,69450000.0,80400000.0,50.069204152249135,65.6782334384858,80.06309148264984,1.7975120939875604,1.3703170028818443,1.124113475177305,0.0409326424870466,0.0789873417971478,1994-04-19,0.06,bmo,,2025-04-25,1994-03-31,0.0,5.57968253968254,348279.3650793651
1993-12-31,ECL,USD,31462,1993-12-31,1993-12-31 00:00:00,1993,Q4,267400000.0,100700000.0,166700000.0,0.6234106208,0,0.0,0.0,120700000.0,13300000.0,134000000.0,234700000.0,0.0,400000.0,13300000.0,46000000.0,0.172026926,32700000.0,0.1222887061,-2200000.0,30500000.0,0.1140613313,9700000.0,20800000.0,0.0777860883,0.0848,0.0848,245263158,245263158,,,1.090257510261692,0.0848068669163919,0.2014163089264307,0.1255793990877341,0.1961158797441562,1.526115879173341,1.3740343341742345,1.526115879173341,0.5871244632673286,1380831579.54,1476331579.54,16.596533407932693,5.163917649738219,27.9520562659919,44.83219414090909,3.6891038726689818,3.6891038726689818,5.521060506881077,32.09416477260869,29.885254646558703,47.93284349155845,0.0150633866636575,0.0223053994827236,0.383649479027518,0.1664734523533503,2.0760869565217392,1.5180845644421803,81.75,2.375,0.0042003674350583,0.2788461538461538,0.0,0.0,0.0432413633201947,0.3765182186234818,0.0695587135377711,1.3984962406015038,0.0,1.7064773338491883,0.0325932883204508,0.0252029565006664,-1.2061534329587325,101700000.0,337000000.0,-190300000.0,346100000.0,143300000.0,67200000.0,75150000.0,47.69259536275244,62.11519364448858,68.10327706057596,1.887085391672548,1.4489208633093524,1.321522309711286,0.0555703980764092,0.0758369098386966,1994-02-28,0.08,bmo,,2025-04-25,1993-12-31,0.0,5.68046875,334000.0
1993-09-30,ECL,USD,31462,1993-09-30,1993-09-30 00:00:00,1993,Q3,275500000.0,103300000.0,172200000.0,0.6250453721,0,0.0,0.0,119300000.0,16200000.0,135500000.0,238800000.0,0.0,0.0,16300000.0,53000000.0,0.1923774955,36700000.0,0.1332123412,-1700000.0,35000000.0,0.1270417423,11700000.0,23300000.0,0.0845735027,0.095,0.095,245263158,245263158,,,1.1232832613204793,0.0949999999592274,0.2124248926126931,0.1349570814871429,0.0860300428815321,1.4833047203934315,1.3948283255816187,1.4833047203934315,0.5883476392324688,1294989474.24,1418189474.24,13.894736848068671,4.700506258584392,24.8558440353167,39.123549070694864,3.5596192255085213,3.5596192255085213,5.147693191433757,26.75829196679245,27.22052733666027,42.84560345135952,0.0179924242347021,0.0255600533119588,0.3966465090709181,0.1716835217132659,2.3245283018867924,1.4812339331619535,0.0,2.236051502145923,0.0047104629970679,0.2618025751072961,0.0,0.0,0.0258179654967281,0.3646833013435701,0.0689655172413793,1.165644171779141,0.0,1.7806077160565723,0.0371302648719062,0.0284562774792379,-1.2634388406594683,93600000.0,342100000.0,-188600000.0,316000000.0,141050000.0,63800000.0,73600000.0,47.33575317604356,56.54404646660213,64.5595353339787,1.901311249137336,1.5916795069337442,1.3940620782726043,0.0640461792193513,0.0774678111255502,1993-10-22,0.09,bmo,,2025-04-25,1993-09-30,0.0,5.42,244737.5
1993-06-30,ECL,USD,31462,1993-06-30,1993-06-30 00:00:00,1993,Q2,257800000.0,97600000.0,160200000.0,0.6214119472,0,0.0,0.0,113900000.0,14600000.0,128500000.0,226100000.0,0.0,5000000.0,14600000.0,46300000.0,0.1795965865,31700000.0,0.1229635376,-3400000.0,28300000.0,0.1097750194,9100000.0,15200000.0,0.0589604344,0.06,0.06,253333333,253333333,,,1.0176315802863574,0.0600000000789473,0.1575000002072368,0.0975000001282894,0.2660526319290166,1.4242105281897508,1.3353947385992035,1.4242105281897508,0.9351315801778048,1357866664.88,1522366664.88,22.33333330394737,5.267132136850272,34.03174598696742,54.9743589020243,3.76348853902439,3.76348853902439,5.9052236806827,32.88048952224622,38.15455300451128,61.63427793036438,0.0111940298654752,0.0181902985313972,0.6427383592017738,0.2564130915524104,3.552915766738661,1.2447085035276644,6.34,2.078125,0.0044186959995297,0.3947368421052631,0.0,0.0,0.0248783724015922,0.3809523809523809,0.0589604344453064,1.0410958904109588,0.0,1.3866088906342735,0.0294814445249057,0.0172355142306383,-1.3292763175385214,65900000.0,338300000.0,-208400000.0,287600000.0,137200000.0,60650000.0,71300000.0,47.89759503491079,57.81762295081967,67.4077868852459,1.879008746355685,1.5566188197767146,1.33515731874145,0.0421286031042128,0.0600000000789473,1993-07-22,0.07,bmo,,2025-04-25,1993-06-30,0.1428571428571427,4.847619047619047,187428.57142857145
1993-03-31,ECL,USD,31462,1993-03-31,1993-03-31 00:00:00,1993,Q1,240800000.0,92100000.0,148700000.0,0.6175249169,0,0.0,0.0,112700000.0,15300000.0,128000000.0,220100000.0,0.0,0.0,15300000.0,36000000.0,0.1495016611,20700000.0,0.0859634551,-5200000.0,15500000.0,0.0643687708,2900000.0,17300000.0,0.0718438538,0.07,0.07,247142857,247142857,,,0.9743352606788064,0.0700000000404624,0.1157225434194928,0.0582658959874369,0.1804624278499783,1.3987861279761769,1.304913295551973,1.3987861279761769,0.9225433531344182,1188757142.1699998,1372157142.1699998,17.178571418641617,4.936699095390365,41.56493504090909,82.5525793173611,3.438695811888921,3.438695811888921,5.698327002367109,38.115476171388885,47.9775224534965,95.2886904284722,0.0145530145614267,0.01211349188928,0.659531385594446,0.2636142906694415,5.094444444444444,1.528021978021978,0.0,2.2698412698412698,0.0051314097586533,0.3526011560693641,0.0,0.0,0.0268239102786449,0.4965034965034965,0.058970099667774,0.9281045751633988,0.0,1.4842803484638405,0.0239599840156536,0.0205536414399429,-1.3633815036782553,96100000.0,322500000.0,-241100000.0,315200000.0,138500000.0,58600000.0,68600000.0,51.27906976744186,57.263843648208464,67.91530944625407,1.7551020408163265,1.5716723549488054,1.325179856115108,0.0500433902227364,0.0574566474320558,1993-04-21,0.05,bmo,,2025-04-25,1993-03-31,0.0,4.741774193548388,225638.70967741936
1992-12-31,ECL,USD,31462,1992-12-31,1992-12-31 00:00:00,1992,Q4,262900000.0,102500000.0,160400000.0,0.6101179156,0,0.0,0.0,114500000.0,14100000.0,128600000.0,231100000.0,0.0,5200000.0,14100000.0,45900000.0,0.1745910993,31800000.0,0.1209585394,-6200000.0,25600000.0,0.0973754279,7000000.0,18600000.0,0.0707493343,0.0737,0.0737,248149688,252500000,,,1.0594411869661509,0.0749547587583507,0.2067300604464189,0.150312500090671,0.147088639498914,1.3842451415856707,1.2758428291878408,1.3842451415856707,0.9385464147752626,1139007067.92,1330207067.92,15.309234783870968,4.332472681323697,22.20286682105263,30.53638251796247,3.315886660611353,3.315886660611353,5.059745408596425,28.98054614204793,25.92996233762183,35.66238787989276,0.0163300128013836,0.0327478213705165,0.662882096069869,0.2735463719365689,4.16557734204793,1.3509052183173589,6.115384615384615,2.7580645161290325,0.0048287672262155,0.2956989247311828,0.0,0.0,0.0323161941374339,0.2729044834307992,0.0532521871434005,0.9929078014184396,0.0,1.5279085753487975,0.0348067000602591,0.0230912476722532,-1.2641563345427216,65900000.0,316600000.0,-235200000.0,288100000.0,139550000.0,57450000.0,69600000.0,47.85850133130468,51.45365853658536,59.443902439024384,1.880543633762518,1.7491467576791808,1.5140324963072378,0.0541484716157205,0.0564175603557478,1992-12-31,,bmo,,2025-04-25,1992-12-31,,4.51671875,208975.0
1992-09-30,ECL,USD,31462,1992-09-30,1992-09-30 00:00:00,1992,Q3,260700000.0,101800000.0,158900000.0,0.60951285,0,0.0,0.0,108900000.0,14700000.0,123600000.0,225400000.0,0.0,2900000.0,14700000.0,50000000.0,0.191791331,35300000.0,0.1354046797,-5700000.0,29600000.0,0.113540468,9400000.0,20200000.0,0.0774836977,0.08,0.08,252500000,252500000,,,1.0324752475247525,0.08,0.175049504950495,0.1128712871287128,0.3382178217821782,1.4265346534653465,1.313267326732673,1.4265346534653465,1.3053465346534654,1121100000.0,1362400000.0,13.875000000000002,4.3003452243958575,25.36425339366516,39.33684210526316,3.112437534702943,3.112437534702943,5.2259301879555045,27.248,30.823529411764707,47.80350877192983,0.018018018018018,0.0254214610650254,0.9069961132704052,0.3497484209399422,4.826,1.2934921310080816,12.172413793103448,2.199004975124378,0.0049058959950049,0.2722772277227723,0.0,0.0,0.0306177068836313,0.3552036199095023,0.0602224779439969,1.0680272108843538,0.0,1.602423906535853,0.0311480021526569,0.0223081170623964,-1.3793069306930692,69000000.0,331600000.0,-269800000.0,291300000.0,134350000.0,55800000.0,71900000.0,48.089758342922906,49.77406679764244,63.21218074656189,1.871500358937545,1.808170515097691,1.4237762237762237,0.0560799555802332,0.0621782178217821,1993-02-23,0.07,bmo,,2025-04-25,1992-09-30,0.0,4.22984375,254437.5
1992-06-30,ECL,USD,31462,1992-06-30,1992-06-30 00:00:00,1992,Q2,247200000.0,97100000.0,150100000.0,0.6072006472,0,0.0,0.0,106500000.0,15400000.0,121900000.0,219000000.0,0.0,5800000.0,15400000.0,43600000.0,0.1763754045,28200000.0,0.1140776699,-7500000.0,20700000.0,0.0837378641,6400000.0,14300000.0,0.0578478964,0.06,0.06,238333333,238333333,,,1.0372027986534305,0.060000000083916,0.0935664336972957,0.0310489510923761,0.4183216789067436,1.3275524494091642,1.2016783233589907,1.3275524494091642,1.4634965055433518,972399998.64,1215699998.64,16.999999976223776,3.933656952427184,43.60538110493274,131.4054052216216,3.073324900884956,3.073324900884956,4.9178802533980575,27.88302749174312,54.51569500627802,164.2837836,0.0147058823735088,0.0076100370324451,1.084070796460177,0.3828125,5.580275229357798,1.3143100511073254,4.862068965517241,1.5486111111111112,0.0056561086051957,0.3846153846153846,0.0,0.0,0.0334821428571428,0.6681614349775785,0.0602750809061488,0.9675324675324676,0.0,1.3387291769469056,0.0264689666036546,0.0165127020785219,-1.4546853167198397,73800000.0,286400000.0,-271000000.0,294100000.0,126700000.0,54900000.0,72200000.0,47.1116504854369,51.25643666323378,67.01338825952625,1.910355486862442,1.755877034358047,1.3430152143845089,0.0451959544879898,0.0625174826049195,1992-06-30,,bmo,,2025-04-25,1992-06-30,,4.275873015873016,412736.50793650793
1992-03-31,ECL,USD,31462,1992-03-31,1992-03-31 00:00:00,1992,Q1,234000000.0,91500000.0,142500000.0,0.608974359,0,0.0,0.0,105100000.0,15200000.0,120300000.0,211800000.0,0.0,3400000.0,15200000.0,37400000.0,0.1598290598,22200000.0,0.0948717949,-6500000.0,15700000.0,0.0670940171,4500000.0,11200000.0,0.0478632479,0.045,0.045,248888889,248888889,,,0.9401785710088488,0.0449999999799107,-0.0188839285629982,-0.0695089285403978,0.187232142773557,1.2105803566024196,1.0840178566589207,1.2105803566024196,1.5810267850084705,1065244444.92,1408744444.92,23.777777788392857,4.552326687692308,-226.6477542382979,-61.57482340578035,3.535494340922668,3.535494340922668,6.020275405641026,37.66696376791444,-299.7328606212766,-81.43031473526013,0.010514018686895,-0.0162404038645789,1.2947228675738467,0.4356225572305974,9.184491978609625,1.1710402999062792,6.529411764705882,-0.4196428571428571,0.0051631341766002,0.4910714285714285,0.0,0.0,0.0351758793969849,-2.6808510638297878,0.0538461538461538,0.8289473684210527,0.0,1.1071190588698023,0.0208326002041031,0.0129629629629629,-1.6816741063921097,36500000.0,269800000.0,-344300000.0,256000000.0,127400000.0,57150000.0,71700000.0,47.69230769230769,53.60655737704919,70.91803278688525,1.8870967741935485,1.6788990825688073,1.269070735090153,0.0371722535678725,0.0506249999773995,1992-03-31,,bmo,,2025-04-25,1992-03-31,,3.866031746031746,644698.4126984127
1991-12-31,ECL,USD,31462,1991-12-31,1991-12-31 00:00:00,1991,Q4,245500000.0,99300000.0,146200000.0,0.5955193483,0,0.0,0.0,107600000.0,13200000.0,120800000.0,220100000.0,0.0,266800000.0,13200000.0,38600000.0,0.1572301426,25400000.0,0.1034623218,-5600000.0,19800000.0,0.0806517312,6000000.0,-250600000.0,-1.0207739308,-1.05,-1.05,237777778,237777778,,,1.0324766345490872,-1.053925232659883,0.2006074764480304,0.1379439251047253,0.326355139881911,1.2541121483606428,1.1136448587722945,1.2541121483606428,2.805560745041532,884533334.1600001,1207233334.16,-0.8824155368715084,3.6029871045213855,18.54367576855346,26.9674797,2.9662418985915497,2.9662418985915497,4.917447389653768,31.275474978238343,25.30887492997904,36.805894334146345,-0.28331323458599,0.0370817002969691,1.3423876592890678,0.4342119535741404,8.360103626943005,1.196969696969697,0.0952023988005997,-0.1903431763766959,0.0061049140732815,-0.0215482841181165,0.0,0.0,0.0362295259789565,0.3123689727463312,0.0606924643584521,1.128787878787879,0.0,,0.023117041398577,-0.2820483961733258,-1.734182241369923,46800000.0,264800000.0,-339300000.0,269000000.0,131450000.0,59950000.0,72050000.0,47.95112016293279,54.19939577039276,64.62235649546828,1.8769113149847096,1.660535117056856,1.3927068723702665,-0.8403755868544601,0.062663551343305,1991-12-31,,bmo,,2025-04-25,1991-12-31,,3.7728125,381912.5
1991-09-30,ECL,USD,31462,1991-09-30,1991-09-30 00:00:00,1991,Q3,244000000.0,95500000.0,148500000.0,0.6086065574,0,0.0,0.0,98300000.0,14300000.0,112600000.0,208100000.0,0.0,2800000.0,14300000.0,50200000.0,0.2057377049,35900000.0,0.1471311475,-6600000.0,29300000.0,0.1200819672,10100000.0,21400000.0,0.087704918,0.09,0.09,237777778,237777778,,,1.0261682233400298,0.0899999999158878,0.1980841119644073,0.1497196260282994,0.2691588782531225,2.2807009324479437,2.16126168022312,2.2807009324479437,1.675514017125688,989155556.48,1320755556.48,11.55555556635514,4.053916215081967,21.001179543099788,27.78526844044944,1.8240006573483312,1.8240006573483312,5.41293260852459,26.30987164302789,28.04151924585987,37.09987518202247,0.0216346153643961,0.0359902947183412,0.7294855246173705,0.343581726593712,6.605577689243028,1.3245319251080172,12.821428571428571,2.180555555555556,0.0044482386730534,0.205607476635514,0.0,0.0,0.0246656244571825,0.2441613588110403,0.0471311475409836,0.8041958041958042,0.0,2.149050809983516,0.0236336293708739,0.0190560997328584,-1.722721961006802,67600000.0,513900000.0,-333200000.0,280300000.0,126400000.0,55350000.0,67700000.0,48.72540983606557,56.63874345549739,68.60732984293195,1.847085541256624,1.589018302828619,1.3118131868131868,0.0394615526461368,0.0483644859361079,1991-09-30,,bmo,,2025-04-25,1991-09-30,,3.67296875,390062.5
1991-06-30,ECL,USD,31462,1991-06-30,1991-06-30 00:00:00,1991,Q2,221400000.0,88000000.0,133400000.0,0.6025293586,0,0.0,0.0,89200000.0,13900000.0,103100000.0,191100000.0,0.0,6800000.0,13900000.0,44200000.0,0.1996386631,30300000.0,0.1368563686,-6700000.0,23600000.0,0.1065943993,8500000.0,13100000.0,0.059168925,0.065,0.065,201538462,201538462,,,1.0985496158048482,0.064999999851145,0.1508396943110541,0.082366412025115,0.2629770986344036,2.0938931249758173,1.970839690143115,2.0938931249758173,1.4329770959550143,705384617.0,934384617.0,13.461538492366412,3.186019046973803,23.20344134868421,42.49304921686747,1.671527528436019,1.671527528436019,4.220346056910569,21.139923461538466,30.736336085526315,56.28822993975904,0.0185714285288985,0.0235332605786043,0.6682464454976303,0.3183203521842194,5.180995475113122,1.170849420849421,4.455882352941177,2.026666666666667,0.0087895310594787,0.4732824427480916,0.0,0.0,0.0279941302630093,0.4539473684210526,0.062330623306233,0.9928057553956836,0.0,1.7499481958801493,0.0255090321141837,0.0152130995238648,-1.4343415997686833,35400000.0,397200000.0,-221300000.0,242100000.0,121950000.0,50250000.0,62800000.0,49.0650406504065,51.75,64.02272727272728,1.8342999171499583,1.7391304347826086,1.4057507987220448,0.031042654028436,0.068473282285939,1991-06-30,,bmo,,2025-04-25,1991-06-30,,3.34234375,327625.0
1991-03-31,ECL,USD,31462,1991-03-31,1991-03-31 00:00:00,1991,Q1,207200000.0,84700000.0,122500000.0,0.5912162162,0,0.0,0.0,90100000.0,13600000.0,103700000.0,188400000.0,0.0,44100000.0,13600000.0,32400000.0,0.1563706564,18800000.0,0.0907335907,-6900000.0,11900000.0,0.0574324324,4300000.0,-29600000.0,-0.1428571429,-0.16,-0.16,185294118,185294118,,,1.1182222200922751,-0.1597460314417536,-0.0156507936209826,-0.0793333331822222,0.2077777773820106,2.251015868728224,2.116634916603235,2.251015868728224,1.7242857110013603,622588236.48,859488236.48,-5.258346591891892,3.004769481081081,-214.6855987862069,-42.35294125714286,1.4926594017741548,1.4926594017741548,4.148109249420849,26.52741470617284,-296.3752539586207,-58.46858751564626,-0.0475434617386171,-0.0236111110661375,0.6602733157516183,0.3192673313239045,7.311728395061729,1.2367434386716658,0.4263038548752834,0.58,0.0096371881902602,-0.2027027027027027,0.0,0.0,0.0288662184094597,-4.068965517241379,0.0569498069498069,0.8676470588235294,0.0,,0.0160711051921772,-0.0353348454100513,-1.527841266931096,44200000.0,392200000.0,-214600000.0,249300000.0,129050000.0,56700000.0,69500000.0,53.51351351351352,53.0224321133412,66.94214876033058,1.681818181818182,1.6973947895791583,1.3444444444444446,-0.0709661951570366,0.0636825395612396,1991-03-31,,bmo,,2025-04-25,1991-03-31,,3.072131147540984,574819.6721311476
1990-12-31,ECL,USD,31462,1990-12-31,1990-12-31 00:00:00,1990,Q4,359600000.0,147300000.0,212300000.0,0.590378198,0,0.0,0.0,151500000.0,23200000.0,174700000.0,322000000.0,0.0,6300000.0,23200000.0,60800000.0,0.1690767519,37600000.0,0.1045606229,-6300000.0,31300000.0,0.0870411568,14100000.0,15300000.0,0.0425472747,0.092,0.092,186956522,186956522,,,1.923441857781244,0.0818372091881341,0.347674418119524,0.2364186043212763,0.1492325579313034,2.4208837175522557,0.7381395338537587,2.4208837175522557,1.319023253973456,497304348.52,709704348.52,8.125888047712419,1.3829375654060068,7.650836131076924,11.251229604524887,1.098772312240389,1.098772312240389,1.973593850166852,11.67276889013158,10.918528438769233,16.05665946877828,0.0307658681158398,0.0888791745568708,0.5309323906319046,0.2595032397408207,3.4934210526315788,1.0639931740614337,5.968253968253968,3.779069767441861,0.0116628781092726,0.3790849673202614,0.0,0.0,0.3397408207343412,0.32,0.0578420467185761,0.896551724137931,0.0,2.1113178970261948,0.0284130649486673,0.0250245338567222,-1.63848255585328,15000000.0,138000000.0,-224000000.0,583900000.0,168300000.0,69800000.0,82600000.0,33.76251390433816,38.79837067209776,46.43584521384928,2.665678280207562,2.3196850393700785,1.938157894736842,0.0338046840477242,0.1112558137982477,1990-12-31,,bmo,,2025-04-25,1990-12-31,,2.53359375,335062.5
1990-09-30,ECL,USD,31462,1990-09-30,1990-09-30 00:00:00,1990,Q3,388500000.0,166400000.0,222100000.0,0.5716859717,0,0.0,0.0,155300000.0,19900000.0,175200000.0,341600000.0,0.0,7100000.0,19900000.0,66800000.0,0.1719433719,46900000.0,0.1207207207,-7100000.0,39800000.0,0.1024453024,16400000.0,21500000.0,0.0553410553,0.12,0.11,186956522,195454545,,,2.0780232529143863,0.1149999998395348,0.2048604648304272,0.1305116277248675,0.2273255810781503,2.3481395316072478,0.5926511619637426,2.3481395316072478,1.6319302302810277,435608696.26,691108696.26,5.065217398372093,1.1212579054311451,11.373595202610968,17.852815420491805,0.9922749345330296,0.9922749345330296,1.7789155630888032,10.345938566766469,18.044613479373368,28.32412689590164,0.0493562231070965,0.0560135741308444,0.6788154897494305,0.2949618925071761,3.8248502994011977,1.1080829978321465,6.605633802816901,1.6367521367521367,0.0133147020474958,0.2697674418604651,0.0,0.0,0.324854003761259,0.3629242819843342,0.0357786357786357,0.6984924623115578,0.0,2.464916028905625,0.0357180982633374,0.0315203049406245,-1.7807616254221932,34900000.0,110800000.0,-213500000.0,641400000.0,193150000.0,78550000.0,90350000.0,46.72586872586872,41.15985576923077,48.24519230769231,1.926127912741696,2.1865965834428382,1.8654708520179373,0.0489749430523918,0.0743488371055597,1990-09-30,,bmo,,2025-04-25,1990-09-30,,2.9393650793650794,358907.9365079365
1990-06-30,ECL,USD,31462,1990-06-30,1990-06-30 00:00:00,1990,Q2,373000000.0,163400000.0,209600000.0,0.5619302949,0,0.0,0.0,154900000.0,20500000.0,175400000.0,338800000.0,0.0,8100000.0,20400000.0,54700000.0,0.1466487936,34200000.0,0.091689008,-8000000.0,26200000.0,0.0702412869,10800000.0,13500000.0,0.0361930295,0.075,0.075,180000000,180000000,,,2.0722222222222224,0.075,0.2733333333333333,0.1844444444444444,0.1955555555555555,2.317222222222222,0.4722222222222222,2.317222222222222,1.721111111111111,590400000.0,856900000.0,10.933333333333334,1.5828418230563002,12.0,17.783132530120483,1.4154878925917047,1.4154878925917047,2.297319034852547,15.6654478976234,17.416666666666668,25.81024096385542,0.0228658536585365,0.0562330623306233,0.7233277391512827,0.3013684946558785,4.872029250457039,1.0666261028293276,4.222222222222222,3.1948051948051948,0.0099932249322493,0.437037037037037,0.0,0.0,0.3317350913994606,0.3252032520325203,0.0428954423592493,0.7843137254901961,0.0,1.9774510107711896,0.0264295162718063,0.0201793721973094,-2.025555555555556,21900000.0,85000000.0,-233400000.0,630300000.0,176300000.0,77350000.0,93850000.0,44.54155495978552,44.61444308445533,50.39779681762546,2.020585048754062,2.017283950617284,1.785792349726776,0.0323663390074322,0.0888888888888888,1990-06-30,,bmo,,2025-04-25,1990-06-30,,3.050952380952381,567987.3015873015
1990-03-31,ECL,USD,31462,1990-03-31,1990-03-31 00:00:00,1990,Q1,268900000.0,109400000.0,159500000.0,0.5931573075,0,0.0,0.0,137500000.0,19400000.0,156900000.0,266300000.0,0.0,6500000.0,19400000.0,22000000.0,0.081814801,2600000.0,0.0096690219,-6500000.0,-3900000.0,-0.0145035329,-1600000.0,-2300000.0,-0.0085533656,-0.0137,-0.0137,168000000,168000000,,,1.6005952380952382,-0.0136904761904761,-0.0375,-0.1178571428571428,0.1726190476190476,2.4208333333333334,0.4434523809523809,2.4208333333333334,1.9148809523809525,500640000.0,786840000.0,-54.417391304347824,1.8618073633320933,-79.46666666666667,-25.284848484848485,1.2309810671256454,1.2309810671256454,2.926143547787281,35.765454545454546,-124.8952380952381,-39.73939393939394,-0.0045941195270054,-0.0395493767976989,0.7750184411113843,0.3212720415859749,13.00909090909091,1.093555773634282,0.4,2.739130434782609,0.0137823585810162,-3.0,0.0,0.0,0.338599531138518,-2.142857142857143,0.0502045370026031,0.6958762886597938,0.0,,0.0020009569794249,-0.0035444598551394,-2.2101190476190475,28600000.0,74500000.0,-240100000.0,634800000.0,167550000.0,76200000.0,95800000.0,56.22908144291558,60.63071297989031,79.14076782449726,1.6005952380952382,1.4843962008141112,1.137214137214137,-0.0056552741578559,0.0803571428571428,1990-03-31,,bmo,,2025-04-25,1990-03-31,,3.225079365079365,648444.4444444445
1989-12-31,ECL,USD,31462,1989-12-31,1989-12-31 00:00:00,1989,Q4,340700000.0,143200000.0,197500000.0,0.5796888758,0,0.0,0.0,147200000.0,20900000.0,168100000.0,311300000.0,0.0,54800000.0,20900000.0,50300000.0,0.1476372175,29400000.0,0.0862929263,-54800000.0,-25400000.0,-0.0745523921,-6000000.0,-19400000.0,-0.0569415908,-0.0896,-0.0896,216470588,216470588,,,1.573885871275963,-0.0896195653148038,0.3035054351125059,0.2254347828537334,0.5649728267010574,2.3818478286759217,0.828288044378574,2.3818478286759217,1.4958152190171905,770635293.28,917335293.28,-9.9308671814433,2.2619175030231875,11.729608725722985,15.791706829508197,1.4946378845616757,1.4946378845616757,2.6925015945993542,18.23728217256461,13.96248543805175,18.7978543704918,-0.0251740352007876,0.0633243772061049,0.521722265321955,0.2579346054271742,2.9165009940357853,1.555771472988729,0.5364963503649635,-3.38659793814433,0.0058393380620383,-0.2319587628865979,0.0,0.0,0.3224662000191773,0.2572298325722983,0.0496037569709421,0.8086124401913876,0.0,,0.0270674037008633,-0.0274554203226719,-1.071623642469156,143000000.0,179300000.0,-127000000.0,753400000.0,180150000.0,73600000.0,92650000.0,44.14147343704138,49.4622905027933,59.95810055865922,2.0388988629563136,1.819567979669632,1.50104821802935,-0.0376260667183863,0.0780706522587724,1989-12-31,,bmo,,2025-04-25,1989-12-31,,,
1989-09-30,ECL,USD,31462,1989-09-30,1989-09-30 00:00:00,1989,Q3,369800000.0,166500000.0,203300000.0,0.5497566252,0,0.0,0.0,145300000.0,17500000.0,162800000.0,329300000.0,0.0,8600000.0,17600000.0,58100000.0,0.1571119524,40500000.0,0.1095186587,-8600000.0,31900000.0,0.0862628448,13500000.0,18400000.0,0.0497566252,0.085,0.085,216470588,216470588,,,1.7083152192481688,0.0850000000923913,0.2272826089426985,0.1713858697515063,0.0942391305372164,2.030298915250325,0.4351630439512642,2.030298915250325,1.487961958139089,829082352.04,1122182352.04,11.264705870108696,2.241974991995673,16.85126731788618,22.347233208625337,1.8864217338794085,1.8864217338794085,3.0345655815035157,19.314670430981067,22.80858439105691,30.247502750404312,0.0221932115123737,0.044748268864623,0.7133105802047781,0.3182095006090134,5.044750430292599,1.2642012962256957,4.709302325581396,2.6739130434782608,0.0055483028780934,0.25,0.0,0.0,0.3504872107186358,0.2459349593495935,0.0327203893996755,0.6875,0.0,1.970519393367353,0.0300611267113603,0.0287544928895139,-1.5496331538582968,69300000.0,94200000.0,-214100000.0,687600000.0,189750000.0,71050000.0,87400000.0,47.02001081665765,37.02702702702703,48.5945945945946,1.91407867494824,2.43065693430657,1.8520578420467184,0.0418657565415244,0.0558967391911921,1989-09-30,,bmo,,2025-04-25,1989-09-30,,,
1989-06-30,ECL,USD,31462,1989-06-30,1989-06-30 00:00:00,1989,Q2,359800000.0,166600000.0,193200000.0,0.5369649805,0,0.0,0.0,146500000.0,18200000.0,164700000.0,331300000.0,0.0,7900000.0,18200000.0,46700000.0,0.1297943302,28500000.0,0.0792106726,-7900000.0,20600000.0,0.05725403,8700000.0,11900000.0,0.03307393,0.055,0.055,216363636,216363636,,,1.6629411792654474,0.0550000000924369,0.1520588237849728,0.0660924370858696,0.1030672270639785,1.9596638688397712,0.34294117704696,1.9596638688397712,1.6259663892873384,690199998.84,1011799998.84,14.499999975630251,1.9182879345191777,20.97872336899696,48.26573418461539,1.627830185943396,1.627830185943396,2.812117840022234,21.66595286595289,30.753799356838908,70.75524467412588,0.0172413793393219,0.0207186323153196,0.8110849056603774,0.3453851561715376,6.886509635974304,1.2131438721136767,3.607594936708861,2.788135593220339,0.0063749637893291,0.3697478991596639,0.0,0.0,0.3513106357336547,0.5653495440729484,0.0516953863257365,1.021978021978022,0.0,1.5572681341904446,0.0207663877812937,0.0184239046291995,-1.6972584062138796,60000000.0,74200000.0,-230200000.0,682400000.0,173950000.0,67650000.0,88900000.0,46.60088938299055,39.75990396158464,45.86434573829532,1.9312936124530329,2.2635869565217392,1.962308598351001,0.028066037735849,0.0859663866991031,1989-06-30,,bmo,,2025-04-25,1989-06-30,,,
1989-03-31,ECL,USD,31462,1989-03-31,1989-03-31 00:00:00,1989,Q1,235400000.0,98500000.0,136900000.0,0.5815632965,0,0.0,0.0,124000000.0,18600000.0,142600000.0,241100000.0,0.0,7600000.0,18600000.0,12900000.0,0.0548003398,-5700000.0,-0.0242141037,-7600000.0,-13300000.0,-0.0564995752,-5600000.0,-7700000.0,-0.0327102804,-0.035,-0.035,220000000,220000000,,,1.07,-0.035,-0.1509090909090909,-0.2163636363636363,0.0386363636363636,1.9054545454545453,0.2909090909090909,1.9054545454545453,1.5854545454545454,734800000.0,1067500000.0,-23.857142857142858,3.121495327102804,-22.132530120481928,-15.436974789915968,1.7528625954198471,1.7528625954198471,4.534834324553951,82.75193798449612,-32.153614457831324,-22.426470588235293,-0.0104790419161676,-0.0647795318454001,0.8139312977099237,0.3522609952508775,25.79069767441861,1.2278778386844167,-0.75,4.311688311688312,0.0061241154055525,-0.5844155844155844,0.0,0.0,0.3667148461697295,-0.4337349397590361,0.0611724723874256,0.7741935483870968,0.0,,-0.0041963377416073,-0.0125529833713726,-1.696590909090909,58200000.0,64000000.0,-235800000.0,682100000.0,161600000.0,30850000.0,91950000.0,61.78419711129992,56.37563451776649,84.88324873096447,1.4566831683168318,1.5964343598055106,1.060279870828848,-0.018368320610687,0.0654545454545454,1989-03-31,,bmo,,2025-04-25,1989-03-31,,,
1988-12-31,ECL,USD,31462,1988-12-31,1988-12-31 00:00:00,1988,Q4,311900000.0,0.0,311900000.0,1.0,0,0.0,0.0,0.0,-1103000000.0,-1103000000.0,-1103000000.0,0.0,0.0,0.0,-791100000.0,-2.5363898685,-791100000.0,-2.5363898685,791100000.0,0.0,0.0,0.0,0.0,0.0,0.065,0.06,215800000,215800000,,,1.4453197405004634,0.0,,,0.08758109360519,2.0078776645041705,0.3480074142724745,2.0078776645041705,1.3739573679332715,714298000.0,991898000.0,0.0,2.290150689323501,0.0,0.0,1.6485068082160166,1.6485068082160166,3.1801795447258736,-1.253821261534572,0.0,0.0,0.0,,0.6842834064158781,0.3143220608502067,-0.3509038048287195,1.2517482517482517,0.0,0.0,0.0058534743202416,0.0,0.0,0.0,0.3797307325347185,0.0,,0.0,,0.0,,0.0,-1.5032437442075997,57600000.0,75100000.0,-223600000.0,684500000.0,,,,46.630330234049374,0.0,0.0,1.9300742574257423,0.0,0.0,0.0,,1988-12-31,,bmo,,2025-04-25,1988-12-31,,,
1988-09-30,ECL,USD,31462,1988-09-30,1988-09-30 00:00:00,1988,Q3,337700000.0,0.0,337700000.0,1.0,0,0.0,0.0,0.0,0.0,0.0,0.0,0.0,0.0,0.0,337700000.0,1.0,337700000.0,1.0,-337700000.0,0.0,0.0,0.0,0.0,0.0,0.09,0.09,215800000,215800000,,,1.5648748841519926,0.0,,,,,,,,671138000.0,,0.0,1.987379330766953,0.0,0.0,0.0,0.0,,,0.0,0.0,0.0,,0.0,0.0,,0.0,0.0,0.0,0.0062299035369774,0.0,0.0,0.0,0.0,0.0,,0.0,,,0.0,0.0,,,,,,,,,,0.0,0.0,0.0,0.0,0.0,0.0,,1988-09-30,,bmo,,2025-04-25,1988-09-30,,,
1988-06-30,ECL,USD,31462,1988-06-30,1988-06-30 00:00:00,1988,Q2,335000000.0,0.0,335000000.0,1.0,0,0.0,0.0,0.0,0.0,0.0,0.0,0.0,0.0,0.0,335000000.0,1.0,335000000.0,1.0,-335000000.0,0.0,0.0,0.0,0.0,0.0,0.075,0.075,214584000,214584000,,,1.5611601983372478,0.0,,,,,,,,602981040.0,,0.0,1.7999434029850747,0.0,0.0,0.0,0.0,,,0.0,0.0,0.0,,0.0,0.0,,0.0,0.0,0.0,0.0068950177935943,0.0,0.0,0.0,0.0,0.0,,0.0,,,0.0,0.0,,,,,,,,,,0.0,0.0,0.0,0.0,0.0,0.0,,1988-06-30,,bmo,,2025-04-25,1988-06-30,,,
1988-03-31,ECL,USD,31462,1988-03-31,1988-03-31 00:00:00,1988,Q1,227300000.0,0.0,227300000.0,1.0,0,0.0,0.0,0.0,0.0,0.0,0.0,0.0,0.0,0.0,227300000.0,1.0,227300000.0,1.0,-227300000.0,0.0,0.0,0.0,0.0,0.0,-0.025,-0.025,214232000,214232000,,,1.060999290488816,0.0,,,,,,,,683400080.0,,0.0,3.006599560052793,0.0,0.0,0.0,0.0,,,0.0,0.0,0.0,,0.0,0.0,,0.0,0.0,0.0,0.0060736677115987,0.0,0.0,0.0,0.0,0.0,,0.0,,,0.0,0.0,,,,,,,,,,0.0,0.0,0.0,0.0,0.0,0.0,,1988-03-31,,bmo,,2025-04-25,1988-03-31,,,
1987-12-31,ECL,USD,31462,1987-12-31,1987-12-31 00:00:00,1987,Q4,279600000.0,0.0,279600000.0,1.0,0,0.0,0.0,0.0,-877200000.0,-877200000.0,-877200000.0,0.0,0.0,0.0,-597600000.0,-2.1373390558,-597600000.0,-2.1373390558,597600000.0,0.0,0.0,0.0,0.0,0.0,0.045,0.04,213920000,213976000,,,1.307030665669409,0.0,,,0.2290575916230366,1.8427449513836949,0.0991024682124158,1.8427449513836949,1.4776551982049364,628924800.0,896024800.0,0.0,2.24937339055794,0.0,0.0,1.5954459665144596,1.5954459665144596,3.2046666666666668,-1.499372155287818,0.0,0.0,0.0,,0.8018772196854389,0.329648555636667,-0.446954484605087,1.0463253221873912,0.0,0.0,0.0065901360544217,0.0,0.0,0.0,0.3889873813744916,0.0,,0.0,,0.0,,0.0,-1.6957273747195214,13300000.0,21200000.0,-264300000.0,643500000.0,,,,46.351931330472105,0.0,0.0,1.9416666666666669,0.0,0.0,0.0,,1987-12-31,,bmo,,2025-04-25,1987-12-31,,,
1987-09-30,ECL,USD,31462,1987-09-30,1987-09-30 00:00:00,1987,Q3,294500000.0,0.0,294500000.0,1.0,0,0.0,0.0,0.0,0.0,0.0,0.0,0.0,0.0,0.0,294500000.0,1.0,294500000.0,1.0,-294500000.0,0.0,0.0,0.0,0.0,0.0,0.47,0.47,213976000,213976000,,,1.3763225782330728,0.0,,,,,,,,838785920.0,,0.0,2.848169507640068,0.0,0.0,0.0,0.0,,,0.0,0.0,0.0,,0.0,0.0,,0.0,0.0,0.0,0.0049426020408163,0.0,0.0,0.0,0.0,0.0,,0.0,,,0.0,0.0,,,,,,,,,,0.0,0.0,0.0,0.0,0.0,0.0,,1987-09-30,,bmo,,2025-04-25,1987-09-30,,,
1987-06-30,ECL,USD,31462,1987-06-30,1987-06-30 00:00:00,1987,Q2,125200000.0,0.0,125200000.0,1.0,0,0.0,0.0,0.0,-661600000.0,-661600000.0,-661600000.0,0.0,0.0,0.0,-536400000.0,-4.2843450479,-536400000.0,-4.2843450479,536400000.0,0.0,0.0,0.0,0.0,0.0,0.1,0.095,214856000,217040000,,,0.5827158655099229,0.0,,,0.1759317868712067,1.3511375060505642,0.435175187102059,1.3511375060505642,2.422552779536061,764887360.0,1247587360.0,0.0,6.1093239616613415,0.0,0.0,2.634816947984844,2.634816947984844,9.964755271565496,-2.3258526472781504,0.0,0.0,0.0,,1.7929727867723044,0.5298249185667753,-0.8998881431767338,1.2867853795688846,0.0,0.0,0.0050912921348314,0.0,0.0,0.0,0.2003257328990228,0.0,,0.0,,0.0,,0.0,-2.3527385783966936,61200000.0,93500000.0,-417500000.0,504700000.0,,,,107.39616613418532,0.0,0.0,0.8380187416331994,0.0,0.0,0.0,,1987-06-30,,bmo,,2025-04-25,1987-06-30,,,
1987-03-31,ECL,USD,31462,1987-03-31,1987-03-31 00:00:00,1987,Q1,215900000.0,0.0,215900000.0,1.0,0,0.0,0.0,0.0,0.0,0.0,0.0,0.0,0.0,0.0,215900000.0,1.0,215900000.0,1.0,-215900000.0,0.0,0.0,0.0,0.0,0.0,0.05,0.05,217040000,217040000,,,0.9947475119793586,0.0,,,,,,,,748788000.0,,0.0,3.468216767021769,0.0,0.0,0.0,0.0,,,0.0,0.0,0.0,,0.0,0.0,,0.0,0.0,0.0,0.0052536231884057,0.0,0.0,0.0,0.0,0.0,,0.0,,,0.0,0.0,,,,,,,,,,0.0,0.0,0.0,0.0,0.0,0.0,,1987-03-31,,bmo,,2025-04-25,1987-03-31,,,
1986-12-31,ECL,USD,31462,1986-12-31,1986-12-31 00:00:00,1986,Q4,222700000.0,0.0,222700000.0,1.0,0,0.0,0.0,0.0,0.0,0.0,0.0,0.0,0.0,0.0,222700000.0,1.0,222700000.0,1.0,-222700000.0,0.0,0.0,0.0,0.0,0.0,0.05,0.05,217040000,217040000,,,1.026078142277921,0.0,,,,,,,,625075200.0,,0.0,2.8068037718904355,0.0,0.0,0.0,0.0,,,0.0,0.0,0.0,,0.0,0.0,,0.0,0.0,0.0,0.0062934027777777,0.0,0.0,0.0,0.0,0.0,,0.0,,,0.0,0.0,,,,,,,,,,0.0,0.0,0.0,0.0,0.0,0.0,,1986-12-31,,bmo,,2025-04-25,1986-12-31,,,
1986-09-30,ECL,USD,31462,1986-09-30,1986-09-30 00:00:00,1986,Q3,199000000.0,0.0,199000000.0,1.0,0,0.0,0.0,0.0,0.0,0.0,0.0,0.0,0.0,0.0,199000000.0,1.0,199000000.0,1.0,-199000000.0,0.0,0.0,0.0,0.0,0.0,0.045,0.045,217824000,217824000,,,0.9135816071690906,0.0,,,,,,,,616441920.0,,0.0,3.097698090452261,0.0,0.0,0.0,0.0,,,0.0,0.0,0.0,,0.0,0.0,,0.0,0.0,0.0,0.0514487632508833,0.0,0.0,0.0,0.0,0.0,,0.0,,,0.0,0.0,,,,,,,,,,0.0,0.0,0.0,0.0,0.0,0.0,,1986-09-30,,bmo,,2025-04-25,1986-09-30,,,
1986-06-30,ECL,USD,31462,1986-06-30,1986-06-30 00:00:00,1986,Q2,221700000.0,0.0,221700000.0,1.0,0,0.0,0.0,0.0,-737900000.0,-737900000.0,-737900000.0,0.0,0.0,0.0,-516200000.0,-2.3283716734,-516200000.0,-2.3283716734,516200000.0,0.0,0.0,0.0,0.0,0.0,0.06,0.06,215872000,215872000,,,1.0269974799881412,0.0,,,0.3715164541950785,1.211829232137563,1.211829232137563,1.211829232137563,0.3613252297657871,787932800.0,785732800.0,0.0,3.554049616599008,0.0,0.0,3.011975535168196,3.011975535168196,3.544126296797474,-1.5221480046493607,0.0,0.0,0.0,,0.2981651376146789,0.1641759629551673,0.0042619139868268,2.214618973561431,0.0,0.0,0.0797808219178082,0.0,0.0,0.0,0.0,0.0,,0.0,,0.0,,0.0,-0.0002316187370293,156200000.0,261600000.0,71300000.0,300500000.0,,,,54.31664411366712,0.0,0.0,1.65695067264574,0.0,0.0,0.0,,1986-06-30,,bmo,,2025-04-25,1986-06-30,,,
1986-03-31,ECL,USD,31462,1986-03-31,1986-03-31 00:00:00,1986,Q1,201500000.0,0.0,201500000.0,1.0,0,0.0,0.0,0.0,0.0,0.0,0.0,0.0,0.0,0.0,201500000.0,1.0,201500000.0,1.0,-201500000.0,0.0,0.0,0.0,0.0,0.0,0.055,0.05,215872000,215872000,,,0.9334235102282834,0.0,,,,,,,,658409600.0,,0.0,3.267541439205955,0.0,0.0,0.0,0.0,,,0.0,0.0,0.0,,0.0,0.0,,0.0,0.0,0.0,0.0855081967213114,0.0,0.0,0.0,0.0,0.0,,0.0,,,0.0,0.0,,,,,,,,,,0.0,0.0,0.0,0.0,0.0,0.0,,1986-03-31,,bmo,,2025-04-25,1986-03-31,,,
1985-12-31,ECL,USD,31462,1985-12-31,1985-12-31 00:00:00,1985,Q4,202700000.0,0.0,202700000.0,1.0,0,0.0,0.0,0.0,0.0,0.0,0.0,0.0,0.0,0.0,202700000.0,1.0,202700000.0,1.0,-202700000.0,0.0,0.0,0.0,0.0,0.0,0.05,0.045,211680000,211680000,,,0.9575774754346182,0.0,,,,,,,,546134400.0,,0.0,2.6942989639861863,0.0,0.0,0.0,0.0,,,0.0,0.0,0.0,,0.0,0.0,,0.0,0.0,0.0,0.1010852713178294,0.0,0.0,0.0,0.0,0.0,,0.0,,,0.0,0.0,,,,,,,,,,0.0,0.0,0.0,0.0,0.0,0.0,,1985-12-31,,bmo,,2025-04-25,1985-12-31,,,
1985-09-30,ECL,USD,31462,1985-09-30,1985-09-30 00:00:00,1985,Q3,187100000.0,0.0,187100000.0,1.0,0,0.0,0.0,0.0,0.0,0.0,0.0,0.0,0.0,0.0,187100000.0,1.0,187100000.0,1.0,-187100000.0,0.0,0.0,0.0,0.0,0.0,0.045,0.04,218560000,218560000,,,0.8560578330893118,0.0,,,,,,,,454604800.0,,0.0,2.4297423837520045,0.0,0.0,0.0,0.0,,,0.0,0.0,0.0,,0.0,0.0,,0.0,0.0,0.0,,0.0,0.0,0.0,0.0,0.0,,0.0,,,0.0,0.0,,,,,,,,,,0.0,0.0,0.0,0.0,0.0,0.0,,1985-09-30,,bmo,,2025-04-25,1985-09-30,,,
