date,symbol,reportedCurrency,cik,fillingDate,acceptedDate,calendarYear,period,revenue,costOfRevenue,grossProfit,grossProfitRatio,researchAndDevelopmentExpenses,generalAndAdministrativeExpenses,sellingAndMarketingExpenses,sellingGeneralAndAdministrativeExpenses,otherExpenses,operatingExpenses,costAndExpenses,interestIncome,interestExpense,depreciationAndAmortization,ebitda,ebitdaratio,operatingIncome,operatingIncomeRatio,totalOtherIncomeExpensesNet,incomeBeforeTax,incomeBeforeTaxRatio,incomeTaxExpense,netIncome,netIncomeRatio,eps,epsdiluted,weightedAverageShsOut,weightedAverageShsOutDil,link,finalLink,revenuePerShare,netIncomePerShare,operatingCashFlowPerShare,freeCashFlowPerShare,cashPerShare,bookValuePerShare,tangibleBookValuePerShare,shareholdersEquityPerShare,interestDebtPerShare,marketCap,enterpriseValue,peRatio,priceToSalesRatio,pocfratio,pfcfRatio,pbRatio,ptbRatio,evToSales,enterpriseValueOverEBITDA,evToOperatingCashFlow,evToFreeCashFlow,earningsYield,freeCashFlowYield,debtToEquity,debtToAssets,netDebtToEBITDA,currentRatio,interestCoverage,incomeQuality,dividendYield,payoutRatio,salesGeneralAndAdministrativeToRevenue,researchAndDdevelopementToRevenue,intangiblesToTotalAssets,capexToOperatingCashFlow,capexToRevenue,capexToDepreciation,stockBasedCompensationToRevenue,grahamNumber,roic,returnOnTangibleAssets,grahamNetNet,workingCapital,tangibleAssetValue,netCurrentAssetValue,investedCapital,averageReceivables,averagePayables,averageInventory,daysSalesOutstanding,daysPayablesOutstanding,daysOfInventoryOnHand,receivablesTurnover,payablesTurnover,inventoryTurnover,roe,capexPerShare,report_date,epsEstimated,time,revenueEstimated,updatedFromDate,fiscalDateEnding,surprise(%),QuarterAvgPrice,QuarterAvgVolume
2025-03-31,EG,USD,1095073,2025-05-02,2025-05-02 16:25:29,2025,Q1,4263000000.0,0.0,4263000000.0,1.0,0,0.0,0.0,0.0,0.0,0.0,0.0,0.0,38000000.0,0.0,0.0,0.0,0.0,0.0,0.0,248000000.0,0.0581749941,39000000.0,210000000.0,0.0492610837,4.9,4.9,42700000,42700000,https://www.sec.gov/Archives/edgar/data/1095073/000109507325000042/0001095073-25-000042-index.htm,https://www.sec.gov/Archives/edgar/data/1095073/000109507325000042/eg-20250331.htm,99.8360655737705,4.918032786885246,21.73302107728337,21.73302107728337,105.76112412177986,331.1241217798595,331.1241217798595,331.1475409836066,0.8899297423887588,15514191000.0,13947191000.0,18.469275,3.639266009852217,16.717878232758622,16.717878232758622,1.0971846534653464,1.0971846534653464,3.27168449448745,0.0,15.029300646551723,15.029300646551723,0.0135359942390808,0.0598162031136525,0.0,0.0,0.0,9.00088809946714,0.0,4.419047619047619,0.0054788548110565,0.4047619047619047,0.0,0.0,0.0,0.0,0.0,0.0,0.0014074595355383,191.42459464946128,0.0,0.0036124681758755,-825.8255269320844,9009000000.0,14139000000.0,-33858000000.0,9009000000.0,5498500000.0,350500000.0,0.0,118.62772695285013,0.0,0.0,0.7586759209823812,0.0,0.0,0.0148514851485148,0.0,2025-04-30,7.46,amc,3907000000.0,2025-05-11,2025-03-31,-0.1353887399463806,353.40483333333333,434509.4
2024-12-31,EG,USD,1095073,2025-02-27,2025-02-27 16:53:29,2024,Q4,4614000000.0,23000000.0,4591000000.0,0.9950151712,0,0.0,0.0,0.0,5359000000.0,5359000000.0,5359000000.0,0.0,37000000.0,0.0,0.0,0.0,-745000000.0,-0.1614651062,-3000000.0,-748000000.0,-0.1621153013,-155000000.0,-593000000.0,-0.1285218899,-13.96,-13.96,42478510,42478510,https://www.sec.gov/Archives/edgar/data/1095073/000109507325000015/0001095073-25-000015-index.htm,https://www.sec.gov/Archives/edgar/data/1095073/000109507325000015/eg-20241231.htm,108.6196290783269,-13.960000009416524,18.362225982031852,18.362225982031852,147.27446890204013,326.6592919572744,326.6592919572744,326.6592919572744,85.3137268703634,15396760734.599998,17434760734.6,-6.491045840893761,3.336965915604681,19.73943683923077,19.73943683923077,1.1095964784231769,1.1095964784231769,3.7786650920242737,0.0,22.35225735205128,22.35225735205128,-0.0385145947398789,0.0506600065718475,0.2585038916114154,0.0636658916242168,0.0,14.41635687732342,-20.135135135135137,-1.315345699831366,0.0055206417418038,-0.1433389544688027,0.0,0.0,0.0,0.0,0.0,0.0,0.0030342436064152,,-0.0065040707619814,-0.0105251947959745,-757.4535924164949,10827000000.0,13876000000.0,-30831000000.0,10827000000.0,5375000000.0,840000000.0,0.0,104.90247074122236,2743.043478260869,0.0,0.8579397545555969,0.0328102710413694,0.0,-0.0427356586912654,0.0,2025-02-03,11.64,amc,4157000000.0,2025-05-03,2024-12-31,-2.579896907216495,374.51265625,427595.90625
2024-09-30,EG,USD,1095073,2024-11-05,2024-11-05 16:19:48,2024,Q3,4285000000.0,0.0,4285000000.0,1.0,0,0.0,0.0,0.0,4251000000.0,4251000000.0,4251000000.0,0.0,38000000.0,0.0,0.0,0.0,614000000.0,0.1432905484,-37000000.0,577000000.0,0.134655776,68000000.0,509000000.0,0.1187864644,11.66,11.81,43135593,42600000,https://www.sec.gov/Archives/edgar/data/1095073/000109507324000046/0001095073-24-000046-index.htm,https://www.sec.gov/Archives/edgar/data/1095073/000109507324000046/eg-20240930.htm,99.33791799268876,11.80000006027505,40.29155226867984,40.29155226867984,128.20039358216312,355.50687804384654,355.50687804384654,355.50687804384654,80.3976428468249,16901819405.19,18732819405.19,8.301483008443025,3.944415263754959,9.724867321743382,9.724867321743382,1.1021727685158134,1.1021727685158134,4.371719814513418,0.0,10.778377103101263,10.778377103101263,0.0301151010904602,0.102829166395324,0.2236713400717313,0.0613991121294572,0.0,12.632676709154111,16.157894736842106,3.4145383104125737,0.0050882096144981,0.1689587426326129,0.0,0.0,0.0,0.0,0.0,0.0,0.0037339556592765,307.2247981572705,0.0109917307208508,0.009111413432622,-717.9685694827471,10039000000.0,15335000000.0,-29627000000.0,10039000000.0,2686000000.0,924000000.0,-22234000000.0,112.83080513418903,0.0,0.0,0.7976545048399106,0.0,0.0,0.0331920443430062,0.0,2024-10-30,11.91,amc,4334547493.0,2025-04-24,2024-09-30,0.2275398824517211,380.9553125,331991.46875
2024-06-30,EG,USD,1095073,2024-08-02,2024-08-02 16:18:24,2024,Q2,4227000000.0,-23000000.0,4250000000.0,1.0054412113,0,22000000.0,0.0,22000000.0,-1046000000.0,1046000000.0,-3357000000.0,9000000.0,37000000.0,-847000000.0,22000000.0,0.0052046369,847000000.0,0.200378519,-15000000.0,832000000.0,0.196829903,108000000.0,724000000.0,0.1712798675,16.71,16.71,42800000,42800000,https://www.sec.gov/Archives/edgar/data/1095073/000109507324000037/0001095073-24-000037-index.htm,https://www.sec.gov/Archives/edgar/data/1095073/000109507324000037/eg-20240630.htm,98.76168224299066,16.91588785046729,33.78504672897196,33.78504672897196,127.87383177570094,331.3551401869159,298.13084112149534,331.3551401869159,79.9766355140187,16204936000.0,18020936000.0,5.595627071823205,3.8336730541755375,11.20673305670816,11.20673305670816,1.1426410943449443,1.1426410943449443,4.263292169387272,819.1334545454546,12.462611341632089,12.462611341632089,0.0446777451018627,0.0892320710183613,0.2387533493160344,0.0686133457618188,82.54545454545455,0.4961654564738517,22.89189189189189,1.997237569060773,0.0053687345633453,0.1201657458563535,0.0052046368582919,0.0,0.0288151735597479,0.0,0.0,0.0,0.0040217648450437,355.1284891088703,0.0271134816294652,0.0151063075093371,-1213.271028037383,-12351000000.0,12760000000.0,-23004000000.0,-10929000000.0,0.0,792500000.0,-25556500000.0,0.0,-3400.4347826086955,174005.21739130435,0.0,-0.0264672036823935,0.0005172258702887,0.0510506275560569,0.0,2024-07-31,16.59,amc,4319442183.0,2025-04-24,2024-06-30,0.0156720916214588,378.0309523809524,271107.7619047619
2024-03-31,EG,USD,1095073,2024-05-03,2024-05-03 16:20:33,2024,Q1,4133000000.0,0.0,4133000000.0,1.0,0,22000000.0,0.0,22000000.0,-1028000000.0,1028000000.0,-3265000000.0,6000000.0,37000000.0,-837000000.0,32000000.0,0.0077425599,837000000.0,0.202516332,-5000000.0,832000000.0,0.201306557,99000000.0,733000000.0,0.1773530123,16.9,16.9,42900000,42900000,https://www.sec.gov/Archives/edgar/data/1095073/000109507324000027/0001095073-24-000027-index.htm,https://www.sec.gov/Archives/edgar/data/1095073/000109507324000027/eg-20240331.htm,96.34032634032634,17.086247086247088,28.01864801864802,28.01864801864802,125.75757575757576,317.6923076923077,286.6666666666667,317.6689976689977,79.79020979020979,17075916000.0,18917916000.0,5.823982264665757,4.131603193805952,14.206252911813644,14.206252911813644,1.2530023481068389,1.2530023481068389,4.577284297120736,591.184875,15.738698835274542,15.738698835274542,0.0429259548946012,0.0703915385856899,0.2484590548869973,0.0706623815685128,57.5625,0.4841203857665447,22.62162162162162,1.6579310344827587,0.0044507129222233,0.1036834924965893,0.0053230099201548,0.0,0.0277766183897491,0.0,0.0,0.0,0.0038712799419308,349.4636564519854,0.0281334191017863,0.0157340030480606,-750.9673659673659,-12410000000.0,12298000000.0,-22643000000.0,-11079000000.0,0.0,683000000.0,-22923500000.0,0.0,0.0,0.0,0.0,0.0,0.0,0.0537863222776636,0.0,2024-04-29,16.01,amc,4054073403.0,2025-04-24,2024-03-31,0.019362898188632,374.9516393442623,388684.59016393445
2023-12-31,EG,USD,1095073,2023-12-31,2023-12-29 19:00:00,2023,Q4,3659000000.0,0.0,3659000000.0,1.0,0,18000000.0,0.0,18000000.0,-244000000.0,244000000.0,-3351000000.0,3000000.0,36000000.0,-391500000.0,-85500000.0,-0.0233670402,3415000000.0,0.9333151134,-119500000.0,272000000.0,0.0743372506,-532000000.0,804000000.0,0.2197321673,18.53,18.53,43400000,43400000,,,84.30875576036867,18.52534562211981,24.70046082949309,24.70046082949309,111.17511520737328,304.1935483870968,275.46082949308754,304.1935483870968,82.14285714285714,15345372000.0,17437372000.0,4.771570895522388,4.193870456408855,14.314712686567162,14.314712686567164,1.1623520678685046,1.1623520678685046,4.765611369226565,-203.94587134502925,16.266205223880597,16.266205223880597,0.0523936467620335,0.0698581956827113,0.2673079836388426,0.0760167154919869,-24.46783625730994,0.4653922499352723,94.86111111111111,1.3484276729559748,0.0049526332760131,0.0945273631840796,0.0049193768789286,0.0,0.026861106324315,0.0,0.0,0.0,0.0032795845859524,356.08150604535035,0.4337173771287324,0.017796666445315,-1105.9447004608294,-12389000000.0,11955000000.0,-22437000000.0,-11019000000.0,3674000000.0,722500000.0,-25115000000.0,0.0,0.0,0.0,0.0,0.0,0.0,0.0608998636570216,0.0,2024-02-07,14.63,amc,3763190000.0,2025-04-24,2023-12-31,0.7211209842788789,387.2606349206349,397778.5396825397
2023-09-30,EG,USD,1095073,2023-09-30,2023-09-29 20:00:00,2023,Q3,3991000000.0,0.0,3991000000.0,1.0,0,19000000.0,0.0,19000000.0,-3369000000.0,-3369000000.0,3266000000.0,5000000.0,34000000.0,-656000000.0,0.0,0.0,622000000.0,0.155850664,69000000.0,725000000.0,0.1816587321,47000000.0,678000000.0,0.169882235,15.64,15.64,42900000,42900000,,,93.03030303030305,15.804195804195803,32.121212121212125,32.121212121212125,683.6130536130536,261.67832167832165,234.73193473193476,261.67832167832165,72.7039627039627,15944643000.0,17264643000.0,5.87929314159292,3.995149837133551,11.570858490566035,11.570858490566035,1.420331640833779,1.420331640833779,4.325894011525933,0.0,12.528768505079826,12.528768505079826,0.042522118557311,0.0864240108731189,0.2748084803135578,0.0666047756811606,0.0,11.668787782373528,18.294117647058822,2.032448377581121,0.0047664911657162,0.1120943952802359,0.0047607116011024,0.0,0.0249578997366034,0.0,0.0,0.0,0.0030067652217489,305.043189162034,0.0093744821250835,0.0150126212302378,-134.45221445221446,33532000000.0,10070000000.0,1583000000.0,34688000000.0,7193000000.0,736500000.0,-10670000000.0,165.7028313705838,0.0,0.0,0.5431409907457811,0.0,0.0,0.0603955104222341,0.0,2023-10-25,10.6,amc,3595940000.0,2025-04-24,2023-09-30,0.3339622641509435,362.9414285714286,268152.61904761905
2023-06-30,EG,USD,1095073,2023-06-30,2023-06-30 00:00:00,2023,Q2,3651000000.0,0.0,3651000000.0,1.0,0,17000000.0,0.0,17000000.0,-2939000000.0,-2939000000.0,2901000000.0,2000000.0,33000000.0,-745000000.0,0.0,0.0,712000000.0,0.1950150644,5000000.0,750000000.0,0.2054231717,80000000.0,670000000.0,0.1835113667,16.27,16.27,40700000,40700000,,,89.7051597051597,16.461916461916463,26.87960687960688,26.87960687960688,693.6363636363636,267.8869778869779,241.2039312039312,267.8869778869779,76.60933660933661,13913702000.0,14931702000.0,5.191679850746269,3.8109290605313615,12.718191956124317,12.718191956124317,1.27613519214895,1.27613519214895,4.089756778964667,0.0,13.648722120658135,13.648722120658135,0.0481539708123689,0.0786275284607935,0.2829496468861781,0.0690651025342527,0.0,11.655320555188368,21.57575757575757,1.6328358208955225,0.0051028834741465,0.1059701492537313,0.0046562585592988,0.0,0.0243127070833706,0.0,0.0,0.0,0.003560668310052,314.99760896273574,0.0102901270519208,0.015373319260245,-132.96068796068795,32243000000.0,9817000000.0,1504000000.0,33329000000.0,3519000000.0,648000000.0,-9458500000.0,173.49219391947412,0.0,0.0,0.5187553282182438,0.0,0.0,0.0614509767953774,0.0,2023-07-26,11.64,amc,3669600000.0,2025-04-24,2023-06-30,0.306701030927835,361.1322580645161,396149.2096774193
2023-03-31,EG,USD,1095073,2023-03-31,2023-03-31 00:00:00,2023,Q1,3300000000.0,0.0,3300000000.0,1.0,0,19000000.0,0.0,19000000.0,-2879000000.0,-2860000000.0,2893000000.0,0.0,32000000.0,-519000000.0,0.0,0.0,440000000.0,0.1333333333,-111000000.0,408000000.0,0.1236363636,43000000.0,365000000.0,0.1106060606,9.3,9.3,38700000,38700000,,,85.27131782945736,9.431524547803615,27.493540051679588,27.493540051679588,698.4237726098191,232.8940568475452,206.77002583979328,232.8940568475452,80.54263565891473,13855374000.0,15330374000.0,9.489982191780822,4.1985981818181815,13.02196804511278,13.021968045112782,1.5372655053811162,1.5372655053811162,4.645567878787879,0.0,14.408246240601503,14.408246240601503,0.0263435689285615,0.0767933077807932,0.3422833684677688,0.0737350319080284,0.0,11.343560350640594,13.75,2.915068493150685,0.0046913204941274,0.1780821917808219,0.0057575757575757,0.0,0.0241640574583522,0.0,0.0,0.0,0.0036363636363636,222.31123525227383,0.006706205720669,0.0089399431762515,-260.968992248062,30679000000.0,8002000000.0,819000000.0,31690000000.0,0.0,592500000.0,-8322000000.0,0.0,0.0,0.0,0.0,0.0,0.0,0.0404970598025074,0.0,2023-05-02,12.51,bmo,3372261236.0,2025-04-24,2023-03-31,-0.0959232613908872,359.3848387096774,298755.1451612903
2022-12-31,EG,USD,1095073,2022-12-31,2022-12-31 00:00:00,2022,Q4,3274000000.0,0.0,3274000000.0,1.0,0,16000000.0,0.0,16000000.0,-2695000000.0,-2679000000.0,2706000000.0,0.0,27000000.0,-625100000.0,0.0,0.0,595000000.0,0.1817348809,-57100000.0,568000000.0,0.173488088,72000000.0,496000000.0,0.1514966402,12.72,12.72,39000000,39000000,,,83.94871794871794,12.717948717948715,26.025641025641026,26.025641025641026,632.4615384615385,216.43589743589743,191.7692307692308,216.43589743589743,79.76923076923077,12919530000.0,14605530000.0,6.511859879032258,3.946099572388515,12.728600985221677,12.728600985221677,1.5305686530031986,1.5305686530031986,4.461065974343311,0.0,14.38968472906404,14.38968472906404,0.0383914894736882,0.0785632294673258,0.3653595545551475,0.0771655907521393,0.0,10.633150308853809,22.03703703703704,2.0463709677419355,0.0049537405772501,0.1290322580645161,0.0048869883934025,0.0,0.0240704598909072,0.0,0.0,0.0,0.0030543677458766,248.8653541516806,0.0094803026089977,0.0127166444467234,-278.93589743589746,28071000000.0,7479000000.0,-540000000.0,29161000000.0,0.0,539000000.0,-7891500000.0,0.0,0.0,0.0,0.0,0.0,0.0,0.0587608103305295,0.0,2023-02-08,9.29,bmo,3275446676.0,2025-04-24,2022-12-31,0.3143164693218516,311.5630158730159,314905.3015873016
2022-09-30,EG,USD,1095073,2022-09-30,2022-09-30 00:00:00,2022,Q3,3115000000.0,0.0,3115000000.0,1.0,0,16000000.0,0.0,16000000.0,-3507000000.0,-3491000000.0,3516000000.0,0.0,25000000.0,360000000.0,0.0,0.0,-376000000.0,-0.12070626,-41000000.0,-401000000.0,-0.1287319422,-82000000.0,-319000000.0,-0.1024077047,-8.22,-8.22,38800000,38800000,,,80.28350515463917,-8.221649484536082,28.81685567010309,28.81685567010309,622.0618556701031,197.13917525773195,174.79381443298968,197.13917525773195,80.12886597938144,10182672000.0,11587672000.0,-7.980150470219437,3.268915569823435,9.107169880171076,9.107169880171076,1.331242253889397,1.331242253889397,3.7199589085072233,0.0,10.363772634501212,10.363772634501212,-0.0313277300889196,0.109803595755613,0.4031899594718264,0.0808515100671141,0.0,10.627011896431071,-15.04,-3.5008156402541166,0.0063756350003221,-0.2035141065830721,0.0051364365971107,0.0,0.0227296560402684,0.0,0.0,0.0,0.0035573033707865,,-0.0055784744111485,-0.0085575555972851,-263.6855670103093,27514000000.0,6782000000.0,-123000000.0,28381000000.0,0.0,501778000.0,-7672925000.0,0.0,0.0,0.0,0.0,0.0,0.0,-0.0417047980128121,0.0,2022-09-30,-4.94692,amc,3346786447.0,2025-04-24,2022-09-30,0.6619735107905524,270.55375,263005.90625
2022-06-30,EG,USD,1095073,2022-06-30,2022-06-30 00:00:00,2022,Q2,2834613000.0,0.0,2834613000.0,1.0,0,15018000.0,0.0,15018000.0,-2706110000.0,-2691092000.0,2715490000.0,398000.0,24398000.0,-214000000.0,0.0,0.0,143521000.0,0.050631603,-94877000.0,119123000.0,0.0420244316,-3507000.0,122630000.0,0.0432616375,3.15,3.11,38900000,39430000,,,72.86922879177378,3.1524421593830336,18.39246786632391,18.39246786632391,626.4452956298201,227.58010282776348,206.0763496143959,227.58010282776348,80.04413881748071,10902891999.999998,11876161999.999998,22.22721193835113,3.8463423402065815,15.238846795170144,15.238846795170144,1.2315663650618909,1.2315663650618909,4.189694325115985,0.0,16.599175084245672,16.599175084245672,0.0112474745232732,0.0656217634733977,0.3489625845460667,0.0814959249650136,0.0,10.64049219263761,5.882490368062956,5.83435537796624,0.0059600700438012,0.5299029601239501,0.0052980777270124,0.0,0.0220666804721474,0.0,0.0,0.0,0.0042358515959674,127.0521349399402,0.0027736280855935,0.0033079628435629,-218.1744730077121,27369849000.0,8016370000.0,1154116000.0,28206345000.0,2741636500.0,478278000.0,-3800925000.0,0.0,0.0,0.0,0.0,0.0,0.0,0.0138520113147538,0.0,2022-06-30,8.06,amc,3107634960.0,2025-04-24,2022-06-30,-0.6141439205955336,282.685,237087.5483870968
2022-03-31,EG,USD,1095073,2022-03-31,2022-03-31 00:00:00,2022,Q1,2896331000.0,88437000.0,2807894000.0,0.9694658518,0,14020000.0,0.0,14020000.0,-2495989000.0,-2481969000.0,2594484000.0,3685000.0,24078000.0,-311000000.0,0.0,0.0,325925000.0,0.1125303013,-9153000.0,301847000.0,0.1042170249,4096000.0,297751000.0,0.1028028219,7.67,7.67,38800000,38800000,,,74.64770618556702,7.673994845360824,21.815438144329896,21.815438144329896,634.0337113402062,245.55744845360823,223.83737113402063,245.55744845360823,80.23257731958763,11693544000.0,13004272000.0,9.81822395222854,4.037364513931592,13.814987258384834,13.814987258384834,1.2273299054780575,1.2273299054780575,4.489912237240841,0.0,15.363507588851649,15.363507588851649,0.0254628536908913,0.0723851554327755,0.3242093074782823,0.0813163378777386,0.0,10.425815090811977,13.536215632527618,2.842774667423451,0.0052165536812449,0.2048691692051412,0.0048406069610137,0.0,0.0221850590028921,0.0,0.0,0.0,0.0041127895948356,205.91053483889863,0.0062927695712161,0.0080161171469675,6.541488402061856,26487926000.0,8684890000.0,838920000.0,27330665000.0,2741636500.0,457000000.0,-3731144000.0,170.38610918434392,472.20054954374297,0.0,0.5282120733364908,0.1905969827586207,0.0,0.0312513218136432,0.0,2022-03-31,9.42,amc,3110634909.0,2025-04-24,2022-03-31,-0.1857749469214437,287.2758064516129,282229.93548387097
2021-12-31,EG,USD,1095073,2021-12-31,2021-12-31 00:00:00,2021,Q4,3048129000.0,0.0,3048129000.0,1.0,0,21464000.0,0.0,21464000.0,-1690510000.0,-1669046000.0,2548065000.0,0.0,23364000.0,-527700000.0,0.0,0.0,1379083000.0,0.4524359041,-27636000.0,500064000.0,0.1640560488,69357000.0,430707000.0,0.1413020906,11.0,10.99,39161000,39197000,,,77.83583156712035,10.998365720997931,26.628559025561145,26.628559025561145,636.5381374326498,258.91014019049567,236.6430887873139,258.91014019049567,79.46523326779193,10726981120.0,12374694120.0,6.226379603767759,3.519201818558204,10.286700070291456,10.286700070291456,1.057973240439562,1.057973240439562,4.059767194892342,0.0,11.866783902201858,11.866783902201858,0.0401517440164936,0.0972129053211198,0.3046177304279044,0.0808838839822137,0.0,10.830461062205533,59.02598014038692,2.421137803657707,0.0056836121288894,0.1415533065401769,0.00704169672609,0.0,0.0228360229777529,0.0,0.0,0.0,0.0033486115581066,253.1219849015947,0.0224990326754379,0.0115429939520465,-174.91322999923392,27481280000.0,9267180000.0,2230700000.0,28492222000.0,0.0,467841000.0,-7222058000.0,0.0,0.0,0.0,0.0,0.0,0.0,0.0424794707264295,0.0,2021-12-31,,amc,,2025-04-24,2021-12-31,,270.2871875,226081.765625
2021-09-30,EG,USD,1095073,2021-09-30,2021-09-30 00:00:00,2021,Q3,2786705000.0,0.0,2786705000.0,1.0,0,17817000.0,0.0,17817000.0,-2876702000.0,-2858885000.0,2874424000.0,1196000.0,15539000.0,52000000.0,0.0,0.0,-72180000.0,-0.0259015576,-35719000.0,-87719000.0,-0.031477677,-14251000.0,-73468000.0,-0.0263637522,-1.88,-1.87,39161000,39200000,,,71.16021041342151,-1.876050151936876,29.68716324915094,29.68716324915094,597.653379637905,254.8105257781977,234.43987640765047,254.8105257781977,49.19401956027681,9820795580.0,10663302580.0,-33.41861620025045,3.5241604619075217,8.447422136474167,8.447422136474167,0.9841822634057664,0.9841822634057664,3.826491350896489,0.0,9.172110093163562,9.172110093163562,-0.007480860323538,0.1183793095508052,0.1915039481852979,0.0522029977683772,0.0,32.876035996856054,-4.645086556406461,-15.824290847716012,0.0062578433182294,-0.8365138563728426,0.0063935723372226,0.0,0.0217924079696341,0.0,0.0,0.0,0.0038611909046705,,-0.0011536354796357,-0.0020516995443689,-171.43770588085084,28145456000.0,9180900000.0,2400960000.0,28943191000.0,0.0,432603000.0,-6863407500.0,0.0,0.0,0.0,0.0,0.0,0.0,-0.007362530045442,0.0,2021-09-30,8.92,amc,2937038594.0,2025-04-24,2021-09-30,-1.2101098654708522,256.4853125,260389.046875
2021-06-30,EG,USD,1095073,2021-06-30,2021-06-30 00:00:00,2021,Q2,2836724000.0,0.0,2836724000.0,1.0,0,16168000.0,0.0,16168000.0,-2077104000.0,-2060936000.0,2076543000.0,3287000.0,15607000.0,-768674000.0,0.0,0.0,775788000.0,0.273480254,-8493000.0,760181000.0,0.267978485,80199000.0,679982000.0,0.2397067885,16.97,16.95,39527000,39567000,,,71.76674172084904,17.20297518152149,18.306372859058364,18.306372859058364,582.1713512282744,263.53603865712046,244.5895716851772,263.53603865712046,48.735522554203456,9961199270.0,10765616270.0,3.662302557273575,3.511515138589443,13.766244244025671,13.766244244025671,0.9562638995567636,0.9562638995567636,3.7950876680283314,0.0,14.877937785725736,14.877937785725736,0.0682630656780345,0.0726414541449084,0.183430997786362,0.0540220236009804,0.0,36.35900347332185,49.707695264945215,1.0641399331158763,0.0062286676853117,0.091245062369298,0.0056995322773734,0.0,0.0211731923749286,0.0,0.0,0.0,0.0040250655333405,319.38392019673745,0.013539198174216,0.0196406480788237,-134.44666936524402,27466096000.0,9667892000.0,3289607000.0,28214993000.0,2425537000.0,390951500.0,-3372493500.0,0.0,0.0,0.0,0.0,0.0,0.0,0.0652775053809768,0.0,2021-06-30,,amc,,2025-04-24,2021-06-30,,260.27936507936505,331208.6031746032
2021-03-31,EG,USD,1095073,2021-03-31,2021-03-31 00:00:00,2021,Q1,2743773000.0,0.0,2743773000.0,1.0,0,12378000.0,0.0,12378000.0,-2367417000.0,-2355039000.0,2370678000.0,7966000.0,15639000.0,-332141000.0,0.0,0.0,388734000.0,0.1416786301,40954000.0,373095000.0,0.1359788146,31233000.0,341862000.0,0.1245955843,8.53,8.52,39543000,39597000,,,69.38707230103938,8.645322813140126,22.870444832207976,22.870444832207976,565.6351060870445,244.8696861644286,228.08896644159523,244.8696861644286,48.71193384416963,9799150830.0,10577067830.0,7.166013501061832,3.571414555795979,10.835381725982622,10.835381725982622,1.0120076677584215,1.0120076677584215,3.854935459310956,0.0,11.695561122377445,11.695561122377445,0.0348869005009488,0.0922902418474152,0.1973149109944745,0.0568702777693771,0.0,1079.2928645724985,24.856704392863996,2.6454124763793576,0.0063504482255224,0.1820295908875511,0.0045113061466819,0.0,0.019751541820428,0.0,0.0,0.0,0.0040167317048458,218.24755071016364,0.0072768068709434,0.0103809109446579,52.92326075411577,25916769000.0,9019322000.0,2028334000.0,26580329000.0,2425537000.0,348363000.0,0.0,159.12273354975065,0.0,0.0,0.5656011431695331,0.0,0.0,0.0353058108112853,0.0,2021-03-31,,amc,,2025-04-24,2021-03-31,,238.1193442622951,252951.77049180327
2020-12-31,EG,USD,1095073,2020-12-31,2020-12-31 00:00:00,2020,Q4,2670638000.0,-90761000.0,2761399000.0,1.0339847632,0,11934000.0,0.0,11934000.0,2748950849.0,2760884849.0,2551242000.0,1833000.0,14846000.0,-181361000.0,0.0,0.0,134242000.0,0.0502658915,-61965000.0,119396000.0,0.0447069202,55794000.0,63602000.0,0.0238152831,1.61,1.61,39519000,39519000,,,67.57858245400946,1.6094030719400794,17.282092158202385,17.282092158202385,556.1065310357044,246.1139198866368,230.37331410207747,246.1139198866368,48.716769149016926,9251002710.0,10359743710.0,36.36286087701645,3.4639673029440905,13.545235024620371,13.545235024620371,0.9511449011410036,0.9511449011410036,3.879126901511923,0.0,15.16864363201366,15.16864363201366,0.0068751466185658,0.0738266998086308,0.1964175848761116,0.0582643406011469,0.0,2.058286176232821,9.042300956486596,10.738200056601992,0.0067005709481626,0.9746077167384674,0.0044685951446807,0.0,0.0189717648859319,0.0,0.0,0.0,0.0036964949948289,94.40429662381516,0.0031557375609859,0.001977286541842,-27.46544700017713,13091000.0,9104123000.0,-23036720000.0,784269000.0,2305904500.0,329500500.0,0.0,0.0,-291.8790008924538,0.0,0.0,-0.3083469510475731,0.0,0.0065392606508457,0.0,2020-12-31,,amc,,2025-04-24,2020-12-31,,220.7921875,271393.875
2020-09-30,EG,USD,1095073,2020-09-30,2020-09-30 00:00:00,2020,Q3,2610184000.0,0.0,2610184000.0,1.0,0,10618000.0,0.0,10618000.0,-2341653000.0,-2331035000.0,2337676000.0,684000.0,6641000.0,-219212000.0,0.0,0.0,279149000.0,0.1069461004,53296000.0,272508000.0,0.1044018353,29451000.0,243057000.0,0.0931187227,6.08,6.07,39483000,39557000,,,66.10905959526885,6.155991186080085,27.506065901780516,27.506065901780516,507.0475647747132,242.92206772535016,227.6804700757288,242.92206772535016,18.171212927082543,7799471820.0,7571403820.0,8.02226619681803,2.9880927244975832,7.181688602993309,7.18168860299331,0.8131826056385312,0.8131826056385312,2.90071650887447,0.0,6.971685490717499,6.971685490717499,0.0311632640785668,0.1392430186381518,0.0741102450014033,0.0235735204959687,0.0,32.33261487651907,42.03418159915675,4.468178246254993,0.0079370759236873,0.2546933435367012,0.0040679124536814,0.0,0.0199576646152308,0.0,0.0,0.0,0.0038932121260416,183.4314243143364,0.0056427673435839,0.0082249332117772,73.87687739026923,23869750000.0,8989508000.0,4069833000.0,24620740000.0,2305904500.0,367207500.0,-10030437000.0,159.0166861799781,0.0,0.0,0.5659783395192646,0.0,0.0,0.0253414242836105,0.0,2020-09-30,,amc,,2025-04-24,2020-09-30,,214.08515625,254918.15625
2020-06-30,EG,USD,1095073,2020-06-30,2020-06-30 00:00:00,2020,Q2,2244515000.0,234600000.0,2009915000.0,0.8954785332,0,8733000.0,0.0,8733000.0,1991462000.0,2000195000.0,2007448000.0,2021000.0,7253000.0,-264941000.0,0.0,0.0,244320000.0,0.1088520237,-7253000.0,237067000.0,0.1056205906,46187000.0,190880000.0,0.0850428712,4.78,4.77,39449000,39519000,,,56.89662602347335,4.83865243732414,15.17394610763264,15.17394610763264,477.4806205480494,235.4001115364141,220.7429592638597,235.4001115364141,15.91959238510482,8134383800.0,7832663800.0,10.653792696982396,3.624116479506709,13.589082137063832,13.589082137063832,0.8759554048388922,0.8759554048388922,3.4896910022877994,0.0,13.085036844488029,13.085036844488029,0.0234658217135021,0.0735884874278983,0.0668467599417162,0.021716407042024,0.0,1.1565468725196069,33.68537157038467,3.1359859597652977,0.0076131150831609,0.3244341994970662,0.0038908182836826,0.0,0.0202278883041063,0.0,0.0,0.0,0.0043581798294954,160.0872723773536,0.0198565428174982,0.0068155404748947,-265.98387791832494,2923941000.0,8708089000.0,2303182000.0,3653804000.0,0.0,369573000.0,-20804300000.0,0.0,141.85204603580564,-7695.987468030691,0.0,0.6344638834274031,-0.0116944057372575,0.020555013358928,0.0,2020-06-30,,amc,,2025-04-24,2020-06-30,,194.73333333333332,458567.3174603175
2020-03-31,EG,USD,1095073,2020-03-31,2020-03-31 00:00:00,2020,Q1,1982016000.0,0.0,1982016000.0,1.0,0,9833000.0,0.0,9833000.0,2008222000.0,2018055000.0,2025638000.0,8216000.0,7583000.0,44029000.0,7990000.0,0.004031249,-5039000.0,-0.0025423609,-38583000.0,-43622000.0,-0.0220089041,-60234000.0,16612000.0,0.0083813652,0.41,0.41,40204000,40296000,,,49.29897522634564,0.4131927171425729,12.585538752362949,12.585538752362949,442.9894040393991,213.43508108645904,198.41829171226743,213.43508108645904,17.15675057208238,7736053679.999999,7600614679.999999,116.42267156272572,3.9031237285672766,15.288976005407232,15.28897600540723,0.9015387677626144,0.9015387677626144,3.8347897696083177,951.265917396746,15.021304178549334,15.021304178549334,0.0021473480778639,0.0654066040555189,0.0795002274807993,0.0250595478660076,-16.951063829787234,1.129213698076244,-0.6645127258341026,30.459246327955693,0.0081794933977242,3.809113893570913,0.0049611103038522,0.0,0.022177681678021,0.0,0.0,0.0,0.0047391141141141,44.54515657703244,9.50021842019435e-05,0.0006240677912234,-288.6680678539449,2327075000.0,7977209000.0,1694888000.0,3087436000.0,0.0,330522500.0,-21560736000.0,0.0,0.0,0.0,0.0,0.0,0.0,0.0019359175400748,0.0,2020-03-31,,amc,,2025-04-24,2020-03-31,,255.3498387096774,375729.3870967742
2019-12-31,EG,USD,1095073,2019-12-31,2019-12-31 00:00:00,2019,Q4,2214086000.0,224499000.0,1989587000.0,0.8986042096,0,10344000.0,0.0,10344000.0,1982438000.0,1992782000.0,1995008000.0,0.0,7721000.0,-195699000.0,0.0,0.0,226799000.0,0.1024345938,23379000.0,219078000.0,0.098947376,1434000.0,217644000.0,0.0982997047,5.34,5.32,40757303,40910526,,,54.32366317270797,5.340000048580251,8.958860697922038,8.958860697922038,442.9515858789773,224.08070033485777,209.8044122301223,224.08070033485777,15.740810916757669,11283251762.52,11109047762.52,12.960674039394606,5.096121723600619,30.90125065391536,30.901250653915355,1.2354477631777332,1.2354477631777332,5.017441852990353,0.0,30.42416110719479,30.42416110719479,0.0192891202448354,0.0323611497540891,0.0694007670050942,0.0231968532045266,0.0,0.0011817310799716,29.374303846651987,1.6776892540111374,0.0056004245345215,0.2903411074966459,0.0046719052466796,0.0,0.0212949024286332,0.0,0.0,0.0,0.0038986742159066,164.08319959753902,0.0299655360354866,0.008138601074826,-268.03753427943946,-17536546000.0,8551062000.0,-18170378000.0,-16793248000.0,0.0,331733500.0,-21585851000.0,0.0,116.92435155613164,-8648.756297355445,0.0,0.7697284509360214,-0.0104061204762492,0.0238307004601483,0.0,2019-12-31,,amc,,2025-04-24,2019-12-31,,263.81109375,245939.515625
2019-09-30,EG,USD,1095073,2019-09-30,2019-09-30 00:00:00,2019,Q3,2042520000.0,167926000.0,1874594000.0,0.9177848932,0,8435000.0,0.0,8435000.0,1940472000.0,1948907000.0,1949500000.0,2325000.0,7907000.0,-126927000.0,0.0,0.0,100927000.0,0.04941298,-33907000.0,93020000.0,0.0455417817,-11378000.0,104398000.0,0.0511123514,2.56,2.56,40780469,40780469,,,50.08574079910655,2.559999984306213,15.53076792716631,15.53076792716631,435.0675564815108,220.28334200864631,207.3724066292617,220.28334200864631,15.735081418509434,10851274996.21,10767879996.21,25.985351721800225,5.31268971476901,17.1330871240795,17.1330871240795,1.2079442665689886,1.2079442665689886,5.271860249206862,0.0,17.00141468916179,17.00141468916179,0.0096208049318133,0.0583665974939543,0.070550907031725,0.0234526004375189,0.0,1.169928015099468,12.764259516883774,6.329595650696568,0.0052523781785925,0.54593957738654,0.0041297025243326,0.0,0.0194833868486232,0.0,0.0,0.0,0.0040219924407104,112.64244502812308,0.0117782837116984,0.0039399594531156,-272.120509452699,2957887000.0,8456744000.0,2324110000.0,3543155000.0,0.0,358979000.0,-21346674000.0,0.0,199.27009516096376,-11575.432273739623,0.0,0.4516483014036852,-0.0077750876055122,0.0116213961571625,0.0,2019-09-30,,amc,,2025-04-24,2019-09-30,,252.4971875,289286.65625
2019-06-30,EG,USD,1095073,2019-06-30,2019-06-30 00:00:00,2019,Q2,2018975000.0,219901000.0,1799074000.0,0.8910828514,0,7535000.0,0.0,7535000.0,1625570000.0,1633105000.0,1636382000.0,1422000.0,8434000.0,-398879000.0,0.0,0.0,380779000.0,0.188600156,-16286000.0,382593000.0,0.1894986317,39738000.0,342855000.0,0.1698163672,8.42,8.39,40719121,40864720,,,49.58297110588413,8.420000028979015,9.66889732221872,9.66889732221872,422.6636670275864,218.18152705211884,205.6355538716074,218.18152705211884,15.770404277636544,10199325428.08,10171681428.08,7.437054606232955,5.051734384071125,25.905746193457603,25.905746193457603,1.1480348652072905,1.1480348652072905,5.038042287834173,0.0,25.835531898127805,25.835531898127805,0.0336154584357194,0.0386014744579156,0.0713317860101574,0.0240157654727521,0.0,1.173323055466574,45.14809105999526,1.1483250936985023,0.005588506848019,0.1662481223840982,0.0037320917792444,0.0,0.0193597486049514,0.0,0.0,0.0,0.0040193662625837,203.3088548054028,0.0344158301398341,0.013249446514714,-266.2344798651228,2923944000.0,8373299000.0,2290221000.0,3504674000.0,0.0,316979000.0,-20930582000.0,0.0,141.6709792133733,-8633.818309148208,0.0,0.6352747789259601,-0.0104241248515315,0.0385917182941324,0.0,2019-06-30,,amc,,2025-04-24,2019-06-30,,239.948253968254,329364.6984126984
2019-03-31,EG,USD,1095073,2019-03-31,2019-03-31 00:00:00,2019,Q1,1960083000.0,230686000.0,1729397000.0,0.8823080451,0,6652000.0,0.0,6652000.0,1539942000.0,1546594000.0,1551292000.0,0.0,7631000.0,-422475000.0,0.0,0.0,422175000.0,0.2153862872,-13684000.0,408791000.0,0.2085580049,59891000.0,348900000.0,0.1780026662,8.57,8.54,40711785,40854801,,,48.145346611552405,8.570000062635426,11.294076150185996,11.294076150185996,410.1207795236687,206.9825481737045,194.0012701481893,206.9825481737045,15.752171023697436,8847892234.050001,8897586234.050001,6.339848261715392,4.514039575900613,19.24283111872067,19.24283111872067,1.0499919047165838,1.0499919047165838,4.539392583910988,0.0,19.35090807358385,19.35090807358385,0.0394331204280836,0.0519674050990935,0.0751982791695231,0.0247231941217549,0.0,1.1601508973030517,55.3236797274276,1.3178618515333906,0.0064576961934635,0.1637632559472628,0.0033937338367814,0.0,0.020619607719816,0.0,0.0,0.0,0.0046202125114089,199.77840259471108,0.0381000778023743,0.0138992820337617,-267.4904821785633,2653734000.0,7898138000.0,2020066000.0,3252094000.0,0.0,253123000.0,-20416337500.0,0.0,112.2852275387323,-8101.573047345742,0.0,0.8015301921079057,-0.0111089537147956,0.041404457227202,0.0,2019-03-31,,amc,,2025-04-24,2019-03-31,,217.64163934426227,279256.3278688525
2018-12-31,EG,USD,1095073,2018-12-31,2018-12-31 00:00:00,2018,Q4,1794697000.0,0.0,1794697000.0,1.0,0,7153000.0,0.0,7153000.0,2485185000.0,2492338000.0,2496995000.0,0.0,7984000.0,4468000.0,-698414000.0,-0.3891542695,-697435000.0,-0.3886087735,-21991000.0,-702298000.0,-0.3913184231,-320024000.0,-382274000.0,-0.2130019719,-9.5,-9.5,40239368,40239368,,,44.6005265291443,-9.50000009940514,1.6511193714573251,1.6511193714573251,400.71906695950094,196.41968531911337,183.70643892816608,196.41968531911337,15.944509864071424,8762524775.68,8740042775.68,-5.730526255826971,4.882453570535862,131.88628500421433,131.88628500421433,1.108646517003711,1.108646517003711,4.869926664879921,-12.51412883430172,131.54790451053583,131.54790451053583,-0.0436260107430434,0.0075822895456342,0.0801655759682299,0.0255550950050453,0.0321900763730394,0.0011338791881343,-87.35408316633267,-0.1738020372821588,0.0064910515469083,-0.1487885652699372,0.0039856310006647,0.0,0.0206329362197683,0.0,0.0,0.0,0.0036652426565598,,-0.066845915391599,-0.0157428256962463,-268.3681438535516,-16238149000.0,7392231000.0,-16871762000.0,-15726576000.0,0.0,254200000.0,-19760030500.0,0.0,0.0,0.0,0.0,0.0,0.0,-0.0483658248610415,0.0,2018-12-31,,amc,,2025-04-24,2018-12-31,,217.83174603174604,292609.8888888889
2018-09-30,EG,USD,1095073,2018-09-30,2018-09-30 00:00:00,2018,Q3,1944413000.0,226313000.0,1718100000.0,0.8836085749,0,7890000.0,0.0,7890000.0,1735010000.0,1742900000.0,1746992000.0,0.0,7901000.0,7127000.0,198522000.0,0.1020986797,197401000.0,0.101522156,-21309000.0,197421000.0,0.1015324419,-8192000.0,205613000.0,0.1057455386,5.04,5.02,40796230,40958765,,,47.66158539649374,5.040000019609655,10.073994582342536,10.073994582342536,391.96585076611245,204.16134039836524,192.88049410447977,204.16134039836524,15.723487194772654,9153858087.4,9147655087.4,11.129960274155817,4.707774576388863,22.2731904574664,22.2731904574664,1.09903275302848,1.09903275302848,4.704584410513609,46.07879775239016,22.25809730230838,22.25809730230838,0.0224618950869491,0.0448970255029081,0.0760663958622708,0.0259539433621687,-0.0312459072546115,1.2083051527705853,24.984305784077964,1.998808441100514,0.0057749420512389,0.2570995024633656,0.0040577799058121,0.0,0.0188529226974702,0.0,0.0,0.0,0.004230068406249,152.15747136192203,0.0229378746065401,0.0085848641796267,-240.65199161785293,3217898000.0,7868797000.0,2584054000.0,3678114000.0,0.0,301217500.0,-19617679500.0,0.0,115.31149337422066,-7736.11864983452,0.0,0.7804946182417636,-0.0116337409072604,0.0246863583956466,0.0,2018-09-30,,amc,,2025-04-24,2018-09-30,,223.7942857142857,285878.92063492065
2018-06-30,EG,USD,1095073,2018-06-30,2018-06-30 00:00:00,2018,Q2,1892939000.0,164739000.0,1728200000.0,0.912971839,0,6633000.0,0.0,6633000.0,1818667000.0,1825300000.0,1832176000.0,0.0,7728000.0,8727000.0,87591000.0,0.0462724895,63928000.0,0.0337718225,-3165000.0,60763000.0,0.0320998194,-9132000.0,69895000.0,0.0369240636,1.71,1.7,40874269,41114706,,,46.311262471752094,1.7100000002446527,-1.5411162460177574,-1.5411162460177574,400.7297598398641,201.6268229775559,191.3962546950993,201.6268229775559,15.687913586907204,9420701519.12,9434712519.12,33.6959064279276,4.976759166100967,-149.55393572390145,-149.55393572390142,1.1431018779959443,1.1431018779959443,4.984160883747442,107.71326413809636,-149.77636079375156,-149.77636079375156,0.0074192988556258,-0.0066865508765088,0.0768689689030278,0.026522107093792,0.1599593565548971,1.2128228632336286,8.272256728778467,-0.9012375706416768,0.0056513838053297,0.7617139995707848,0.0035040748803844,0.0,0.0175068665029577,0.0,0.0,0.0,0.0048760155504218,88.07719350190125,0.0082857086352355,0.0029783466803206,-224.00646480063045,3194684000.0,7823182000.0,2561148000.0,3612851000.0,0.0,278377000.0,-19832478500.0,0.0,170.7103964452862,-10807.386775444797,0.0,0.5272086637608249,-0.0083276375566096,0.0084810144552791,0.0,2018-06-30,,amc,,2025-04-24,2018-06-30,,234.75203125,289656.96875
2018-03-31,EG,USD,1095073,2018-03-31,2018-03-31 00:00:00,2018,Q1,1745157000.0,113657000.0,1631500000.0,0.9348729083,0,8996000.0,0.0,8996000.0,1511204000.0,1520200000.0,1527514000.0,0.0,7418000.0,8950000.0,234961000.0,0.1346360242,225018000.0,0.1289385425,4646000.0,217643000.0,0.1247125617,7325000.0,210318000.0,0.1205152316,5.14,5.11,40917899,41158121,,,42.650210363929,5.139999978982303,4.781281658669718,4.781281658669718,416.8154625925442,203.92493759271463,193.64278698669256,203.92493759271463,15.662265552784126,10410331863.58,10343194863.58,12.374513669277,5.965269522214907,53.21167380689021,53.21167380689021,1.247615926739356,1.247615926739356,5.926799057952952,44.02090076046663,52.868507787671234,52.868507787671234,0.0202028141615529,0.0187928687157838,0.0759150689462595,0.0269401488423777,-0.2857367818489026,1.2784063015960374,30.33405230520356,0.9302104432335796,0.0051141501248636,0.2531404825074411,0.0051548370719654,0.0,0.017893101388684,0.0,0.0,0.0,0.0047766476024793,153.57056663358938,0.0242224336366596,0.0091076433913181,-196.86203829771412,4046914000.0,7923456000.0,3413898000.0,4467638000.0,0.0,231148500.0,-19867493000.0,0.0,193.43463227077964,-15744.283590100038,0.0,0.4652734566890453,-0.0057163604482195,0.0252053527129088,0.0,2018-03-31,,amc,,2025-04-24,2018-03-31,,240.0077049180328,365657.3278688525
2017-12-31,EG,USD,1095073,2017-12-31,2017-12-31 00:00:00,2017,Q4,1867211000.0,186311000.0,1680900000.0,0.9002196324,0,4615000.0,0.0,4615000.0,1161885000.0,1166500000.0,1171906000.0,0.0,7314000.0,11210000.0,720319000.0,0.3857726845,694314000.0,0.3718454958,15386000.0,695305000.0,0.3723762339,124280000.0,571025000.0,0.3058170716,13.92,13.85,41021911,41229242,,,45.51740653915416,13.919999972697518,2.888090708402151,2.888090708402151,414.2831132367285,204.01857924171304,193.98523389122465,204.01857924171304,15.61870191761666,9076508027.86,9074836027.86,3.973778743426295,4.860997513328702,76.6111671480059,76.6111671480059,1.0845090717834085,1.0845090717834085,4.860102060163527,12.598357155454734,76.59705446600547,76.59705446600547,0.0629124106151022,0.0130529273632927,0.0756813767380328,0.0268481088676943,-0.0023211938044116,0.0012766278272789,94.92945036915503,0.2074777811829604,0.0058783620128169,0.0934372400507858,0.0024716006921553,0.0,0.0174461948460718,0.0,0.0,0.0,0.0039020764123604,252.78176139344927,0.0871957262737601,0.0246341652284783,-198.77157843767927,-14571374000.0,7957645000.0,-15203934000.0,-14159787000.0,0.0,243623500.0,-20057766500.0,0.0,105.3160038859756,-9589.88304501613,0.0,0.8545709738231422,-0.0093848902616985,0.0682290800398411,0.0,2017-12-31,,amc,,2025-04-24,2017-12-31,,225.4873015873016,522184.2698412698
2017-09-30,EG,USD,1095073,2017-09-30,2017-09-30 00:00:00,2017,Q3,1725471000.0,181171000.0,1544300000.0,0.8950020024,0,5932000.0,0.0,5932000.0,2617868000.0,2623800000.0,2629538000.0,0.0,7266000.0,12182000.0,-894901000.0,-0.5186415767,-896834000.0,-0.5197618505,-50466000.0,-904067000.0,-0.5239537494,-264693000.0,-639374000.0,-0.3705504178,-15.73,-15.73,40646790,40646790,,,42.45036323901592,-15.729999835165335,10.083354675732082,10.083354675732082,418.10231509056433,196.0629855395715,186.29941011332016,196.0629855395715,15.760309731715592,9283320368.1,9331265368.1,-3.6298474633391407,5.380165976768082,22.650199992436367,22.65019999243637,1.1648807620238135,1.1648807620238135,5.407952592712367,-10.427148218741516,22.767180102523813,22.767180102523813,-0.0688734175540318,0.044149720547012,0.0794721664842381,0.0264594285767761,-0.0535757586593377,1.2052977696621885,-123.42884668318194,-0.6410270045388146,0.0055262554738806,-0.0802378576545183,0.003437901883022,0.0,0.0165797769067518,0.0,0.0,0.0,0.0042226151584118,,-0.0737338618751517,-0.0271618520956195,-223.98011011447645,3148036000.0,7572473000.0,2515098000.0,3544894000.0,0.0,265846000.0,-19863189500.0,0.0,133.74491502503162,-10066.16550110117,0.0,0.6729227797793708,-0.0089408424677852,-0.0802293191235249,0.0,2017-09-30,,amc,,2025-04-24,2017-09-30,,252.04619047619047,489685.0158730159
2017-06-30,EG,USD,1095073,2017-06-30,2017-06-30 00:00:00,2017,Q2,1530611000.0,160511000.0,1370100000.0,0.895132728,0,6919000.0,0.0,6919000.0,1242581000.0,1249500000.0,1255078000.0,0.0,8059000.0,10729000.0,283592000.0,0.1852802574,283659000.0,0.1853240307,-9159000.0,275533000.0,0.1800150397,29859000.0,245674000.0,0.1605071439,5.98,5.95,41082609,41289748,,,37.25690839157757,5.979999955699016,6.147370046532342,6.147370046532342,411.28461437295766,208.96428461980105,200.266565348856,208.96428461980105,15.61108253859924,10459221425.31,10623301425.31,10.643394727677736,6.833363555671558,41.41445822732132,41.41445822732132,1.2183421701139618,1.2183421701139618,6.940562576193428,37.45980643075263,42.06415135739457,42.06415135739457,0.0234887464381908,0.0241461567482318,0.0737681888379901,0.0281186424354864,0.5785776749696747,0.0352679645219482,35.19779128924184,1.0279883097112434,0.0049051452219809,0.2088295871765021,0.0045204170099391,0.0,0.015865674867177,0.0,0.0,0.0,0.0053730177033877,167.6786935997071,-0.0335674424840403,0.0110840879988356,-164.83826526207233,-12834795000.0,8227473000.0,-13467888000.0,-12477470000.0,0.0,235027000.0,-19326057500.0,0.0,147.16486720536287,-10913.126452392671,0.0,0.6115590066371512,-0.0082469492489265,0.028617330308762,0.0,2017-06-30,,amc,,2025-04-24,2017-06-30,,246.83238095238096,412904.1904761905
2017-03-31,EG,USD,1095073,2017-03-31,2017-03-31 00:00:00,2017,Q1,1484778000.0,177678000.0,1307100000.0,0.8803336256,0,8457000.0,0.0,8457000.0,1130143000.0,1138600000.0,1146365000.0,0.0,8964000.0,11746000.0,347377000.0,0.2339588814,347364000.0,0.2339501259,-12864000.0,338413000.0,0.2279216152,46770000.0,291643000.0,0.1964219567,7.12,7.07,40961096,41250778,,,36.24849296024696,7.1199999140648,9.321332612779695,9.321332612779695,409.2716903864096,203.80011316103457,195.3204328321684,203.80011316103457,15.678169353671592,9577113855.76,9742104855.76,8.209620885603288,6.450199191906131,25.0833233522257,25.083323352225705,1.147251571029565,1.147251571029565,6.561320854538524,28.044760752035973,25.51544963427027,25.51544963427027,0.0304520761048064,0.0398671254983948,0.0758553433232597,0.0285329762109621,0.4749623607780596,1.3717430366333636,38.75100401606426,1.3091759445623588,0.0053545359042753,0.1758348391698069,0.0056958009884305,0.0,0.0156507788756187,0.0,0.0,0.0,0.0050519336897502,180.6897278052675,0.033332249949467,0.0133501843115799,-162.9687716363839,4911469000.0,8000539000.0,4278392000.0,5258806000.0,0.0,199289000.0,-18769509000.0,0.0,105.15246682200384,-9719.90629115591,0.0,0.8559000346834175,-0.0092593485270419,0.034936192152351,0.0,2017-03-31,,amc,,2025-04-24,2017-03-31,,228.36306451612904,237998.74193548388
2016-12-31,EG,USD,1095073,2016-12-31,2016-12-31 00:00:00,2016,Q4,1613960000.0,162360000.0,1451600000.0,0.8994027113,0,5828000.0,0.0,5828000.0,1183972000.0,1189800000.0,1198369000.0,0.0,9034000.0,11016000.0,424625000.0,0.2630951201,424634000.0,0.2631006964,-4208000.0,415591000.0,0.2574977075,42019000.0,373572000.0,0.2314629855,9.14,9.08,40872210,41142291,,,39.48795526349077,9.1400000146799,10.331567585897606,10.331567585897606,395.1330255936735,197.57669086159032,189.15894198038228,197.57669086159032,15.71263212828472,8844746244.0,8996000244.0,5.9190371896180665,5.48015207564004,20.945514627942995,20.945514627942995,1.095270899903856,1.095270899903856,5.573868152866242,21.18575270886076,21.30370386052658,21.30370386052658,0.0422365989587795,0.047742918603963,0.0784080433950236,0.0296965917601309,0.3562060641742714,0.0013861095694917,47.00398494576046,1.1303684430310623,0.0057759712478643,0.1367527544890944,0.0036109940766809,0.0,0.0161363851255521,0.0,0.0,0.0,0.0037417284195395,201.57293107197003,0.0565113300590129,0.0178082638444363,-153.43279700314713,-12595517000.0,7731344000.0,-13228625000.0,-12251465000.0,0.0,226824000.0,-18475344500.0,0.0,105.8680709534368,-10171.828713968958,0.0,0.8501146680908548,-0.008847966529008,0.0462605177504607,0.0,2016-12-31,,amc,,2025-04-24,2016-12-31,,206.06571428571428,315509.5714285714
2016-09-30,EG,USD,1095073,2016-09-30,2016-09-30 00:00:00,2016,Q3,1510456000.0,129556000.0,1380900000.0,0.9142272267,0,6400000.0,0.0,6400000.0,1175100000.0,1181500000.0,1189569000.0,0.0,8893000.0,14026000.0,329780000.0,0.2183314178,329793000.0,0.2183400245,542000.0,320887000.0,0.2124437918,25493000.0,295394000.0,0.1955661072,7.11,7.06,41546273,41840510,,,36.35599275054106,7.109999975208366,6.649332901654018,6.649332901654018,390.7550022597694,193.5454475062059,185.13754531002093,193.5454475062059,15.453010670776656,7892545481.81,8089872481.81,6.679676535246146,5.22527334911444,28.56978328649255,28.569783286492555,0.9815265739790068,0.9815265739790068,5.355914029809541,24.531119175844506,29.28407624046624,29.28407624046624,0.0374269620214158,0.0350020155901143,0.0787358234428856,0.0292258506892047,0.5983595124022075,1.3503416737239202,37.0845608905881,0.9352085688944256,0.0060131424151281,0.1606633851737002,0.0042371310385737,0.0,0.0161249908946474,0.0,0.0,0.0,0.0040365293659663,175.9614527583907,0.0350002835091676,0.0138593064153611,-160.97547426215584,4550588000.0,7691775000.0,3917598000.0,4899905000.0,0.0,243521000.0,-18510811500.0,0.0,182.4661150390565,-12921.54666707833,0.0,0.4932422657255332,-0.0069651104715895,0.0367355578073226,0.0,2016-09-30,,amc,,2025-04-24,2016-09-30,,188.0359375,243337.703125
2016-06-30,EG,USD,1095073,2016-06-30,2016-06-30 00:00:00,2016,Q2,1427884000.0,167384000.0,1260500000.0,0.8827747912,0,7117000.0,0.0,7117000.0,1226883000.0,1234000000.0,1241585000.0,0.0,9073000.0,11771000.0,207144000.0,0.145070608,195373000.0,0.1368269411,-9074000.0,186299000.0,0.1304720832,30607000.0,155692000.0,0.1090368685,3.7,3.67,42078919,42422888,,,33.933476285358,3.699999992870539,7.303680971462218,7.303680971462218,386.0111758099109,189.77360136081444,182.1740477696207,189.77360136081444,15.260373014810575,7686556133.73,7890336133.73,12.34256759135023,5.383179679672859,25.010676221175213,25.010676221175213,0.9625680215273544,0.9625680215273544,5.525894353974132,38.09106772935736,25.67373982361037,25.67373982361037,0.0202551047948242,0.0399829253378344,0.0792773823650661,0.0297463487636954,0.9837600895995056,1.3786405559065067,21.533450898269592,1.9739678339285256,0.0062618419956354,0.3091488323099453,0.0049842984444114,0.0,0.0150257668682829,0.0,0.0,0.0,0.0043567964904712,125.6926898544449,0.01894583843054,0.0074272051178887,-148.86861756120683,4795104000.0,7665687000.0,4162397000.0,5114885000.0,0.0,201726000.0,-18336199500.0,0.0,120.64593987477896,-9904.663348946136,0.0,0.7459844905963098,-0.0090866288766468,0.0194969161481831,0.0,2016-06-30,,amc,,2025-04-24,2016-06-30,,183.819375,353657.40625
2016-03-31,EG,USD,1095073,2016-03-31,2016-03-31 00:00:00,2016,Q1,1242046000.0,25246000.0,1216800000.0,0.9796738607,0,7886000.0,0.0,7886000.0,1076614000.0,1084500000.0,1064979000.0,0.0,9228000.0,12354000.0,198682000.0,0.1599634796,186328000.0,0.1500169881,-9261000.0,177067000.0,0.1425607425,5381000.0,171686000.0,0.1382283748,4.03,4.0,42601985,42921500,,,29.15465089244081,4.030000010562888,8.618025662419251,8.618025662419251,374.6723304090173,184.0360020783069,175.64824737626662,184.0360020783069,15.20109919760781,8410909898.55,8720335898.55,12.247518578320308,6.771818353386268,22.90895939901129,22.90895939901129,1.0727792267297458,1.0727792267297458,7.020944392196424,43.890920659898725,23.75174903253483,23.75174903253483,0.0204122980831833,0.0436510442304576,0.0814215121132497,0.0306086243219769,1.5573932213285553,1.3791380675391824,20.191590810576507,2.138467900702445,0.0057908122411817,0.283692322029752,0.0063492012373132,0.0,0.0171335587600488,0.0,0.0,0.0,0.0064739953270651,129.17996954709886,0.0213099270663773,0.0083755319103785,-145.05223172112755,4692971000.0,7482964000.0,4055416000.0,5050306000.0,0.0,176079500.0,-18715461000.0,0.0,638.3775647627347,-65065.10892814703,0.0,0.1409823981415296,-0.0013832298367376,0.0218978893534545,0.0,2016-03-31,,amc,,2025-04-24,2016-03-31,,184.77590163934423,341380.34426229505
2015-12-31,EG,USD,1095073,2015-12-31,2015-12-31 00:00:00,2015,Q4,1561952000.0,132752000.0,1429200000.0,0.9150089119,0,5942000.0,0.0,5942000.0,1130758000.0,1136700000.0,1106425000.0,0.0,9185000.0,12131000.0,441816000.0,0.2828614452,429685000.0,0.2750948813,25842000.0,455527000.0,0.2916395638,63153000.0,357281000.0,0.2287400637,8.32,8.26,42942428,43254358,,,36.373164554179375,8.319999977644487,7.471352108921275,7.471352108921275,393.2051070796463,177.18106204893678,168.51012709388488,177.18106204893678,15.079561872933686,7862329142.52,8217039142.52,5.501502418628474,5.033656055064433,24.505604518542068,24.505604518542068,1.0333497151599147,1.0333497151599147,5.260750101488394,18.598328585927177,25.61117804786216,25.61117804786216,0.0454421321625675,0.0408069916921802,0.0839010144461815,0.0297938386109513,0.8028455284552846,0.0014362808842652,46.78116494284159,0.8176841482870935,0.0062579420306779,0.137712332869646,0.0038042142140091,0.0,0.017378323475842,0.0,0.0,0.0,0.0032568222326934,182.1216481543011,0.0501864408977735,0.0169698863256385,-151.88069943320392,-12286328000.0,7236234000.0,-13799918000.0,-11913977000.0,0.0,186307500.0,-19260822000.0,0.0,117.34535072917922,-13002.8115583946,0.0,0.7669669010382062,-0.0069215799672107,0.0469576143264483,0.0,2015-12-31,,amc,,2025-04-24,2015-12-31,,181.6721875,259505.359375
2015-09-30,EG,USD,1095073,2015-09-30,2015-09-30 00:00:00,2015,Q3,1375165000.0,0.0,1375165000.0,1.0,0,5924000.0,0.0,5924000.0,1279276000.0,1285200000.0,1273726000.0,0.0,8990000.0,13256000.0,104746000.0,0.0761697687,91490000.0,0.0665301982,-9070000.0,101439000.0,0.0737649664,-6133000.0,88553000.0,0.0643944545,2.02,2.0,43838119,44276500,,,31.369160706918105,2.019999991331745,6.945370990940556,6.945370990940556,387.27804447996505,170.77192568412892,162.44704751132227,170.77192568412892,14.766988519740092,7598899547.46,7836040547.46,21.452970389089018,5.5258093010366025,24.95763008572217,24.95763008572217,1.0150380357051263,1.0150380357051263,5.698254789396182,74.8099263691215,25.736489882353712,25.736489882353712,0.0116533978962255,0.0400679069513127,0.0852711345494181,0.0294418339447303,2.2639623470108643,1.301609898215076,10.17686318131257,2.8304019633361843,0.0054873734992243,0.4708818447709281,0.0043078466947602,0.0,0.0168315545330938,0.0,0.0,0.0,0.0042074951005879,88.09985237806605,0.011942575535484,0.0041540314271501,-157.15897846803145,4089227000.0,7121373000.0,3451236000.0,4454174000.0,0.0,179888000.0,-19337361000.0,0.0,0.0,0.0,0.0,0.0,0.0,0.011828642109875,0.0,2015-09-30,,amc,,2025-04-24,2015-09-30,,180.92484375,315352.8125
2015-06-30,EG,USD,1095073,2015-06-30,2015-06-30 00:00:00,2015,Q2,1435786000.0,152586000.0,1283200000.0,0.8937265024,0,5925000.0,0.0,5925000.0,1146875000.0,1152800000.0,1164480000.0,0.0,9026000.0,12181000.0,266107000.0,0.1853389015,253926000.0,0.1768550466,17380000.0,271306000.0,0.1889599146,35834000.0,209057000.0,0.1456045678,4.72,4.68,44291737,44670299,,,32.41656564519021,4.720000030705502,5.1462420631640615,5.1462420631640615,391.4286766400695,174.44928836274812,166.5346969797098,174.44928836274812,14.616541229800944,8061539051.37,8361004051.37,9.6403601067771,5.614721867583331,35.36755515306928,35.36755515306928,1.0433404556029495,1.0433404556029495,5.82329403641629,31.419707303340385,36.68136692479468,36.68136692479468,0.0259326412323801,0.0282745017480581,0.0826186003736154,0.0297150812441674,1.1253555900446062,1.3723287848757433,28.13272767560381,0.9679961948766732,0.0052043412222719,0.2006868940049843,0.004126659543971,0.0,0.0163176789572504,0.0,0.0,0.0,0.0036175307462254,136.11213959322765,0.0263463890280265,0.0098927497161342,-137.3943631969096,4884209000.0,7376111000.0,4245975000.0,5234760000.0,0.0,180255000.0,-19222864000.0,0.0,94.51928748377964,-11402.92202430105,0.0,0.9521866107533324,-0.0078927137981123,0.0270565737183792,0.0,2015-06-30,,amc,,2025-04-24,2015-06-30,,181.96079365079365,275496.9523809524
2015-03-31,EG,USD,1095073,2015-03-31,2015-03-31 00:00:00,2015,Q1,1464986000.0,141186000.0,1323800000.0,0.9036263828,0,5463000.0,0.0,5463000.0,1083037000.0,1088500000.0,1084749000.0,0.0,8990000.0,13333000.0,386523000.0,0.2638407466,373190000.0,0.2547396357,7047000.0,380237000.0,0.2595499206,41167000.0,322978000.0,0.2204649055,7.26,7.19,44487328,44920445,,,32.93041110493307,7.259999971227762,10.230688613170924,10.230688613170924,385.9001151968488,172.3328944368158,163.9448878566049,172.3328944368158,14.55144709972242,7740795072.0,7980585072.0,5.991735560936039,5.283869656092277,17.007652815861633,17.007652815861633,1.0096737513092455,1.0096737513092455,5.447550401164243,20.64711562313239,17.53450632777895,17.53450632777895,0.0417241377656767,0.0587970609952351,0.0832653982258176,0.0300162874559411,0.6203770538881257,1.3727118722517937,41.51167964404895,1.342306898280591,0.0054583540330157,0.1308200558551975,0.0037290458748411,0.0,0.0175461966540443,0.0,0.0,0.0,0.00352904396356,167.78134042464254,0.0400753799781287,0.0154578365489977,-134.63606984892417,4831464000.0,7293470000.0,4193807000.0,5204624000.0,0.0,170051500.0,-18881912500.0,0.0,127.65840805745611,-12183.851515022736,0.0,0.7050064415615543,-0.0073868267262638,0.0421277666980146,0.0,2015-03-31,,amc,,2025-04-24,2015-03-31,,175.6883606557377,295223.7704918033
2014-12-31,EG,USD,1095073,2014-12-31,2014-12-31 00:00:00,2014,Q4,1518433000.0,131833000.0,1386600000.0,0.9131782568,0,4619000.0,0.0,4619000.0,1136281000.0,1140900000.0,1111466000.0,0.0,9563000.0,11204000.0,410567000.0,0.2703886177,399363000.0,0.2630099583,7604000.0,406967000.0,0.2680177525,49704000.0,340123000.0,0.2239960538,7.54,7.47,45109151,45531861,,,33.6613074362672,7.540000032365938,8.598632237614048,8.598632237614048,373.18396881377794,165.17978802128198,156.34769982702622,165.17978802128198,14.363537899438631,7682088415.3,7882978415.3,5.646551699899742,5.059221194020415,19.805475486558887,19.805475486558883,1.030997811778632,1.030997811778632,5.19152205945208,19.200224117622703,20.323397405105226,20.323397405105226,0.0442748093503578,0.0504910877135293,0.0856735631690269,0.0306642999767891,0.4892989451173621,0.00136970696834,41.76126738471192,1.0856903737582675,0.0055816853024758,0.1260690985320016,0.003041951801627,0.0,0.0191378311201016,0.0,0.0,0.0,0.0042655816884907,167.3999735904996,0.0559214089135932,0.0166568426834538,-129.86273007000287,-12711565000.0,7052712000.0,-13349269000.0,-12313157000.0,0.0,177936000.0,-18982467000.0,0.0,95.46691647766494,-12732.434140162177,0.0,0.9427349632797248,-0.0070685619897385,0.045647231557135,0.0,2014-12-31,,amc,,2025-04-24,2014-12-31,,168.7690625,278077.1875
2014-09-30,EG,USD,1095073,2014-09-30,2014-09-30 00:00:00,2014,Q3,1535880000.0,134580000.0,1401300000.0,0.9123759669,0,9958000.0,0.0,9958000.0,1191542000.0,1201500000.0,1213771000.0,0.0,12424000.0,10942000.0,319166000.0,0.2078065995,308224000.0,0.200682345,13885000.0,322109000.0,0.2097227648,20856000.0,274916000.0,0.1789957549,6.05,6.0,45440661,45819333,,,33.79968438399256,6.050000020906386,7.383519355055155,7.383519355055155,375.16047576860734,162.4577380157388,153.80489293498613,162.4577380157388,19.82332519326689,7361841488.61,7848399488.61,6.69462807603959,4.793240024357371,21.942110829448723,21.942110829448723,0.9972439723634744,0.9972439723634744,5.110034305160559,24.59033696762813,23.39230635151649,23.39230635151649,0.0373433739948545,0.0455744667307891,0.1203384579664535,0.0413437052073714,1.5244668918368498,1.3315214496481804,24.808757244043782,1.113721689078615,0.0046147421202374,0.1235759286472959,0.0064835794463109,0.0,0.0182988366150603,0.0,0.0,0.0,0.0032242102247571,148.70964885914947,0.0338341663586464,0.0130328867581535,-147.76738172888815,4381719000.0,6988996000.0,3493693000.0,4774910000.0,0.0,216536000.0,-19241755000.0,0.0,144.47012929112796,-12916.399687917969,0.0,0.6229661483768533,-0.0069678859569657,0.0372404546240836,0.0,2014-09-30,,amc,,2025-04-24,2014-09-30,,161.909375,317251.59375
2014-06-30,EG,USD,1095073,2014-06-30,2014-06-30 00:00:00,2014,Q2,1452460000.0,194060000.0,1258400000.0,0.8663921898,0,3899000.0,0.0,3899000.0,1078201000.0,1082100000.0,1090675000.0,0.0,8978000.0,13496000.0,376574000.0,0.2592663481,363078000.0,0.249974526,-1293000.0,361785000.0,0.2490843121,63860000.0,290184000.0,0.199787946,6.32,6.26,45915190,46355272,,,31.6335400114864,6.319999982576572,4.864076572480697,4.864076572480697,373.1236220518743,159.486827779652,151.46950279417334,159.486827779652,19.543074960595828,7368928843.1,7915704843.1,6.348496852945028,5.073412584924887,32.994957544048184,32.994957544048184,1.0062900004615678,1.0062900004615678,5.449860817578453,21.02031697116636,35.443190019925225,35.443190019925225,0.0393794004771423,0.0303076613650738,0.1213112130383887,0.0419196358715727,1.451974910641733,1.359019952237886,40.44085542437068,0.7496349752454476,0.0046572576192176,0.1182663413558294,0.002684411274665,0.0,0.0173708561733105,0.0,0.0,0.0,0.0036772096994065,150.59557379864577,0.0353374699465101,0.0139353914444944,-137.67399198391644,4660438000.0,6954751000.0,3772662000.0,5028555000.0,0.0,166962000.0,-18660832000.0,0.0,100.65799237349276,-8890.17226630939,0.0,0.8941167797789358,-0.0101235383639379,0.0396270969243198,0.0,2014-06-30,,amc,,2025-04-24,2014-06-30,,158.2584126984127,329090.14285714284
2014-03-31,EG,USD,1095073,2014-03-31,2014-03-31 00:00:00,2014,Q1,1283816000.0,142616000.0,1141200000.0,0.8889124298,0,4945000.0,0.0,4945000.0,916055000.0,921000000.0,928562000.0,0.0,7568000.0,13572000.0,368240000.0,0.286832381,354668000.0,0.2762607726,586000.0,355254000.0,0.2767172243,53232000.0,293933000.0,0.2289525913,6.26,6.21,46954153,47332206,,,27.34190519846029,6.260000047280163,7.818200873520176,7.818200873520176,347.587656410286,149.88048022078047,141.8855963603475,149.88048022078047,10.561366105358136,7186333116.650001,7289261116.650001,6.112220401120324,5.597634798639369,19.576115077622536,19.576115077622536,1.0211469817453926,1.0211469817453926,5.677808281443759,19.79486507888877,19.85649873643751,19.85649873643751,0.040901666431102,0.0510826584352837,0.0693898737778171,0.024280151617945,0.2795133608516185,1.3352232462064035,46.86416490486258,1.215464436365563,0.0048344544340014,0.1181970040791609,0.0038517980769829,0.0,0.018664758722171,0.0,0.0,0.0,0.003448313465481,145.29509901762114,0.0400696089650104,0.0148924846843507,-124.17300978680204,4219455000.0,6662118000.0,3731571000.0,4594848000.0,0.0,116635000.0,-17827781500.0,0.0,73.76079822740786,-11455.397220508215,0.0,1.2201603312714424,-0.0078565586393526,0.0417666132244766,0.0,2014-03-31,,amc,,2025-04-24,2014-03-31,,147.71639344262297,431973.7868852459
2013-12-31,EG,USD,1095073,2013-12-31,2013-12-31 00:00:00,2013,Q4,1517122000.0,231822000.0,1285300000.0,0.8471962044,0,8174000.0,0.0,8174000.0,1050026000.0,1058200000.0,1065004000.0,0.0,7638000.0,16181000.0,473819000.0,0.3123143689,457638000.0,0.3016487797,-5520000.0,452118000.0,0.2980103116,85370000.0,364638000.0,0.240348502,7.62,7.54,47852756,48360477,,,31.703962881469145,7.619999984953845,5.7112071037246,5.7112071037246,336.19873430069526,145.61911543819963,138.01827840386036,145.61911543819963,17.315366329161897,7458809077.72,7668377077.72,5.113845154454555,4.91642008864152,27.291953726971027,27.291953726971027,1.0703951849381397,1.0703951849381397,5.054555321009121,16.184190751573915,28.05876785226329,28.05876785226329,0.04888689282706,0.0366408359769333,0.1178124976680028,0.0414453002811586,0.4422954756985262,0.0013435880829015,59.9159465828751,0.7451901578195382,0.0048212790574594,0.0986210981850492,0.0053878330154068,0.0,0.0183622949796739,0.0,0.0,0.0,0.0110445962816437,158.00758618680828,0.0688890444354311,0.0187529362695471,-115.00418074143944,-12335404000.0,6604555000.0,-12823164000.0,-11971683000.0,0.0,170630000.0,-17524317500.0,0.0,45.18479695628543,-6795.2038201723735,0.0,1.991820392311856,-0.013244635831647,0.0523282946886719,0.0,2013-12-31,,amc,,2025-04-24,2013-12-31,,152.70421875,310589.25
2013-09-30,EG,USD,1095073,2013-09-30,2013-09-30 00:00:00,2013,Q3,1401498000.0,178498000.0,1223000000.0,0.8726377062,0,4758000.0,0.0,4758000.0,1078542000.0,1083300000.0,1090944000.0,0.0,7637000.0,14773000.0,329210000.0,0.2348986584,314437000.0,0.2243577943,-7637000.0,310554000.0,0.2215871874,72027000.0,234759000.0,0.1675057688,4.85,4.81,48403918,48806445,,,28.95422639134295,4.849999952483185,7.858537401868998,7.858537401868998,324.8506660142677,138.7790550343466,131.469419479638,138.7790550343466,22.54457996561353,7038413716.38,7532488716.38,7.495360898176428,5.022064759550139,18.50344314266636,18.50344314266636,1.047780588821651,1.047780588821651,5.374598262987175,22.88049790826524,19.80232795380458,19.80232795380458,0.0333539643248964,0.0540439956115053,0.1613125516378983,0.0541049195323328,1.5007897694480727,1.2671857744501638,41.17284273929553,1.594720933059989,0.0032925032448815,0.0987140003152168,0.0033949388440083,0.0,0.0176660881409552,0.0,0.0,0.0,0.003512670014513,123.06203408139513,0.0335150448479767,0.0119323852342965,-131.3777843355573,3425856000.0,6363635000.0,2937386000.0,3779671000.0,0.0,208402000.0,-17387770000.0,0.0,113.38261493125974,-8846.594415623706,0.0,0.7937724849137069,-0.0101734063721802,0.0349476363798762,0.0,2013-09-30,,amc,,2025-04-24,2013-09-30,,135.52421875,376254.125
2013-06-30,EG,USD,1095073,2013-06-30,2013-06-30 00:00:00,2013,Q2,1354543000.0,194743000.0,1159800000.0,0.8562297395,0,6168000.0,0.0,6168000.0,1008532000.0,1014700000.0,1032088000.0,0.0,17362000.0,16900000.0,356662000.0,0.2633079939,339762000.0,0.2508314612,-17307000.0,322455000.0,0.2380544582,46813000.0,275642000.0,0.2034944627,5.6,5.56,49221786,49575899,,,27.51917616317295,5.599999967494068,3.457310549438413,3.457310549438413,314.92554943049,134.55017662300995,127.9615087514297,134.55017662300995,11.085599372603015,6352563701.16,6441718701.16,5.761607176301145,4.689820626705833,37.32959424803879,37.32959424803878,0.959196065283566,0.959196065283566,4.755639873492388,18.061129868502952,37.85349611376524,37.85349611376524,0.0433906707538669,0.0267883972527383,0.0797685269070483,0.0270100569311962,0.249970560362472,1.2917393617021276,19.56928925239028,0.6173768874119329,0.0036701717758048,0.0845843521669411,0.0045535652984069,0.0,0.0165808683531018,0.0,0.0,0.0,0.0033598047459549,130.2049237014157,0.0406147985344249,0.0143304235637785,-122.91397756269956,3619902000.0,6298494000.0,3091654000.0,3944208000.0,0.0,178647500.0,-17369198000.0,0.0,88.70044109416,-7962.79809800609,0.0,1.0146510985718826,-0.011302559589265,0.0416201606571238,0.0,2013-06-30,,amc,,2025-04-24,2013-06-30,,129.33421875,398684.796875
2013-03-31,EG,USD,1095073,2013-03-31,2013-03-31 00:00:00,2013,Q1,1367673000.0,287773000.0,1079900000.0,0.7895893243,0,5717000.0,0.0,5717000.0,878783000.0,884500000.0,897834000.0,0.0,13481000.0,18607000.0,501888000.0,0.3669649105,483281000.0,0.3533600502,-13442000.0,469839000.0,0.3435316775,85496000.0,384343000.0,0.2810196589,7.56,7.5,50839021,51245733,,,26.902032594215378,7.560000024390714,4.438952512480522,4.438952512480522,315.2287295225453,134.0872791393839,128.04682057115144,134.0872791393839,23.0415727320949,6585686780.339999,7219480780.339999,4.283730144909624,4.815249537235874,29.182560443209617,29.18256044320961,0.9660871697257948,0.9660871697257948,5.278660016202703,14.384645140628985,31.991034689017685,31.991034689017685,0.0583603522031088,0.0342670411647407,0.1698625145338048,0.0584751968619847,1.2628195932160162,1.36123892496096,35.84904680661672,0.5871630288570365,0.00367934291566,0.0630452486450904,0.00418009275609,0.0,0.0155080243879541,0.0,0.0,0.0,0.0041047823566013,151.0239923164366,0.0517798266544657,0.0197149727776073,-112.3839009409721,4395194000.0,6509775000.0,3576989000.0,4702285000.0,982691000.0,164071000.0,-17424196500.0,0.0,51.717013062379024,-5475.692472886615,0.0,1.7402397136015093,-0.0164362773193788,0.0563811874841019,0.0,2013-03-31,,amc,,2025-04-24,2013-03-31,,120.7965,338569.5833333333
2012-12-31,EG,USD,1095073,2012-12-31,2012-12-31 00:00:00,2012,Q4,1272650000.0,165650000.0,1107000000.0,0.8698385259,0,7293000.0,0.0,7293000.0,1937781000.0,1220700000.0,1234552000.0,0.0,13930000.0,16049000.0,68079000.0,0.0534938907,52030000.0,0.0408831965,-13932000.0,38098000.0,0.0299359604,-20679000.0,58777000.0,0.0461847326,1.14,1.13,51558772,52015044,,,24.683481600376364,1.1399999984483726,3.578013844084572,3.578013844084572,309.9299184239687,130.59789321592066,130.59789321592066,130.59789321592066,16.13868926125704,5668886981.400001,5949997981.400001,24.111842138081222,4.454395930852945,30.7293388989473,30.729338898947304,0.8418971952190454,0.8418971952190454,4.675282270380702,87.39843389885282,32.25315745725778,32.25315745725778,0.0103683492355468,0.0325421904873539,0.1215066473185359,0.0413674207285937,4.129188149062119,0.0013557991166366,3.735104091888011,3.138608639433792,0.0043632903744874,0.4208278748490056,0.0057305622127057,0.0,0.0,0.0,0.0,0.0,0.0071960083290771,57.877767375988,0.0139550801297686,0.0029718513693081,-82.63950700765332,-12209424000.0,6733467000.0,-13027864000.0,-12209424000.0,1916619500.0,195709500.0,-9759175500.0,138.98902290496207,88.4396015695744,-9421.061998188952,0.6475331513161309,1.0176436619199154,-0.0095530631278406,0.0087290841404584,0.0,2012-12-31,,amc,,2025-04-24,2012-12-31,,108.15548387096774,326891.7419354839
2012-09-30,EG,USD,1095073,2012-09-30,2012-09-30 00:00:00,2012,Q3,1218981000.0,215481000.0,1003500000.0,0.8232285819,0,5947000.0,221082000.0,227029000.0,662971000.0,890000000.0,899776000.0,0.0,13331000.0,14829000.0,347360000.0,0.2849593226,332531000.0,0.2727942437,-13326000.0,319205000.0,0.2618621619,68283000.0,250922000.0,0.2058457023,4.84,4.82,51843388,52058506,,,23.51275730667911,4.8400000401208345,3.3741236201615528,3.3741236201615528,28.009704921291025,130.88210978804085,130.88210978804085,130.88210978804085,9.674927109316236,5614638920.4,5624330920.4,5.594008218091678,4.606010200651199,32.097223513943035,32.097223513943035,0.8274622114159695,0.8274622114159695,4.613961103905639,16.191648204744357,32.15262980002972,32.15262980002972,0.044690674424015,0.0311553427531076,0.0719562612042493,0.0248252533510532,0.027901888530631,1.3705203083554376,24.944190233290826,0.6971329735933876,0.0044343011817804,0.0992220690094929,0.004878665048922,0.0,0.0,0.0,0.0,0.0,0.0077540174949404,119.38618795349564,0.0343808178027648,0.0127582226755821,-214.45881874078137,4469957000.0,6785372000.0,3651856000.0,4469957000.0,1439730000.0,153503500.0,-2048708500.0,137.90791653028225,95.49654029821654,-909.8373870550072,0.6526093806967022,0.9424425190582616,-0.098918775245448,0.0369798442885666,0.0,2012-09-30,,amc,,2025-04-24,2012-09-30,,105.08650793650791,287783.2380952381
2012-06-30,EG,USD,1095073,2012-06-30,2012-06-30 00:00:00,2012,Q2,1182055000.0,116455000.0,1065600000.0,0.9014808956,0,6075000.0,265789000.0,271864000.0,658036000.0,929900000.0,942653000.0,0.0,13244000.0,16200000.0,268944000.0,0.227522408,252744000.0,0.213817462,-13342000.0,239402000.0,0.2025303391,24851000.0,214551000.0,0.1815067827,4.1,4.08,52329512,52586029,,,22.58868762238792,4.1000000152877405,2.65188790600608,2.65188790600608,25.730241856641047,122.63349598979634,122.63349598979634,122.63349598979634,9.583139242727889,5415581196.88,5504967196.88,6.310365830128967,4.581496797424824,39.02502808116911,39.02502808116911,0.8438966790004162,0.8438966790004162,4.6571159522018855,20.46882323784877,39.669149373648864,39.669149373648864,0.0396173544814739,0.025624581176984,0.0760807691522561,0.0258282027784532,0.3323591528347909,1.3738274768597871,19.08366052552099,0.6468019258824242,0.0046401298561412,0.1171236675662196,0.0051393547677561,0.0,0.0,0.0,0.0,0.0,0.0064734720465629,106.36230557505544,0.0313072620089262,0.011349952449978,-216.70895287538704,4361819000.0,6417351000.0,3543919000.0,4361819000.0,1050800500.0,64057000.0,-1953832500.0,77.022025201873,60.56365119574084,-1483.1038598600317,1.1684969301198198,1.486039864226833,-0.060683545121711,0.0334329538776981,0.0,2012-06-30,,amc,,2025-04-24,2012-06-30,,99.58269841269842,478613.9682539682
2012-03-31,EG,USD,1095073,2012-03-31,2012-03-31 00:00:00,2012,Q1,1249124000.0,257324000.0,991800000.0,0.7939964327,0,4661000.0,237503000.0,242164000.0,656836000.0,899000000.0,906303000.0,0.0,13178000.0,14766000.0,370744000.0,0.2968031997,355978000.0,0.2849821155,-13157000.0,342821000.0,0.274449134,38117000.0,304704000.0,0.2439341491,5.7,5.68,53456842,53645070,,,23.366962081299157,5.700000011224008,3.10040761480074,3.10040761480074,26.481418412258623,118.43194927227464,118.43194927227464,118.43194927227464,9.37958512401462,4945827021.84,4962005021.84,4.057894728851607,3.9594363904944574,29.8412375064258,29.84123750642581,0.7812081162938291,0.7812081162938291,3.972387866889116,13.38391186867488,29.938849399896224,29.938849399896224,0.0616083010292262,0.0335106746087412,0.0771165936239436,0.0254742922140941,0.0436365794186824,1.341291444740346,27.01305205645773,0.5439311594202898,0.0051843705586089,0.0841505198487712,0.0037314149756149,0.0,0.0,0.0,0.0,0.0,0.0045808102318104,123.24324534869262,0.04425767545046,0.0158986506934371,-216.9150957327408,4100958000.0,6330998000.0,3282556000.0,4100958000.0,1394754000.0,55261500.0,-1875382500.0,78.53489325319184,17.399542988605806,-695.5238920582611,1.1459874238301355,5.172549650237196,-0.1293988618186261,0.0481289047951049,0.0,2012-03-31,,amc,,2025-04-24,2012-03-31,,88.69870967741934,326333.8064516129
2011-12-31,EG,USD,1095073,2011-12-31,2011-12-31 00:00:00,2011,Q4,1285931000.0,271531000.0,1014400000.0,0.7888448136,0,4539000.0,248721000.0,253260000.0,1062440000.0,1315700000.0,1328421000.0,0.0,13120000.0,13488000.0,-15892000.0,-0.0123583614,-29380000.0,-0.0228472601,-13110000.0,-42490000.0,-0.0330422083,-83532000.0,41042000.0,0.0319161759,0.77,0.77,53342000,53400000,,,24.107288815567472,0.769412470473548,2.115856173371827,2.115856173371827,21.258726706910128,113.81978553485058,113.81978553485058,113.81978553485058,9.39844775224026,4485528780.0,4525089780.0,27.322796038204768,3.488156658483231,39.742776970513184,39.742776970513184,0.7387994943484796,0.7387994943484796,3.518921139625688,-284.7401069720614,40.09329617947264,40.09329617947264,0.0091498688366458,0.0251618048920421,0.0804120977538037,0.0258401343738645,-2.4893657186005536,0.0013159780073308,-2.239329268292683,2.749963452073486,0.0057487090741618,0.6282832220652015,0.0035297383763203,0.0,0.0,0.0,0.0,0.0,0.0036860453632426,44.389448672918014,0.0052787459578536,0.0021722751488536,-211.74012035544223,-11988203000.0,6071375000.0,-12806383000.0,-11988203000.0,1427915500.0,46462500.0,-1803026000.0,118.9456510497064,20.144108775793555,-584.0727578066593,0.7566480926855388,4.467807486631016,-0.1540903916456791,0.0067599184698688,0.0,2011-12-31,,amc,,2025-04-24,2011-12-31,,84.45603174603174,460633.0
2011-09-30,EG,USD,1095073,2011-09-30,2011-09-30 00:00:00,2011,Q3,1024794000.0,0.0,1024794000.0,1.0,0,4204000.0,227969000.0,232173000.0,771227000.0,1003400000.0,1015406000.0,0.0,13085000.0,8814000.0,31299000.0,0.0305417479,22485000.0,0.021940995,-13097000.0,9388000.0,0.0091608655,-53666000.0,63054000.0,0.0615284633,1.16,1.16,54356897,54356897,,,18.85306293330173,1.1599999904335967,3.824905604894996,3.824905604894996,23.521890883506465,112.0711691839216,112.0711691839216,112.0711691839216,9.22210478644504,4314850483.86,4359344483.86,17.10775876177562,4.210456427203906,20.75345333971429,20.75345333971429,0.7082999185073937,0.7082999185073937,4.253873933551523,139.28063145340104,20.96745940002885,20.96745940002885,0.0146132525879767,0.0481847518883219,0.0801399773894295,0.0260573620641102,1.4215789641841592,1.328760104853712,1.7183798242262132,3.2973324452056967,0.0060108687652134,0.4113299711358518,0.0041022878744411,0.0,0.0,0.0,0.0,0.0,0.0051668920778224,54.083800639171976,0.0218551809219146,0.003365466832426,-210.0906946546268,3887917000.0,6091841000.0,3070170000.0,3887917000.0,1161346000.0,26143000.0,-1817736500.0,101.55103367115731,0.0,0.0,0.8862539035440851,0.0,0.0,0.0103505656171919,0.0,2011-09-30,,amc,,2025-04-24,2011-09-30,,80.00328125,426906.046875
2011-06-30,EG,USD,1095073,2011-06-30,2011-06-30 00:00:00,2011,Q2,1176791000.0,150391000.0,1026400000.0,0.8722024557,0,3790000.0,237374000.0,241164000.0,781736000.0,1022900000.0,1035966000.0,0.0,13116000.0,12818000.0,166734000.0,0.141685312,153916000.0,0.1307929785,-13091000.0,140825000.0,0.1196686582,9513000.0,131312000.0,0.1115848099,2.42,2.41,54261157,54486307,,,21.6875397625598,2.4200000011057634,2.7762032424041383,2.7762032424041383,22.04530950197026,113.38788813515347,113.38788813515347,113.38788813515347,9.23870827155418,4435849584.75,4512513584.75,8.445247930025435,3.769445538545077,29.446691348579392,29.4466913485794,0.7209764759226975,0.7209764759226975,3.83459219585296,27.06414759287248,29.955613281664892,29.955613281664892,0.0296024464967065,0.0339596726899588,0.0793469968101072,0.025688756691581,0.4597982415104298,1.3160989778110197,11.734980176883196,1.1471914219568662,0.005879595216588,0.1986185573291093,0.0032206228633631,0.0,0.0,0.0,0.0,0.0,0.0035792251980173,78.57461747778451,0.0204705003187529,0.0069097333986461,-215.18457945893044,3803619000.0,6152558000.0,2985260000.0,3803619000.0,1171548500.0,23477000.0,-1707526500.0,89.20308703924486,12.05018917355427,-1072.1502616512958,1.008933692624388,7.468762415574096,-0.0839434575722478,0.0213426675538857,0.0,2011-06-30,,amc,,2025-04-24,2011-06-30,,88.06857142857142,382215.38095238095
2011-03-31,EG,USD,1095073,2011-03-31,2011-03-31 00:00:00,2011,Q1,1206445000.0,198345000.0,1008100000.0,0.8355954892,0,3928000.0,236457000.0,240385000.0,1309515000.0,1549900000.0,1548115000.0,0.0,12998000.0,12752000.0,-315950000.0,-0.2618851253,-328702000.0,-0.2724550228,-12968000.0,-341670000.0,-0.2832039587,-25776000.0,-315894000.0,-0.2618387079,-5.81,-5.81,54370740,54370740,,,22.189232664480933,-5.810000011035347,3.459691738607935,3.459691738607935,17.247365034943428,108.77486677576948,108.77486677576948,108.77486677576948,9.953405085161616,4794411853.200001,5038440853.200001,-3.7943201304868097,3.9739995219011233,25.48781991643009,25.4878199164301,0.8106652080004464,0.8106652080004464,4.176270657344513,-15.946956332331068,26.78511505853083,26.78511505853083,-0.065887956577856,0.0392344266115665,0.0893068680812354,0.0281057791662325,-0.7723658806773224,1.2741141791044777,-25.288659793814432,-0.5954718988014968,0.0054323660122391,-0.0824485428656448,0.003255846723224,0.0,0.0,0.0,0.0,0.0,0.0028563258167591,,-0.0448765980033687,-0.0168096373253193,-218.3105563764628,3305817000.0,5914170000.0,2487553000.0,3305817000.0,1084773000.0,37168500.0,-1626992500.0,87.78298223292401,12.16879679346593,-736.6609695228011,1.0252556669946955,7.395965396375568,-0.1221728905473311,-0.053413074023912,0.0,2011-03-31,,amc,,2025-04-24,2011-03-31,,85.12870967741937,387915.0483870968
2010-12-31,EG,USD,1095073,2010-12-31,2010-12-31 00:00:00,2010,Q4,1258374000.0,236174000.0,1022200000.0,0.8123181185,0,2535000.0,245227000.0,247762000.0,761438000.0,1009200000.0,1022147000.0,0.0,13034000.0,9906000.0,259140000.0,0.2059324175,249234000.0,0.1980603541,-13007000.0,236227000.0,0.1877239994,-66306000.0,302533000.0,0.2404158064,5.51,5.51,54413000,54900000,,,23.126348482899303,5.559939720287431,2.349842868432176,2.349842868432176,19.180839137706062,115.47823130501902,115.47823130501902,115.47823130501902,16.19271130060831,4615310660.0,5224962660.0,3.813890269821804,3.6676780194123526,36.09603056420202,36.09603056420203,0.7345107302168514,0.7345107302168514,4.152154017803928,20.16270224589025,40.864077364658776,40.864077364658776,0.0655498670158857,0.0277038772510277,0.1381487469517469,0.047156745303434,2.352597051786679,0.0013590129134972,19.121835200245517,0.4226381915361299,0.0056470738201618,0.0861492795827232,0.0020145044319097,0.0,0.0,0.0,0.0,0.0,0.002270390201959,120.19222151986202,0.0461997728419152,0.0164348911675273,-204.9400970356349,-11290635000.0,6283517000.0,-12109089000.0,-11290635000.0,995269000.0,55657500.0,-1460697000.0,71.00734757711142,18.108301506516383,-621.3454063529432,1.2674744666706956,4.9700961720574925,-0.1448469709115017,0.0481470806874557,0.0,2010-12-31,,amc,,2025-04-24,2010-12-31,,85.13296875,371360.09375
2010-09-30,EG,USD,1095073,2010-09-30,2010-09-30 00:00:00,2010,Q3,1178090000.0,179090000.0,999000000.0,0.8479827517,0,3917000.0,237473000.0,241390000.0,722010000.0,963400000.0,973652000.0,0.0,13138000.0,14850000.0,232388000.0,0.197258274,217538000.0,0.184653125,-13100000.0,204438000.0,0.1735334312,30238000.0,174200000.0,0.1478664618,3.12,3.11,55833333,56012862,,,21.100119528955936,3.120000018626866,5.333211972138579,5.333211972138579,14.170191129374276,112.506627537353,112.506627537353,112.506627537353,16.37348069476705,4827908304.51,5527956304.51,6.928685856070608,4.0980810502678064,16.213493941686732,16.213493941686732,0.7685769442452743,0.7685769442452743,4.692303902511693,23.787615128621105,18.56445491505217,18.56445491505217,0.0360818783234285,0.061677020609906,0.1434419783431662,0.0485742492241607,3.01241027936038,1.3526193013100436,16.557923580453647,1.709362801377727,0.0055042470411411,0.152548794489093,0.0033248733118861,0.0,0.0,0.0,0.0,0.0,0.0040735427683793,88.87049735583915,0.0261073811558144,0.0093908806354919,-203.71839524608,4037491000.0,6281620000.0,3219200000.0,4037491000.0,1030906500.0,57309000.0,-1320683000.0,76.22050946871632,32.060081523256464,-648.7231559551063,1.1807845503438847,2.8072292933726253,-0.1387340642519446,0.0277316997844505,0.0,2010-09-30,,amc,,2025-04-24,2010-09-30,,78.72921875,370929.640625
2010-06-30,EG,USD,1095073,2010-06-30,2010-06-30 00:00:00,2010,Q2,1099431000.0,101731000.0,997700000.0,0.9074694092,0,3887000.0,236493000.0,240380000.0,685720000.0,926100000.0,939091000.0,0.0,13016000.0,10454000.0,183870000.0,0.1672410547,173416000.0,0.1577324998,-13076000.0,160340000.0,0.1458390749,3667000.0,156673000.0,0.1425037133,2.7,2.7,58027037,58027037,,,18.946874712903227,2.7000000017233345,3.817358449648222,3.817358449648222,9.88132480381516,104.01356526268953,104.01356526268953,104.01356526268953,16.61384157871097,4103672056.64,4863255056.639999,6.548148143968648,3.7325417026079855,18.52589976362241,18.52589976362241,0.6799113156192119,0.6799113156192119,4.423429079805826,26.449421094468917,21.95501357338269,21.95501357338269,0.0381787330560426,0.0539784848649352,0.1575711043758871,0.0522349907804062,4.131087181160603,1.330231304501013,13.323294406883836,1.4138364619302624,0.0067149615319315,0.1758822515685536,0.0035354651633435,0.0,0.0,0.0,0.0,0.0,0.0032644158660252,79.49103153023943,0.0242521754553383,0.0086051555467286,-197.75369971070555,3749116000.0,6035599000.0,2930839000.0,3749116000.0,1097204500.0,46754500.0,-1462207500.0,87.10737645200108,44.96151615535087,-1194.7499778828478,1.0332075613549545,2.0017118570697727,-0.0753295682494877,0.0259581526208086,0.0,2010-06-30,,amc,,2025-04-24,2010-06-30,,76.16857142857143,527357.6031746032
2010-03-31,EG,USD,1095073,2010-03-31,2010-03-31 00:00:00,2010,Q1,1169912000.0,237312000.0,932600000.0,0.797153974,0,217200000.0,212662000.0,212662000.0,950338000.0,1163000000.0,1179679000.0,0.0,16642000.0,10885000.0,17727000.0,0.0151524217,6842000.0,0.0058483031,-16609000.0,-9767000.0,-0.0083484912,12885000.0,-22652000.0,-0.0193621401,-0.38,-0.38,59610526,59610526,,,19.625929823199343,-0.3800000020130673,4.551746448269891,4.551746448269891,13.531536359870405,101.27330532194937,101.27330532194937,101.27330532194937,14.002023736546128,4824279869.18,5428146869.18,-53.24342077057214,4.1236262805920445,17.779988608715524,17.779988608715524,0.7991247026323701,0.7991247026323701,4.639790744244012,306.20786761324536,20.00555359920688,20.00555359920688,-0.0046954158162988,0.0562430056625465,0.1355030806093469,0.0450452737418354,34.064816381790486,1.330772932330827,0.411128470135801,-11.978280063570546,0.0058628439408527,-1.2486314674200951,0.1856549894351028,0.0,0.0,0.0,0.0,0.0,0.0030267233774848,,0.0008735577525556,-0.0012473509898219,-188.82135849631652,3739388000.0,6036955000.0,2921258000.0,3739388000.0,1127032000.0,47850500.0,-1612707500.0,86.95377088191249,16.1889411407767,-596.9114077669902,1.0350327431138604,5.559350621969218,-0.1507761433755883,-0.0037522227679351,0.0,2010-03-31,,amc,,2025-04-24,2010-03-31,,83.4867213114754,482488.8032786885
2009-12-31,EG,USD,1095073,2009-12-31,2009-12-31 00:00:00,2009,Q4,1181456000.0,158456000.0,1023000000.0,0.8658807438,0,248900000.0,243824000.0,243824000.0,700476000.0,944300000.0,961768000.0,0.0,17447000.0,19379000.0,256526000.0,0.2171270026,237147000.0,0.2007243605,-17459000.0,219688000.0,0.1859468317,22461000.0,197227000.0,0.1669355439,3.29,3.29,59746000,60000000,,,19.77464600140595,3.3010912864459545,3.1143172764703912,3.1143172764703912,15.410722056706724,102.12770729421216,102.12770729421216,102.12770729421216,17.330549325477858,5119037280.0,5889423280.0,6.488763303198852,4.332820926043797,27.51164778468087,27.511647784680868,0.8389496079959069,0.8389496079959069,4.984885835782289,22.9583873759385,31.6519943246555,31.6519943246555,0.0385281429323757,0.0363482408551633,0.1668355261023035,0.056550544760293,3.003149778190125,0.001370887704466,13.592422766091593,0.9434205255872674,0.0056002717761024,0.145355351954854,0.2106722552511477,0.0,0.0,0.0,0.0,0.0,0.0025874852724096,87.09471800692967,0.0620186899935764,0.0109562569661589,-183.4731697519499,-10867082000.0,6101722000.0,-11884672000.0,-10867082000.0,1073843500.0,52345000.0,-1852948500.0,85.60411898538753,30.11094562528399,-938.0087216640582,1.0513512791991102,2.988946316067454,-0.0959479351538832,0.0323231704099269,0.0,2009-12-31,,amc,,2025-04-24,2009-12-31,,87.4084375,386438.375
2009-09-30,EG,USD,1095073,2009-09-30,2009-09-30 00:00:00,2009,Q3,1156508000.0,194308000.0,962200000.0,0.8319873274,0,233700000.0,229257000.0,229257000.0,636143000.0,865400000.0,882817000.0,0.0,17376000.0,5912000.0,296988000.0,0.256797186,291076000.0,0.2516852456,-17385000.0,273691000.0,0.2366529241,45073000.0,228618000.0,0.1976795664,3.76,3.75,60802660,60964800,,,19.02068100310085,3.7599999736853618,5.176467608489497,5.176467608489497,26.40478229077478,100.07706899665244,100.07706899665244,100.07706899665244,17.02738005212272,5332393282.0,6085327282.0,5.831117062086101,4.610770770284339,16.94205520694662,16.94205520694662,0.8763246254037831,0.8763246254037831,5.261811662349071,20.490145332471347,19.334273620064625,19.334273620064625,0.0428734318550212,0.0590247161743386,0.1672871043189823,0.0561498218506581,2.535233746818053,1.3706737710865229,16.751611418047883,1.3767201182759012,0.0054572118861205,0.1272865653623074,0.2020738291477447,0.0,0.0,0.0,0.0,0.0,0.0030557505871122,92.013694512628,0.013115760327475,0.0126106996837258,-175.9415500900783,4087049000.0,6084952000.0,3069110000.0,4087049000.0,1048684000.0,47979000.0,-1836601500.0,79.68326202672182,23.935401527471846,-951.5697758198324,1.1294718327397095,3.760120752380215,-0.0945805576080427,0.037571044110126,0.0,2009-09-30,,amc,,2025-04-24,2009-09-30,,81.57828125,459824.8125
2009-06-30,EG,USD,1095073,2009-06-30,2009-06-30 00:00:00,2009,Q2,1171319000.0,212019000.0,959300000.0,0.8189912398,0,233600000.0,229214000.0,229214000.0,625286000.0,854500000.0,858452000.0,0.0,17116000.0,4391000.0,334407000.0,0.2854960946,330016000.0,0.2817473293,-17149000.0,312867000.0,0.2671065696,40279000.0,272588000.0,0.2327188409,4.44,4.43,61393694,61532280,,,19.078816140302617,4.439999977847887,1.6845541172355585,1.6845541172355585,25.72501990188113,90.32548196236571,90.32548196236571,90.32548196236571,16.85844152006882,4393946679.58,4939832679.58,4.029842362448091,3.7512809743374778,42.48602004989315,42.48602004989315,0.7923566909924684,0.7923566909924684,4.217324810388972,14.771917691854537,47.76430975894644,47.76430975894644,0.0620371661009904,0.0235371540762268,0.1835545220691327,0.0587458774445682,1.632400039472858,1.319890839836492,19.28114045337696,0.3794040823513874,0.0067249336768976,0.1084016904632632,0.1994332884551518,0.0,0.0,0.0,0.0,0.0,0.0030905329803409,94.9921870630426,0.0170174163226867,0.0157320380090304,-166.24647557451095,3443305000.0,5545415000.0,2425785000.0,3443305000.0,1036462000.0,46963000.0,-1854791000.0,82.47863306238523,18.797277602479024,-687.1584622132923,1.091191702121515,4.787927374553995,-0.1309741565433334,0.0491555636503309,0.0,2009-06-30,,amc,,2025-04-24,2009-06-30,,71.43396825396826,742940.6825396825
2009-03-31,EG,USD,1095073,2009-03-31,2009-03-31 00:00:00,2009,Q1,989295000.0,62195000.0,927100000.0,0.937131998,0,229800000.0,226038000.0,226038000.0,531762000.0,757800000.0,856220000.0,0.0,20142000.0,2490000.0,155732000.0,0.1574171506,153242000.0,0.1549002067,-20167000.0,133075000.0,0.1345149829,24519000.0,108556000.0,0.1097306668,1.77,1.76,61294000,61432000,,,16.140160537736158,1.7710705778705909,2.9449211994648743,2.9449211994648743,26.76124906189839,82.22426338630208,82.22426338630208,82.22426338630208,16.934447091069273,4339615200.0,4890205200.0,9.99395519363278,4.38657346898549,24.04139031389538,24.041390313895384,0.8610597053009869,0.8610597053009869,4.943121313662759,31.40141525184291,27.091649031057138,27.091649031057138,0.0250151211563642,0.0415949321958315,0.2019578344928246,0.0608573013538898,3.535496879254103,1.2750616855723258,7.608082613444544,1.6627915545893364,0.0068070551508806,0.272117616713954,0.2322866283565569,0.0,0.0,0.0,0.0,0.0,0.0031699341450224,57.24126053457976,0.0078840782610771,0.0064906450788562,-168.70517097921493,2934083000.0,5039854000.0,1915943000.0,2934083000.0,969949000.0,50391000.0,-2444347500.0,90.92775158067109,71.83792909397862,-3025.512179435646,0.9897968269912846,1.252820078962211,-0.0297470294820587,0.0215395128509675,0.0,2009-03-31,,amc,,2025-04-24,2009-03-31,,67.89918032786886,895595.524590164
2008-12-31,EG,USD,1095073,2008-12-31,2008-12-31 00:00:00,2008,Q4,722781000.0,0.0,722781000.0,1.0,0,240800000.0,240789000.0,240789000.0,517211000.0,758000000.0,777838000.0,0.0,19795000.0,5875000.0,-29430000.0,-0.0407177278,-35305000.0,-0.0488460543,-19752000.0,-55057000.0,-0.0761738341,-38466000.0,-16591000.0,-0.0229543942,-0.27,-0.27,61269000,61300000,,,11.796846692454585,-0.2707894693890875,0.9027077314792146,0.9027077314792146,34.201521160782775,80.96027354779741,80.96027354779741,80.96027354779741,19.567546393771728,4665021660.0,5638416660.0,-70.29446175637393,6.454267143159546,84.34623671078326,84.34623671078324,0.9404612492452658,0.9404612492452658,7.801002876389944,-191.58738226299693,101.94577023215447,101.94577023215447,-0.0035564679457458,0.0118558935051118,0.237702543467151,0.0699897724109152,-33.07492354740061,0.0012808443074624,-1.783531194746148,-3.333614610330902,0.0063200135280829,-1.777047796998373,0.3331576231251236,0.0,0.0,0.0,0.0,0.0,0.0038656245806129,,-0.0041268887030317,-0.0009848283836669,-171.12058708319051,-10693286000.0,4960355000.0,-11872521000.0,-10693286000.0,973784000.0,50624000.0,-2475208000.0,117.09833268998491,0.0,0.0,0.7685848118629739,0.0,0.0,-0.0033447202871568,0.0,2008-12-31,,amc,,2025-04-24,2008-12-31,,72.48421875,757439.25
2008-09-30,EG,USD,1095073,2008-09-30,2008-09-30 00:00:00,2008,Q3,809672000.0,0.0,809672000.0,1.0,0,218000000.0,218045000.0,218045000.0,853955000.0,1072000000.0,1091843000.0,0.0,19795000.0,4905000000.0,4642695000.0,5.7340441562,-262305000.0,-0.323964519,-19866000.0,-282171000.0,-0.3485003804,-49044000.0,-233127000.0,-0.2879277041,-3.8,-3.78,61396000,61634000,,,13.187699524398983,-3.79710404586618,6.114388559515278,6.114388559515278,23.21576324190501,82.03426933350707,82.03426933350707,82.03426933350707,19.5263209329598,5312595880.0,6268008880.0,-5.697104882746315,6.561417314665692,14.151864762559304,14.151864762559304,1.0548030805054862,1.0548030805054862,7.741417364068413,1.3500798307879367,16.696924818659614,16.696924818659614,-0.0438819374305579,0.0706620658675058,0.2340961399172771,0.0678766109240974,0.2057884483042715,1265.762348722546,-13.251073503409952,-1.610276801914836,0.0055458763786113,-0.1263817575827767,0.2692448300052367,0.0,0.0,0.0,0.0,0.0,0.0,,-1.53459465321155e-05,-0.0134209445074539,-182.90023372858167,14108424000000.0,5036576000.0,14107245189000.0,14108424000000.0,1002903000.0,49363500.0,-2193009500.0,111.95233378454483,0.0,0.0,0.8039135671187285,0.0,0.0,-0.0462868027803015,0.0,2008-09-30,,amc,,2025-04-24,2008-09-30,,81.06875,536133.203125
2008-06-30,EG,USD,1095073,2008-06-30,2008-06-30 00:00:00,2008,Q2,1078360000.0,146460000.0,931900000.0,0.8641826477,0,244700000.0,244713000.0,244713000.0,644487000.0,889200000.0,908977000.0,0.0,19794000.0,4023000000.0,4212194000.0,3.9061111317,189194000.0,0.1754460477,-19811000.0,169383000.0,0.1570746318,16356000.0,153027000.0,0.1419071553,2.48,2.46,61658000,62206098,,,17.48937688540011,2.481867721950112,-0.2978364526906484,-0.2978364526906484,24.11459988971423,90.29814460410653,90.29814460410653,90.29814460410653,19.44258652567388,4914759180.0,5867878180.0,8.029235331020015,4.557623780555659,-267.63010128512303,-267.6301012851231,0.8827423902171184,0.8827423902171184,5.441483530546385,1.3930693078239036,-319.53159333478544,-319.53159333478544,0.0311362153048565,-0.0037365004728471,0.2117602494287039,0.0662621126775761,0.226276140177779,1320.019464059388,9.55814893402041,-0.1200049664438301,0.0060381391871167,0.1939265619792585,0.2269186542527541,0.0,0.0,0.0,0.0,0.0,0.0,71.01007770035605,1.1720110280480492e-05,0.008600439455496,-180.12642722761038,14569889000000.0,5567603000.0,14568709675000.0,14569889000000.0,1309731000.0,49068500.0,-3052206000.0,83.34681368003264,29.875256042605493,-1372.4913969684555,1.079825322963261,3.0125264825061198,-0.0655741815204022,0.0274852571205238,0.0,2008-06-30,,amc,,2025-04-24,2008-06-30,,89.61734375,500315.359375
2008-03-31,EG,USD,1095073,2008-03-31,2008-03-31 00:00:00,2008,Q1,916766000.0,9966000.0,906800000.0,0.989129178,0,227100000.0,0.0,227100000.0,812700000.0,812700000.0,832528000.0,0.0,19787000.0,496000.0,104483000.0,0.1139691044,103987000.0,0.1134280722,-19749000.0,84238000.0,0.0918860429,6305000.0,77933000.0,0.0850086063,1.25,1.24,62377000,62860000,,,14.697180050339067,1.2493867932090357,4.018340093303622,4.018340093303622,39.920034628148194,90.30546515542588,90.30546515542588,90.30546515542588,19.21767638712987,5584612810.0,6545595810.0,17.914788375912643,6.091644770857558,22.280344102580468,22.28034410258047,0.991412865720904,0.991412865720904,7.139876271589479,62.64747193323315,26.11427720504923,26.11427720504923,0.0139549513370829,0.0448826102234292,0.2092947538995317,0.06533048513075,9.197505814343003,1334.9206871995727,5.25531914893617,3.2162498556452337,0.0053708289223366,0.3848690541875714,0.2477186108559872,0.0,0.0,0.0,0.0,0.0,0.0,50.384474287177255,6.413729053178303e-06,0.0043185745140987,-170.62004023919073,14985265000000.0,5632984000.0,14984085983000.0,14985265000000.0,1662136000.0,59007000.0,-3876319500.0,159.11771378956027,447.20048163756775,-34957.05298013245,0.5656189864506771,0.2012520193861066,-0.0025745877391652,0.0138351182960931,0.0,2008-03-31,,amc,,2025-04-24,2008-03-31,,96.93508196721312,576606.475409836
2007-12-31,EG,USD,1095073,2007-12-31,2007-12-31 00:00:00,2007,Q4,1108985000.0,105385000.0,1003600000.0,0.9049716633,0,261600000.0,0.0,261600000.0,1103300000.0,1103300000.0,1103300000.0,0.0,21485000.0,-1839000.0,25246000.0,0.0227649608,27085000.0,0.0244232339,-21400000.0,5685000.0,0.0051263092,-6553000.0,12238000.0,0.0110353161,0.19,0.19,62665000,63100000,,,17.697039814888694,0.1952924279901061,3.7619085613979095,3.7619085613979095,39.51607755525413,90.71682757520146,90.71682757520146,90.71682757520146,19.155748823107,6291566000.0,7219909000.0,128.5252083673803,5.673265192946704,26.688580639687792,26.688580639687792,1.1067406421016155,1.1067406421016155,6.510375703909431,285.9822942248277,30.62657588869093,30.62657588869093,0.0019451437050807,0.0374692087788636,0.2073804217233063,0.0654968848547974,36.77188465499485,0.0013412356321839,1.2606469629974402,19.2629514626573,0.0048299580740311,2.4830854714822683,0.235891378152094,0.0,0.0,0.0,0.0,0.0,0.0,19.96539416405848,0.0185793338740744,0.0006799084551433,-167.58495571690736,-11121064000.0,5684770000.0,-12299776000.0,-11121064000.0,1761152000.0,49072500.0,-4120996000.0,138.24422332132536,58.49466242823931,-3315.0402808748872,0.6510217775306979,1.5386019213361757,-0.0271489913770362,0.0021527695931409,0.0,2007-12-31,,amc,,2025-04-24,2007-12-31,,104.3140625,424929.390625
2007-09-30,EG,USD,1095073,2007-09-30,2007-09-30 00:00:00,2007,Q3,1202010000.0,189810000.0,1012200000.0,0.8420895001,0,240100000.0,0.0,240100000.0,890500000.0,890500000.0,890524000.0,0.0,23754000.0,-5845000.0,329409000.0,0.2740484688,335254000.0,0.2789111571,-23768000.0,311486000.0,0.2591376112,64899000.0,246587000.0,0.2051455479,3.93,3.9,62751000,63268000,,,19.15523258593489,3.929610683495084,5.672626731048111,5.672626731048111,45.7747764975857,89.43831970805246,89.43831970805246,89.43831970805246,22.61506589536421,6971008590.0,8160310590.0,7.067494018338355,5.79945972995233,19.583520169231072,19.583520169231072,1.242085052163588,1.242085052163588,6.788887438540445,24.772579346648087,22.924603371698744,22.924603371698744,0.0353732170626976,0.0510633426145297,0.2486241042958165,0.0781238242492215,3.610411373095453,1.3717337387138382,14.113580870590216,1.4435594739382045,0.004308989095651,0.1218150186343967,0.1997487541700984,0.0,0.0,0.0,0.0,0.0,0.0,88.92581163176847,0.0145391646372441,0.013805945581327,-162.42234785103025,4034798000.0,5612344000.0,2640214000.0,4034798000.0,1825454500.0,30134500.0,-2180132000.0,136.18571392916866,14.059269796111902,-2067.4556661925085,0.6608622696416584,6.40147043944555,-0.0435317678012157,0.0439365441605147,0.0,2007-09-30,,amc,,2025-04-24,2007-09-30,,103.84380952380953,507041.2698412698
2007-06-30,EG,USD,1095073,2007-06-30,2007-06-30 00:00:00,2007,Q2,1268738000.0,0.0,1268738000.0,1.0,0,234400000.0,0.0,234400000.0,915300000.0,915300000.0,915321000.0,0.0,21479000.0,-2083000.0,372796000.0,0.2938321387,374879000.0,0.2954739276,-21462000.0,353417000.0,0.2785579056,70549000.0,282868000.0,0.2229522565,4.5,4.45,62901000,63518000,,,20.17039474730132,4.497035023290568,1.5965882895343475,1.5965882895343475,41.724885136961255,84.86232333349231,84.86232333349231,84.86232333349231,22.52428419262015,6833564640.0,8041095640.0,6.039534906740953,5.386111742534708,68.04509384926364,68.04509384926365,1.280191205384115,1.280191205384115,6.337869315808307,21.56969398813292,80.06906150736356,80.06906150736356,0.0413939158992136,0.014696136685699,0.2613976404689088,0.0798035260239482,3.239120054936212,0.4144898623511904,17.453279947856046,0.3550313220300635,0.0044227283405048,0.1068448887820467,0.1847505158669481,0.0,0.0,0.0,0.0,0.0,0.0,92.66417271114966,0.0396788305689648,0.0161782584791185,-129.53605666046644,-6295405000.0,5337925000.0,-7689933000.0,-6295405000.0,1875097500.0,12492000.0,0.0,129.96002326721515,0.0,0.0,0.6925206516387582,0.0,0.0,0.0529921270905829,0.0,2007-06-30,,amc,,2025-04-24,2007-06-30,,102.6247619047619,466623.8095238095
2007-03-31,EG,USD,1095073,2007-03-31,2007-03-31 00:00:00,2007,Q1,1202314000.0,0.0,1202314000.0,1.0,0,225700000.0,0.0,225700000.0,844900000.0,844900000.0,844946000.0,0.0,17151000.0,1337000.0,375888000.0,0.3126371314,374551000.0,0.3115251091,-17183000.0,357368000.0,0.2972335014,59786000.0,297582000.0,0.2475077226,4.64,4.59,64172000,64763000,,,18.735803777348377,4.637256124166303,2.5291560182010846,2.5291560182010846,26.507775977061648,80.98365330673815,80.98365330673815,80.98365330673815,15.78250638907935,6171421240.0,7006856240.0,5.184639225490789,5.132952988986238,38.024542301033264,38.024542301033264,1.1875236059768903,1.1875236059768903,5.827808908488132,18.64080853871366,43.17198439935675,43.17198439935675,0.0482193628383727,0.0262988043901537,0.1915848403745091,0.0583123798341321,2.222563635976674,0.3326159360352909,21.838435076671917,0.5453992512988016,0.004980700361332,0.1032925378551122,0.1877213440083039,0.0,0.0,0.0,0.0,0.0,0.0,91.92221549068388,0.0500532426683123,0.0174286337443912,-136.161772268279,-7261806000.0,5196883000.0,-8258239000.0,-7261806000.0,1913868500.0,25945000.0,-1607983000.0,143.5833983468545,0.0,0.0,0.6268134132233516,0.0,0.0,0.0572616316357324,0.0,2007-03-31,,amc,,2025-04-24,2007-03-31,,96.16491803278689,435525.4426229508
2006-12-31,EG,USD,1095073,2006-12-31,2006-12-31 00:00:00,2006,Q4,1172994000.0,194494000.0,978500000.0,0.8341901152,0,223400000.0,0.0,223400000.0,927200000.0,927200000.0,927211000.0,0.0,17151000.0,2605000.0,265556000.0,0.2263916098,262951000.0,0.2241707971,-17168000.0,245783000.0,0.2095347461,39432000.0,206351000.0,0.1759182059,3.15,3.15,64832000,65500000,,,18.09282453109575,3.1828572309970387,2.1919114017769004,2.1919114017769004,24.00613894373149,78.78342485192498,78.78342485192498,78.78342485192498,15.621236426456072,6360667520.0,7106404520.0,7.706126357517046,5.422591692711131,44.76002082952162,44.76002082952162,1.2453127061231437,1.2453127061231437,6.058346862814303,26.760474325565983,50.007772507846255,50.007772507846255,0.0324417208337278,0.0223413658319936,0.1949228682180407,0.0581967514965597,2.808209944418503,0.001268356961105,15.331525858550522,0.6886615524034291,0.0024538305061415,0.0756381117610285,0.1904528070902323,0.0,0.0,0.0,0.0,0.0,0.0,75.11337333081825,0.0893790222779083,0.0120619702272152,-163.79719891411648,-10990043000.0,5107687000.0,-11985926000.0,-10990043000.0,1944009500.0,39911500.0,-3266256500.0,146.5173734904015,26.618610342735508,-1488.1535677193126,0.6142616254713029,3.3810931089632152,-0.0604776294276743,0.0404000871627411,0.0,2006-12-31,,amc,,2025-04-24,2006-12-31,,99.68714285714286,367184.126984127
2006-09-30,EG,USD,1095073,2006-09-30,2006-09-30 00:00:00,2006,Q3,1113889000.0,149889000.0,964000000.0,0.8654363226,0,216000000.0,0.0,216000000.0,814200000.0,814200000.0,814234000.0,0.0,17150000.0,6053000.0,322903000.0,0.2898879511,316850000.0,0.284453837,-17195000.0,299655000.0,0.2690169308,53977000.0,245678000.0,0.220558781,3.8,3.76,64733000,65375000,,,17.207436701527815,3.795251262879829,2.795235814808521,2.795235814808521,23.915591738371464,74.5192714689571,74.5192714689571,74.5192714689571,15.644524431124774,6313409490.0,7099214490.0,6.424475828116478,5.667898228638581,34.89151057785835,34.89151057785834,1.3087889626058489,1.3087889626058489,6.373359006148728,21.985594714202097,39.234318297373775,39.234318297373775,0.038913680538089,0.0286602667364761,0.2063840628741819,0.059116526597737,2.433563639854693,1.2374621177751566,18.47521865889213,0.7365087635034476,0.0012353071683934,0.0317448041745699,0.1939151926269134,0.0,0.0,0.0,0.0,0.0,0.0,79.77114503946584,0.0163637981943031,0.0145882999551801,-164.4173953006967,2617070000.0,4823856000.0,1621170000.0,2617070000.0,2036079000.0,48162000.0,-3253909000.0,159.85229228406064,13.389308087985109,-1991.4018373596464,0.5630197647717697,6.721781245795776,-0.045194293944877,0.050929795582621,0.0,2006-09-30,,amc,,2025-04-24,2006-09-30,,93.3463492063492,404447.6190476191
2006-06-30,EG,USD,1095073,2006-06-30,2006-06-30 00:00:00,2006,Q2,1052728000.0,157128000.0,895600000.0,0.850742072,0,206400000.0,0.0,206400000.0,801200000.0,801200000.0,801166000.0,0.0,17149000.0,5948000.0,274697000.0,0.2609382481,268749000.0,0.2552881656,-17187000.0,251562000.0,0.2389620111,31159000.0,220403000.0,0.2093636723,3.41,3.38,64708000,65258000,,,16.268900290535946,3.4061167089077085,2.3711596711380354,2.3711596711380354,19.665760029671755,67.67424429745935,67.67424429745935,67.67424429745935,15.649981455152377,5601771560.0,6421878560.0,6.354010108755325,5.321195560486659,36.50956156758976,36.50956156758976,1.2792163532626255,1.2792163532626255,6.10022585131202,23.378044026691228,41.85461119837324,41.85461119837324,0.0393452317073779,0.0273900851465638,0.2273384843568204,0.0602038232599638,2.9854967473252345,1.1815754860675567,15.6714094116275,0.696147511603744,0.0013909885322064,0.0353534207792089,0.1960620407170703,0.0,0.0,0.0,0.0,0.0,0.0,72.01661906078532,0.0157064087591601,0.0133286824686004,-168.59935788465106,2026564000.0,4379065000.0,1030636000.0,2026564000.0,2153966500.0,72410000.0,-3192771500.0,178.99828825679566,42.40014510462807,-1827.900756071483,0.5027981042527269,2.1226342451874367,-0.0492368087824569,0.050331063822985,0.0,2006-06-30,,amc,,2025-04-24,2006-06-30,,90.26603174603174,423192.0634920635
2006-03-31,EG,USD,1095073,2006-03-31,2006-03-31 00:00:00,2006,Q1,1177689000.0,162489000.0,1015200000.0,0.8620272415,0,237500000.0,0.0,237500000.0,982900000.0,982900000.0,982939000.0,0.0,17148000.0,7340000.0,219288000.0,0.1862019599,211948000.0,0.1799694147,-17198000.0,194750000.0,0.1653662385,26354000.0,168396000.0,0.1429885139,2.61,2.57,64622000,65437000,,,18.22427346724026,2.605861780817678,2.4733372535668967,2.4733372535668967,17.79700411624524,66.01640308254154,66.01640308254154,66.01640308254154,15.67020519327783,6033756140.0,6862884140.0,8.957689226584955,5.123386683581149,37.75061401972071,37.75061401972071,1.414345460222329,1.414345460222329,5.827416355251684,31.29621383751049,42.93811089143601,42.93811089143601,0.0279089834081362,0.0264896353600395,0.2333487728404692,0.0599913811790187,3.78100032833534,1.160416835789288,12.359925355726617,0.949143685123162,0.0012905725420981,0.0462421910259151,0.2016661444574926,0.0,0.0,0.0,0.0,0.0,0.0,62.21468064891607,0.0124481828376741,0.0101480560617484,-171.9881387143697,1818004000.0,4266112000.0,823199000.0,1818004000.0,2225904500.0,60574500.0,-3400456500.0,169.2105980441356,39.21219282536049,-1769.2550264941012,0.5318815785789321,2.2952044635920616,-0.0508688677733142,0.0394729439827177,0.0,2006-03-31,,amc,,2025-04-24,2006-03-31,,97.63790322580644,445400.0
2005-12-31,EG,USD,1095073,2005-12-31,2005-12-31 00:00:00,2005,Q4,1068628000.0,165628000.0,903000000.0,0.8450087402,0,211300000.0,0.0,211300000.0,1310000000.0,1310000000.0,1307477000.0,0.0,17148000.0,7795000.0,-213957000.0,-0.2002165393,-221752000.0,-0.2075109393,-17097000.0,-238849000.0,-0.2235099586,-76652000.0,-162197000.0,-0.1517806009,-2.62,-2.62,61800000,61800000,,,17.29171521035599,-2.624546925566343,1.1875728155339806,1.1875728155339806,25.097508090614888,66.98533980582525,66.98533980582525,66.98533980582525,16.38517799352751,6201630000.0,7089811000.0,-9.558792702701036,5.803357201944924,84.50008175277958,84.5000817527796,1.498088989186157,1.498088989186157,6.634498628147494,-33.136616235972646,96.6019593416176,96.6019593416176,-0.0261539304989172,0.01183430807707,0.2404660827587739,0.0604239062470883,-4.151212626836234,0.0011437389770723,-12.93165383718218,-0.4524867907544529,0.0010979371552317,-0.0419798146698151,0.1977301736432135,0.0,0.0,0.0,0.0,0.0,0.0,,-0.1014271160651121,-0.0098453134257656,-176.51987459546925,-11327030000.0,4139694000.0,-12321875000.0,-11327030000.0,2320242500.0,61468000.0,-3313009000.0,188.45224905205555,27.361677977153622,-1959.7996111768543,0.4775745604136547,3.2892719545617037,-0.0459230624839012,-0.0391809153043679,0.0,2005-12-31,,amc,,2025-04-24,2005-12-31,,99.48079365079364,609961.9047619047
2005-09-30,EG,USD,1095073,2005-09-30,2005-09-30 00:00:00,2005,Q3,1102248000.0,148748000.0,953500000.0,0.8650503335,0,204700000.0,0.0,204700000.0,1574400000.0,1574400000.0,1572984000.0,0.0,17147000.0,8297000.0,-445256000.0,-0.4039526495,-453553000.0,-0.4114799936,-470736000.0,-470736000.0,-0.4270690444,-52991000.0,-417745000.0,-0.3789936566,-7.41,-7.41,56361000,56361000,,,19.556927662745515,-7.411951526764962,6.670853959298096,6.670853959298096,13.812867053458952,63.88685438512447,63.88685438512447,63.88685438512447,17.965756462802293,5517741900.0,6377583900.0,-3.302099306993501,5.005898763254731,14.675782230780689,14.675782230780689,1.5323966243483609,1.5323966243483609,5.78597910814989,-14.323409229746485,16.96274203672575,16.96274203672575,-0.0757094129393765,0.0681394684300112,0.2764500057904973,0.063070175399691,-1.931118278024328,1.088929114150353,-26.450866040706828,-0.900013165926582,0.0011265478002876,-0.0148798908424996,0.1857113825563757,0.0,0.0,0.0,0.0,0.0,0.0,,-0.0309821667610344,-0.0264684494523864,-197.1408420716453,994850000.0,3600727000.0,-176000.0,994850000.0,2393128500.0,54815500.0,-2991272500.0,196.19749820367105,43.915750127732814,-1826.8745125984888,0.4587214456046311,2.049378633821058,-0.0492644674712697,-0.1160168488196966,0.0,2005-09-30,,amc,,2025-04-24,2005-09-30,,95.34953125,350950.0
2005-06-30,EG,USD,1095073,2005-06-30,2005-06-30 00:00:00,2005,Q2,1249556000.0,156556000.0,1093000000.0,0.8747106972,0,276600000.0,0.0,276600000.0,1015900000.0,1015900000.0,1014520000.0,0.0,17169000.0,3666000.0,255935000.0,0.2048207523,252269000.0,0.2018869102,-17233000.0,235036000.0,0.1880956116,40856000.0,194180000.0,0.1553991978,3.45,3.4,56266000,57128000,,,22.20801194326947,3.4511072406071164,5.173124089147976,5.173124089147976,12.348149859595493,72.53998862545765,72.53998862545765,72.53998862545765,17.995841182952404,5232738000.0,6115174000.0,6.736968276856524,4.187677863177001,17.977531255260743,17.977531255260743,1.282051483081733,1.282051483081733,4.893877505289879,23.893465137632603,21.009217682283705,21.009217682283705,0.0371086800065281,0.0556249902058922,0.2438751597131961,0.0645529420897426,3.447891066091,1.1563957265783622,14.693284407944551,1.498975177670203,0.0011852303707924,0.0319394376351838,0.2213586265841627,0.0,0.0,0.0,0.0,0.0,0.0,75.05147433278498,0.0155572718186672,0.0125930070223945,-183.72368304126823,1617601000.0,4081535000.0,622467000.0,1617601000.0,2431250000.0,44539000.0,-2935167500.0,171.66483935093746,21.29851299215616,-1703.448733999336,0.5242774253614709,4.225647115981538,-0.0528339938876229,0.0475752382375748,0.0,2005-06-30,,amc,,2025-04-24,2005-06-30,,87.491875,338275.0
2005-03-31,EG,USD,1095073,2005-03-31,2005-03-31 00:00:00,2005,Q1,1134667000.0,132167000.0,1002500000.0,0.8835191294,0,222300000.0,0.0,222300000.0,943000000.0,943000000.0,941039000.0,0.0,21707000.0,7702000.0,223009000.0,0.1965413641,215307000.0,0.1897534695,-21679000.0,193628000.0,0.1706474234,26533000.0,167095000.0,0.1472634703,2.98,2.93,56141000,57076000,,,20.211022247555263,2.976345273507775,5.792860832546624,5.792860832546624,10.332092410181508,66.89725868794642,66.89725868794642,66.89725868794642,18.11615396946973,4778160510.0,5621990510.0,7.148868173793352,4.211068542576809,14.692222454545734,14.692222454545734,1.2722494414458745,1.2722494414458745,4.9547492876764725,25.209702343851596,17.286890014974617,17.286890014974617,0.0349705707144609,0.0680632220954837,0.2650258448605432,0.0661493204514267,3.78383832042653,1.1136220862470865,9.91878195973649,1.946300008976929,0.0012971519033377,0.0370926718333881,0.1959165111878639,0.0,0.0,0.0,0.0,0.0,0.0,66.9325043861065,0.0148347092526983,0.011104835978459,-183.5657318181009,1169853000.0,3755679000.0,174484000.0,1169853000.0,1896636500.0,49745500.0,-3008963500.0,196.63934000019387,35.429494503166445,-1979.654754969092,0.4576907143805062,2.540256395471756,-0.0454624725720951,0.0444912890585164,0.0,2005-03-31,,amc,,2025-04-24,2005-03-31,,87.57180327868852,370129.5081967213
2004-12-31,EG,USD,1095073,2004-12-31,2004-12-31 00:00:00,2004,Q4,1362212000.0,135412000.0,1226800000.0,0.9005940338,0,289400000.0,0.0,289400000.0,1282700000.0,1282700000.0,1282678000.0,0.0,22303000.0,6971000.0,108774000.0,0.079851007,101803000.0,0.0747335951,-22269000.0,79534000.0,0.0583859194,-13793000.0,93327000.0,0.0685113624,1.64,1.64,55989616,56900000,,,24.32972571199631,1.666862655389528,3.518295249604855,3.518295249604855,13.76692778175153,66.30725954612727,66.30725954612727,66.30725954612727,22.639858790958662,5014430008.96,6074794008.96,13.432420438244025,3.68109369830834,25.45551002578837,25.45551002578837,1.3506816691420755,1.3506816691420755,4.459507043661339,55.84784975233052,30.83839629297216,30.83839629297216,0.0186116866390076,0.0392842256543641,0.3354311009401166,0.0826188106416566,9.7483222093515,0.0011398912506178,4.564542886607183,2.110728942321086,0.0011199677710058,0.0601755119097367,0.2124485762862168,0.0,0.0,0.0,0.0,0.0,0.0,49.86797199776483,0.0963022632308671,0.0061917633432377,-199.3084396220899,-10103470000.0,3712518000.0,-11348718000.0,-10103470000.0,1905504500.0,41800500.0,-3066874000.0,86.82525186975302,31.545062475999178,-2067.530204117804,1.0365648018506115,2.853061396485609,-0.043530198408106,0.0251384639751241,0.0,2004-12-31,,amc,,2025-04-24,2004-12-31,,82.40140625,410367.1875
2004-09-30,EG,USD,1095073,2004-09-30,2004-09-30 00:00:00,2004,Q3,1263594000.0,127294000.0,1136300000.0,0.8992603637,0,248100000.0,0.0,248100000.0,1255800000.0,1255800000.0,1255826000.0,0.0,19439000.0,4354000.0,31593000.0,0.0250024929,27239000.0,0.0215567659,-19471000.0,7768000.0,0.0061475442,-3695000.0,11463000.0,0.009071743,0.2,0.2,55991000,56712000,,,22.5678055401761,0.2047293314997053,8.895447482631138,8.895447482631138,12.593791859405975,63.11310746369952,63.11310746369952,63.11310746369952,19.37986462109982,4161811030.0,5048504030.0,90.76618315449709,3.293629939679992,8.355959623743889,8.355959623743889,1.1777268302428627,1.1777268302428627,3.995352961473385,159.79818409141265,10.136235290574524,10.136235290574524,0.0027543297659048,0.1196750636705386,0.3015646763254839,0.0724722453332593,28.066122242268857,1.0837741523341524,1.4012552086012655,43.44979499258484,0.0013474903015959,0.4892262060542615,0.196344711988186,0.0,0.0,0.0,0.0,0.0,0.0,17.050655317260563,0.0033917097311636,0.000779563958316,-180.46340036791628,852402000.0,3533766000.0,-143206000.0,852402000.0,2492705000.0,34316000.0,-3171406000.0,177.83909230338224,25.55116501956101,-2137.3271324650023,0.5060754575066414,3.5223442818008244,-0.0421086686417544,0.0032438480646426,0.0,2004-09-30,,amc,,2025-04-24,2004-09-30,,73.86375,418450.0
2004-06-30,EG,USD,1095073,2004-06-30,2004-06-30 00:00:00,2004,Q2,1264117000.0,257917000.0,1006200000.0,0.7959706261,0,214900000.0,0.0,214900000.0,938100000.0,938100000.0,938086000.0,0.0,19318000.0,7119000.0,352537000.0,0.2788800404,345418000.0,0.2732484414,-19387000.0,326031000.0,0.2579120445,62064000.0,263967000.0,0.2088153233,4.72,4.64,55933000,56860000,,,22.600557810237248,4.719342785117909,7.023939356015233,7.023939356015233,16.739009171687556,60.15713442869147,60.15713442869147,60.15713442869147,19.396903438041942,4494775880.0,5455797880.0,4.256948671614255,3.5556644519455083,11.44087326596584,11.44087326596584,1.3358349057543029,1.3358349057543029,4.315896297573722,15.475816382393903,13.887031028075445,13.887031028075445,0.058727511014409,0.0874059153312,0.3166960347055028,0.076613700176801,2.7260174109384265,1.0730711143695015,17.880629464747905,1.4883299806415196,0.0012470032209926,0.0212337148204131,0.1700000870172618,0.0,0.0,0.0,0.0,0.0,0.0,79.92370182015344,0.0253888922601202,0.0189783387664421,-168.08174512363007,697683000.0,3364769000.0,-298405000.0,697683000.0,2466445500.0,33808500.0,-3171958000.0,177.1754434122791,11.338415071515255,-1158.450819449668,0.5079710724390522,7.937617332964023,-0.0776899618774971,0.0784502591411178,0.0,2004-06-30,,amc,,2025-04-24,2004-06-30,,83.34532258064516,386996.7741935484
2004-03-31,EG,USD,1095073,2004-03-31,2004-03-31 00:00:00,2004,Q1,1118762000.0,62262000.0,1056500000.0,0.9443474126,0,222800000.0,0.0,222800000.0,972400000.0,972400000.0,972384000.0,0.0,14479000.0,6479000.0,167358000.0,0.1495921385,160879000.0,0.1438009157,-14501000.0,146378000.0,0.130839267,20277000.0,126101000.0,0.1127147686,2.26,2.22,55771000,56834000,,,20.059923616216317,2.2610496494593963,7.165820946369977,7.165820946369977,12.206379659679762,60.32888060102921,60.32888060102921,60.32888060102921,19.36562012515465,4765074240.0,5729443240.0,9.446939833942633,4.259238551184255,11.923267499906167,11.923267499906167,1.4162371180900444,1.4162371180900444,5.121235115243457,34.23465409481471,14.336331594289932,14.336331594289932,0.0264635960844966,0.0838696271812965,0.3166974875483044,0.0776577659660838,5.762311930113888,1.0877338959512872,11.1111955245528,3.169245287507633,0.0011735389037716,0.044345405666886,0.1991487018686727,0.0,0.0,0.0,0.0,0.0,0.0,55.39989505895101,0.0125944093010121,0.0091902030443016,-167.73370568933674,821277000.0,3364602000.0,-174363000.0,821277000.0,2388162500.0,40580500.0,-2753899500.0,196.63672881274124,50.77189939288811,-4371.338537149465,0.4576967921679969,1.77263409634438,-0.020588659339729,0.0374787270530065,0.0,2004-03-31,,amc,,2025-04-24,2004-03-31,,85.8408064516129,289691.93548387097
2003-12-31,EG,USD,1095073,2003-12-31,2003-12-31 00:00:00,2003,Q4,1212990000.0,113390000.0,1099600000.0,0.9065202516,0,264200000.0,0.0,264200000.0,1069800000.0,1069800000.0,1069688000.0,0.0,10061000.0,7826000.0,161187000.0,0.1328840304,153361000.0,0.1264322047,-10059000.0,143302000.0,0.1181394735,21522000.0,121780000.0,0.1003965408,2.14,2.14,55550000,56800000,,,21.83600360036004,2.192259225922592,8.652709270927092,8.652709270927092,6.061422142214221,56.97389738973897,56.97389738973897,56.97389738973897,9.526192619261929,4699530000.0,5033790000.0,9.647581704713415,3.874335320159276,9.777284472535566,9.777284472535566,1.484890517867863,1.484890517867863,4.149902307521084,31.229503620018985,10.472706165298405,10.472706165298405,0.0259132296208344,0.1022778873632044,0.1640238238174982,0.0409303746273449,2.0737404381246627,0.001051360198668,15.243116986383065,3.946937099687962,0.0010660640532138,0.0411397602233535,0.2178088854813312,0.0,0.0,0.0,0.0,0.0,0.0,53.01212054108007,0.3325226842233475,0.0096018466326951,-156.15161566156615,-8849686000.0,3164900000.0,-9508763000.0,-8849686000.0,2234386500.0,63268500.0,-2507810000.0,173.02661192590213,36.5405238557192,-1971.369873886586,0.5201512010102938,2.4630188761213807,-0.0456535332066141,0.0384783089513096,0.0,2003-12-31,,amc,,2025-04-24,2003-12-31,,81.36796875,389446.875
2003-09-30,EG,USD,1095073,2003-09-30,2003-09-30 00:00:00,2003,Q3,1119941000.0,74041000.0,1045900000.0,0.9338884816,0,232500000.0,0.0,232500000.0,1008000000.0,1008000000.0,1007916000.0,0.0,10060000.0,2468000.0,124528000.0,0.1111915717,122060000.0,0.1089878842,-10035000.0,112025000.0,0.1000275907,11699000.0,100326000.0,0.0895815047,1.81,1.77,55499000,56562000,,,20.179480711364167,1.8077082469954413,8.87010576767149,8.87010576767149,9.678282491576423,54.54282059136201,54.54282059136201,54.54282059136201,13.317951674804952,4171304840.0,4758740840.0,10.394376432828976,3.724575526746498,8.473405162081896,8.473405162081896,1.3779998757875596,1.3779998757875596,4.249099586496074,38.21422362842092,9.666696811989876,9.666696811989876,0.0240514668307003,0.1180163087768958,0.2408508948581335,0.0602877230846196,4.717300526789156,1.0620655406209112,12.133200795228628,4.906823754560134,0.001197706758828,0.0497976596296074,0.2076002217973982,0.0,0.0,0.0,0.0,0.0,0.0,47.10035985469169,0.0115865029628652,0.0082960500610879,-147.61330834789817,521785000.0,3027072000.0,-137368000.0,521785000.0,2089583500.0,83553500.0,-2393439500.0,171.7144206703746,97.85119055658352,-3077.64846503964,0.5241260439783637,0.9197639751552796,-0.0292431059045077,0.0331429183052137,0.0,2003-09-30,,amc,,2025-04-24,2003-09-30,,74.536875,397059.375
2003-06-30,EG,USD,1095073,2003-06-30,2003-06-30 00:00:00,2003,Q2,952647000.0,0.0,952647000.0,1.0,0,204400000.0,0.0,204400000.0,827700000.0,827700000.0,827574000.0,0.0,10081000.0,465000.0,135646000.0,0.1423885238,135181000.0,0.1419004101,-10108000.0,125073000.0,0.1312899741,15518000.0,109555000.0,0.1150006246,2.03,1.99,54096000,55091000,,,17.610303904170365,2.025195947944395,6.529318249038746,6.529318249038746,6.425188553682342,60.36239278320024,60.36239278320024,56.48040520556049,9.780908015380064,4138344000.0,4522462000.0,9.443530646707131,4.344047690277721,11.71638402083746,11.716384020837465,1.3544520391023789,1.3544520391023789,4.74725895321142,33.3401795850965,12.803890037088417,12.803890037088417,0.0264731496463319,0.0853505653469117,0.1698740313756397,0.0454482726614402,2.831767984312106,1.0986753179340774,13.409483186191846,3.2240427182693625,0.0012057963281931,0.0455478983159143,0.2145600626464997,0.0,0.0,0.0,0.0,0.0,0.0,50.73103068746553,0.012873123777131,0.0095931146383985,-136.8478307083703,760392000.0,3265364000.0,311586000.0,760392000.0,1977729000.0,78770500.0,-1127483000.0,192.95185939807715,0.0,0.0,0.4664375885299029,0.0,0.0,0.0358566115199367,0.0,2003-06-30,,amc,,2025-04-24,2003-06-30,,69.69682539682539,642168.253968254
2003-03-31,EG,USD,1095073,2003-03-31,2003-03-31 00:00:00,2003,Q1,821165000.0,0.0,821165000.0,1.0,0,162800000.0,0.0,162800000.0,710500000.0,710500000.0,710352000.0,0.0,10091000.0,-119000.0,120772000.0,0.1470739742,120891000.0,0.1472188902,-10078000.0,110813000.0,0.1349460827,16446000.0,94367000.0,0.114918439,1.85,1.83,50897000,51521000,,,16.133858577126354,1.8540778434878284,6.437609289349077,6.437609289349077,7.779594082165943,48.90913020413777,48.90913020413777,48.90913020413777,14.520954083737744,2911817370.0,3487078370.0,7.714077405237,3.5459589363891544,8.886839419511377,8.886839419511377,1.1697202498023564,1.1697202498023564,4.246501458294009,28.87323526976451,10.642530619096306,10.642530619096306,0.0324082825290653,0.1125259445787288,0.2928428877190953,0.0702949800623471,4.76319842347564,0.3197212683467184,11.980081260529184,3.4721353863108924,0.0015732442725279,0.0485445123825065,0.1982549183172687,0.0,0.0,0.0,0.0,0.0,0.0,45.170012505582136,0.0385346990380791,0.009099712178824,-118.8722370670177,-4912973000.0,2489328000.0,-5571973000.0,-4912973000.0,1851404000.0,66089000.0,0.0,209.67309858554617,0.0,0.0,0.4292396144624161,0.0,0.0,0.0379086243355636,0.0,2003-03-31,,amc,,2025-04-24,2003-03-31,,52.73459016393443,542070.4918032787
2002-12-31,EG,USD,1095073,2002-12-31,2002-12-31 00:00:00,2002,Q4,806301000.0,0.0,806301000.0,1.0,0,182500000.0,0.0,182500000.0,748500000.0,748500000.0,748481000.0,0.0,10503000.0,-1691000.0,66712000.0,0.0827383322,68403000.0,0.0848355639,-10583000.0,57820000.0,0.0717101926,2255000.0,55565000.0,0.0689134703,1.08,1.08,50883000,51600000,,,15.846176522610696,1.0920150148379617,5.52542106400959,5.52542106400959,7.427746005542126,46.55083230155455,46.55083230155455,46.55083230155455,10.405066525165577,2813829900.0,3123937900.0,12.660082336002878,3.489800831203236,10.008287035390362,10.00828703539036,1.1879486846071552,1.1879486846071552,3.8744065801729137,46.827225986329296,11.11128543482127,11.11128543482127,0.0197471069590951,0.0999171982641878,0.219086347221155,0.0526060704115512,4.648459047847464,0.3170520696211789,6.512710654098829,5.059839827229371,0.0014467825507149,0.0732655448573742,0.2263422716826594,0.0,0.0,0.0,0.0,0.0,0.0,33.81966404469868,0.0259194944661117,0.005632765961286,-113.50955623685712,-4669315000.0,2368646000.0,-5328272000.0,-4669315000.0,1700670500.0,53281000.0,0.0,199.7721818526828,0.0,0.0,0.4505131753847907,0.0,0.0,0.0234585497368538,0.0,2002-12-31,,amc,,2025-04-24,2002-12-31,,56.86078125,473957.8125
2002-09-30,EG,USD,1095073,2002-09-30,2002-09-30 00:00:00,2002,Q3,623002000.0,0.0,623002000.0,1.0,0,128000000.0,0.0,128000000.0,548000000.0,548000000.0,548033000.0,0.0,10696000.0,-1659000.0,84037000.0,0.1348904177,85696000.0,0.1375533305,-10727000.0,74969000.0,0.1203350872,13699000.0,61270000.0,0.0983463938,1.2,1.19,50977000,51627000,,,12.221237028463817,1.2019145889322636,3.52900327598721,3.52900327598721,9.958510700904329,45.08162504658963,45.08162504658963,45.08162504658963,11.467740353492752,2796598220.0,3250267220.0,11.410960584299003,4.488907290827317,15.545465875107006,15.545465875107006,1.2169037816029236,1.2169037816029236,5.217105595166629,38.67662125016362,18.06727823544453,18.06727823544453,0.0219087602794798,0.0643274384977617,0.2497230352034657,0.0636545741517363,5.398443542725228,0.3380534375498484,8.011967090501122,2.936151460747511,0.0014549819744932,0.0664109678472335,0.2054568043120246,0.0,0.0,0.0,0.0,0.0,0.0,34.91627004443745,0.0259868959576901,0.0067958699035135,-98.10870588696864,-4149743000.0,2298126000.0,-4598387000.0,-4149743000.0,1556273500.0,49251000.0,0.0,232.8149508348288,0.0,0.0,0.3865731117236141,0.0,0.0,0.0266608532343309,0.0,2002-09-30,,amc,,2025-04-24,2002-09-30,,52.996875,553987.5
2002-06-30,EG,USD,1095073,2002-06-30,2002-06-30 00:00:00,2002,Q2,554354000.0,0.0,554354000.0,1.0,0,120300000.0,0.0,120300000.0,500800000.0,500800000.0,500802000.0,0.0,10581000.0,-2116000.0,61965000.0,0.1117787551,64081000.0,0.1155958106,-10529000.0,53552000.0,0.096602532,145000.0,53407000.0,0.0963409662,1.04,1.02,51301000,52177000,,,10.805910216175125,1.0410518313483168,3.3055690922204244,3.3055690922204244,9.15260911093351,41.83119237441765,41.83119237441765,41.83119237441765,11.002397614081596,2813346840.0,3242268840.0,13.169373115883689,5.075000523131429,16.590184161954017,16.590184161954017,1.3109834285655706,1.3109834285655706,5.848733552928273,52.32419656257565,19.119518572464752,19.119518572464752,0.018983439667183,0.0602766063497524,0.2580883716638816,0.0642517005697877,6.922004357298475,0.3270511203319502,6.056232870239108,3.175220476716535,0.0014591162176079,0.0768625835564626,0.2170093478174596,0.0,0.0,0.0,0.0,0.0,0.0,31.302394271838104,0.0255375916707912,0.0061956702813393,-95.10191321806592,-4054517000.0,2145982000.0,-4503587000.0,-4054517000.0,1479113000.0,47931500.0,0.0,243.68012136649145,0.0,0.0,0.3693366512430502,0.0,0.0,0.0248869748208512,0.0,2002-06-30,,amc,,2025-04-24,2002-06-30,,64.2196875,593242.1875
2002-03-31,EG,USD,1095073,2002-03-31,2002-03-31 00:00:00,2002,Q1,573980000.0,0.0,573980000.0,1.0,0,121000000.0,0.0,121000000.0,498300000.0,498300000.0,498277000.0,0.0,10637000.0,-1870000.0,84467000.0,0.1471601798,86337000.0,0.150418133,-10634000.0,75703000.0,0.1318913551,14642000.0,61061000.0,0.1063817555,1.27,1.24,48108000,49087000,,,11.931071755217427,1.2692483578614784,2.193003242703916,2.193003242703916,8.070279371414317,42.73650952024611,42.73650952024611,42.73650952024611,11.732955017876444,3273268320.0000005,3725327320.000001,13.401632465894762,5.702756751106311,31.0259459152046,31.0259459152046,1.5920813553518345,1.5920813553518345,6.490343426600231,44.10393786922704,35.31082473151914,35.31082473151914,0.0186544438251246,0.0322310882231616,0.2693680057277156,0.0662018452677166,5.351900742301727,0.3148824432690667,8.11666823352449,1.7277967933705638,0.0012531817128881,0.0671787229164278,0.2108087389804522,0.0,0.0,0.0,0.0,0.0,0.0,34.935268739618074,0.0304578451007507,0.0072991391914441,-100.36445601563148,-4015474000.0,2055968000.0,-4464013000.0,-4015474000.0,1410619500.0,60542500.0,0.0,228.50149831004563,0.0,0.0,0.3938705026690117,0.0,0.0,0.029699392208439,0.0,2002-03-31,,amc,,2025-04-24,2002-03-31,,69.76783333333333,437306.6666666667
2001-12-31,EG,USD,1095073,2001-12-31,2001-12-31 00:00:00,2001,Q4,480728000.0,0.0,480728000.0,1.0,0,108000000.0,0.0,108000000.0,444200000.0,444200000.0,440678000.0,0.0,10738000.0,6272000.0,57110000.0,0.1187989882,50838000.0,0.1057521093,-10788000.0,40050000.0,0.0833111448,4688000.0,35362000.0,0.0735592684,0.75,0.75,46267000,47300000,,,10.39029978170186,0.7643028508440141,4.11891845159617,4.11891845159617,4.770765340307347,37.18680701147687,37.18680701147687,37.18680701147687,12.20111526574016,3271076900.0,3752969900.0,23.125649708726883,6.804423499359305,17.164700110195728,17.164700110195728,1.90121189964441,1.90121189964441,7.806846907190761,65.71475923656102,19.693392978957863,19.693392978957863,0.0108105070840737,0.0582591011541183,0.3218622022851204,0.0710312512826827,8.437979338119419,0.2816220010662875,4.734401192028311,5.389118262541712,0.0009898880701948,0.0915672190486963,0.2246592667787189,0.0,0.0,0.0,0.0,0.0,0.0,25.288230637686056,0.0233856690329455,0.0045358227640274,-104.43600190200358,-4042313000.0,1720522000.0,-4490951000.0,-4042313000.0,1303729000.0,54710000.0,0.0,255.35483683080665,0.0,0.0,0.3524507352865704,0.0,0.0,0.0205530647094312,0.0,2001-12-31,,amc,,2025-04-24,2001-12-31,,70.10421875,550018.75
2001-09-30,EG,USD,1095073,2001-09-30,2001-09-30 00:00:00,2001,Q3,424091000.0,0.0,424091000.0,1.0,0,109700000.0,0.0,109700000.0,501300000.0,501300000.0,502808000.0,0.0,11300000.0,-2197000.0,-69697000.0,-0.1643444449,-67500000.0,-0.159163953,-11217000.0,-78717000.0,-0.185613465,-34952000.0,-43765000.0,-0.1031971912,-0.95,-0.95,46228000,46228000,,,9.17389893570996,-0.9467206022324132,1.5505537769317297,1.5505537769317297,5.47148914078048,37.21242536990569,37.21242536990569,37.21242536990569,12.85004759020507,2949346400.0,3452363400.0,-16.847631669142007,6.954513064413062,41.146589656663735,41.146589656663735,1.714481100487369,1.714481100487369,8.140619348205927,-49.53388811570082,48.16422383124765,48.16422383124765,-0.0148388809127337,0.024303350735607,0.3387472562223297,0.0760673747362361,-7.21719729687074,0.2725252230923329,-5.9734513274336285,-1.637815606077916,0.0010971922457124,-0.07394036330401,0.2586708984628299,0.0,0.0,0.0,0.0,0.0,0.0,,-0.0194604604864001,-0.0057128983054498,-102.8579648697759,-3994564000.0,1720256000.0,-4444043000.0,-3994564000.0,1126087500.0,43002500.0,0.0,263.89383410635924,0.0,0.0,0.3410462404503417,0.0,0.0,-0.0254409808772647,0.0,2001-09-30,,amc,,2025-04-24,2001-09-30,,65.97389830508475,500679.6610169492
2001-06-30,EG,USD,1095073,2001-06-30,2001-06-30 00:00:00,2001,Q2,486644000.0,0.0,486644000.0,1.0,0,97100000.0,0.0,97100000.0,415100000.0,415100000.0,416766000.0,0.0,11545000.0,-3961000.0,7584000.0,0.0155842875,81445000.0,0.1673605346,-11567000.0,69878000.0,0.1435916193,12587000.0,57291000.0,0.117726716,1.24,1.22,46141000,47088000,,,10.546888884072734,1.241650592748315,1.7409679027329272,1.7409679027329272,5.52250709780889,37.01688303244403,37.01688303244403,37.01688303244403,12.87876292234672,3451346800.0,4015919800.0,15.06059765059084,7.0921388119446656,42.96460600024897,42.96460600024897,2.020699580092693,2.020699580092693,8.25227435250409,529.5252900843882,49.99277729366363,49.99277729366363,0.016599606854924,0.0232749719616701,0.3411565366663622,0.0796391259423673,74.4426424050633,0.2448622093023255,7.054569077522737,1.402139952173989,0.0009352870595328,0.0563439283657118,0.1995298411158876,0.0,0.0,0.0,0.0,0.0,0.0,32.15813710518547,0.0334629550868928,0.0078301907422492,-99.63728029301488,-3896511000.0,1707996000.0,-4345195000.0,-3896511000.0,970915500.0,56431000.0,0.0,186.5444760440897,0.0,0.0,0.4824586710288249,0.0,0.0,0.0335428186014487,0.0,2001-06-30,,amc,,2025-04-24,2001-06-30,,67.17,320653.9682539682
2001-03-31,EG,USD,1095073,2001-03-31,2001-03-31 00:00:00,2001,Q1,410082000.0,0.0,410082000.0,1.0,0,82000000.0,0.0,82000000.0,350600000.0,350600000.0,350950000.0,0.0,12421000.0,38000.0,71559000.0,0.1744992465,71521000.0,0.1744065821,-12389000.0,59132000.0,0.1441955511,9002000.0,50130000.0,0.1222438439,1.09,1.07,46059000,47004000,,,8.903406500358237,1.0883866345339672,1.3776894852254715,1.3776894852254715,4.062875876593066,36.48133915195727,36.48133915195727,36.48133915195727,12.876484508999328,3063844680.0,3574478680.0,15.27949670855775,7.471297642910442,48.28373934284138,48.283739342841386,1.8233979767826345,1.8233979767826345,8.71649738345014,49.95149009907908,56.33092238594279,56.33092238594279,0.0163617954680391,0.0207109062721808,0.3455686921455412,0.0819660722568835,7.135845945303875,0.2260924318869828,5.7580710087754605,1.265808896868143,0.0010525990501581,0.0643327348892878,0.1999600079984003,0.0,0.0,0.0,0.0,0.0,0.0,29.88947212171951,0.0324775136219572,0.0070763965684346,-98.06598059011267,-3834712000.0,1680294000.0,-4283532000.0,-3834712000.0,918145500.0,55113000.0,0.0,204.79816231875577,0.0,0.0,0.439457068271543,0.0,0.0,0.0298340647529539,0.0,2001-03-31,,amc,,2025-04-24,2001-03-31,,61.98112903225806,460262.9032258064
2000-12-31,EG,USD,1095073,2000-12-31,2000-12-31 00:00:00,2000,Q4,1894213000.0,0.0,1894213000.0,1.0,0,94700000.0,0.0,94700000.0,356100000.0,356100000.0,1832595000.0,0.0,12762000.0,7593000.0,81955000.0,0.0432659896,74362000.0,0.0392574647,-12744000.0,61618000.0,0.0325296046,10212000.0,51406000.0,0.0271384475,1.1,1.1,45948000,46900000,,,41.225145817010535,1.1187864542526331,0.8946635326891268,0.8946635326891268,10.345716897362236,34.45965003917472,34.45965003917472,34.45965003917472,15.15585009140768,3164898240.0,3771694240.0,15.391677236120298,1.670824896672127,76.9898375012163,76.98983750121631,1.9988595334455004,1.9988595334455004,1.9911669067839783,46.02152693551339,91.75085725406248,91.75085725406248,0.0162425443416468,0.0129887272457771,0.4317542782653509,0.0974775045824988,7.404014398145324,0.2767516562939169,5.826829650524996,0.7996731899000117,0.0008717499871338,0.053670777730226,0.0499943776122326,0.0,0.0,0.0,0.0,0.0,0.0,29.452372872955166,0.028283574086677,0.0073300019463589,-93.08406785931923,-3602500000.0,1583352000.0,-4051243000.0,-3602500000.0,865050500.0,46421000.0,0.0,42.91077613763605,0.0,0.0,2.0973752539764265,0.0,0.0,0.032466564604712,0.0,2000-12-31,,amc,,2025-04-24,2000-12-31,,58.147777777777776,417014.28571428574
2000-09-30,EG,USD,1095073,2000-09-30,2000-09-30 00:00:00,2000,Q3,370603000.0,0.0,370603000.0,1.0,0,65900000.0,0.0,65900000.0,310600000.0,310600000.0,310573000.0,0.0,11931000.0,-2410000.0,69521000.0,0.1875888754,71931000.0,0.1940917909,-11901000.0,60030000.0,0.1619792608,12343000.0,47687000.0,0.1286740798,1.04,1.03,45834000,46414000,,,8.085766025221451,1.04042850285814,0.549482916612122,0.549482916612122,4.026181437360911,32.09034777675961,32.09034777675961,32.09034777675961,13.036479469389535,2268783000.0,2788040000.0,11.894137815337514,6.121868954109924,90.08469326980344,90.08469326980344,1.5425198986421944,1.5425198986421944,7.522982814494216,40.10356582903008,110.70240222354576,110.70240222354576,0.0210187576334977,0.011100664982063,0.3981312579504483,0.0899694930649575,7.469066900648725,0.2204188276312922,6.028916268544129,0.5281313565541972,0.0012125443464623,0.0576886782561285,0.177818312318033,0.0,0.0,0.0,0.0,0.0,0.0,27.408457291597944,0.0332436550488129,0.0073266731031956,-92.35708207880612,-3577498000.0,1470829000.0,-4026353000.0,-3577498000.0,962453000.0,26424500.0,0.0,200.8265988132854,0.0,0.0,0.448147807769606,0.0,0.0,0.0324218518944078,0.0,2000-09-30,,amc,,2025-04-24,2000-09-30,,40.85079365079365,224346.03174603172
2000-06-30,EG,USD,1095073,2000-06-30,2000-06-30 00:00:00,2000,Q2,351648000.0,0.0,351648000.0,1.0,0,46300000.0,0.0,46300000.0,304600000.0,304600000.0,304579000.0,0.0,11610000.0,-5077000.0,53533000.0,0.152234621,58610000.0,0.1666723542,-11541000.0,47069000.0,0.1338526026,8340000.0,38729000.0,0.1101357039,0.85,0.84,45820000,46125000,,,7.674552597119162,0.8452422522915757,0.1061545176778699,0.1061545176778699,4.806219991270187,30.56839807944129,30.56839807944129,30.56839807944129,12.356110868616325,1506561600.0,1994271600.0,9.72502259288905,4.284288834288835,309.7371710526316,309.7371710526316,1.075620643075614,1.075620643075614,5.671215533715534,37.25312610912895,410.00649671052633,410.00649671052633,0.0257068811524201,0.003228543724996,0.3959228754772804,0.0878116932143228,9.11045523322063,0.2951547245857591,5.04823428079242,0.1255906426708667,0.0018246847656279,0.0709804022825273,0.1316657566657566,0.0,0.0,0.0,0.0,0.0,0.0,24.11116519242237,0.0284714692414911,0.0061326795862163,-84.47979048450458,-3147839000.0,1400644000.0,-3596379000.0,-3147839000.0,1077592000.0,15592000.0,0.0,281.0042997542998,0.0,0.0,0.3202797967102027,0.0,0.0,0.0276508520366345,0.0,2000-06-30,,amc,,2025-04-24,2000-06-30,,32.070793650793654,255860.31746031743
2000-03-31,EG,USD,1095073,2000-03-31,2000-03-31 00:00:00,2000,Q1,339843000.0,0.0,339843000.0,1.0,0,65700000.0,0.0,65700000.0,276800000.0,276800000.0,276806000.0,0.0,3083000.0,6000.0,66189000.0,0.1947634643,66183000.0,0.1947458091,-3146000.0,63037000.0,0.1854885933,14479000.0,48558000.0,0.1428836257,1.06,1.06,45889000,46005000,,,7.405761729390486,1.0581620867746082,0.4098367800562226,0.4098367800562226,5.586981629584432,29.92200745276645,29.92200745276645,29.92200745276645,12.150973000065376,1497358070.0,1984849070.0,7.709121411507889,4.406028872155672,79.61706120061679,79.61706120061679,1.090501700178648,1.090501700178648,5.840488313721336,29.98759718382209,105.53778220875206,105.53778220875206,0.0324291169713333,0.0125601219753669,0.4038428625633698,0.087734734355895,7.3651362008793,0.292046465095598,21.467077521894257,0.3873100210058074,0.0018359002132335,0.0566127105729231,0.1933245645783494,0.0,0.0,0.0,0.0,0.0,0.0,26.690869441643457,0.0296979972687796,0.0076828193944119,-84.94260062324304,-3184375000.0,1373091000.0,-3633620000.0,-3184375000.0,1047349000.0,13782000.0,0.0,279.9879944562636,0.0,0.0,0.3214423538937085,0.0,0.0,0.0353640071925313,0.0,2000-03-31,,amc,,2025-04-24,2000-03-31,,25.683968253968253,305133.3333333333
1999-12-31,EG,USD,1095073,1999-12-31,1999-12-31 00:00:00,1999,Q4,1664810000.0,0.0,1664810000.0,1.0,0,0.0,0.0,0.0,-1615128000.0,-1615128000.0,2184028000.0,0.0,0.0,0.0,49682000.0,0.0298424445,49682000.0,0.0298424445,146900000.0,196582000.0,0.1180807419,10121000.0,186461000.0,0.1120013695,3.96,3.84,47135174,48618000,,,35.31990780388336,3.9558780455546847,1.5792028263224402,1.5792028263224402,2.880757372403038,119.58288305035217,119.58288305035217,28.16329902590367,1.2517191513921218,1051585731.94,1048358731.94,1.409927185765388,0.6316551029486848,14.127380997635552,14.127380997635552,0.7921657182093618,0.7921657182093618,0.6297167436163886,21.101379411859423,14.084028318824224,14.084028318824224,0.1773141212709406,0.0707845282977337,0.0444450470891507,0.0103430708963165,-0.0649531017269836,17.319225886451537,0.0,1.881550011374839,0.0026816643801333,0.015123806050595,0.0,0.0,0.0,0.0,0.0,0.0,0.0,50.067334329947,0.009037954234163,0.032687785464374,17.951211976007556,1105497000.0,5636560000.0,1105497000.0,1105497000.0,665977000.0,4371000.0,0.0,56.08499468407807,0.0,0.0,1.6047072930462458,0.0,0.0,0.1404621682252565,0.0,1999-12-31,,amc,,2025-04-24,1999-12-31,,23.639375,360878.125
1999-09-30,EG,USD,1095073,1999-09-30,1999-09-30 00:00:00,1999,Q3,341400000.0,0.0,341400000.0,1.0,0,0.0,0.0,0.0,-293400000.0,-293400000.0,90200000.0,0.0,500000.0,0.0,0.0,0.0,48000000.0,0.1405975395,0.0,103900000.0,0.3043350908,8800000.0,95100000.0,0.2785588752,1.97,1.94,48395062,49000000,,,7.054438735918966,1.9650765195837545,0.50211734412077,0.50211734412077,0.0,119.4977289211862,119.4977289211862,28.46984677899576,0.0103316325950775,1152286426.22,1152286426.22,3.0291441278128284,3.375179924487405,47.4191944946502,47.419194494650206,0.8363234331688197,0.8363234331688197,3.375179924487405,0.0,47.419194494650206,47.419194494650206,0.0825315631912538,0.0210885066829386,0.0,0.0,0.0,0.0,96.0,0.6198979591836735,0.0025167353654535,0.0304942166140904,0.0,0.0,0.0,0.0,0.0,0.0,0.0,35.47917864022382,0.1491835397428963,0.0164444675001296,4.563998698875517,294500000.0,5783100000.0,294500000.0,294500000.0,285000000.0,0.0,0.0,77.63620386643234,0.0,0.0,1.1592529711375212,0.0,0.0,0.0690230802728988,0.0,1999-09-30,,amc,,2025-04-24,1999-09-30,,29.73328125,190673.4375
1999-06-30,EG,USD,1095073,1999-06-30,1999-06-30 00:00:00,1999,Q2,330700000.0,0.0,330700000.0,1.0,0,0.0,0.0,0.0,-283800000.0,-283800000.0,87000000.0,0.0,0.0,0.0,46900000.0,0.141820381,46900000.0,0.141820381,55300000.0,102200000.0,0.3090414273,8800000.0,93400000.0,0.2824312065,1.92,1.91,48679000,48897000,,,6.793483843135644,1.918691838369728,-0.082170956675363,-0.082170956675363,0.0,122.05673904558434,122.05673904558434,28.981696419400564,0.0,1588395770.0000002,1588395770.0000002,4.251594673447538,4.803132053220442,-397.0989425000001,-397.0989425000001,1.1258830238162745,1.1258830238162745,4.803132053220442,33.86771364605544,-397.0989425000001,-397.0989425000001,0.0588014660854958,-0.0025182640721839,0.0,0.0,0.0,0.0,0.0,-0.1049868766404199,0.0018257414523333,0.0310492505353319,0.0,0.0,0.0,0.0,0.0,0.0,0.0,35.371687104169816,0.1555776545757402,0.0157196714689645,4.244643480761725,275500000.0,5941600000.0,275500000.0,275500000.0,280800000.0,0.0,0.0,74.97732083459329,0.0,0.0,1.2003629764065336,0.0,0.0,0.0662035724411681,0.0,1999-06-30,,amc,,2025-04-24,1999-06-30,,31.84555555555556,200239.68253968252
1999-03-31,EG,USD,1095073,1999-03-31,1999-03-31 00:00:00,1999,Q1,294100000.0,0.0,294100000.0,1.0,0,0.0,0.0,0.0,-242100000.0,-242100000.0,73200000.0,0.0,0.0,0.0,52000000.0,0.1768106086,52000000.0,0.1768106086,60000000.0,112000000.0,0.3808228494,10800000.0,101200000.0,0.344100646,2.03,2.02,49803000,50026000,,,5.905266750998936,2.0320061040499566,2.182599441800695,2.182599441800695,0.0,120.34214806336968,120.34214806336968,29.221131257153186,0.0,1553355570.0,1553355570.0,3.8373408349802376,5.281725841550493,14.29029963201472,14.29029963201472,1.0673782519068231,1.0673782519068231,5.281725841550493,29.8722225,14.29029963201472,14.29029963201472,0.0651492819509444,0.0699775390125262,0.0,0.0,0.0,0.0,0.0,2.638349514563106,0.0019313028246327,0.0296442687747035,0.0,0.0,0.0,0.0,0.0,0.0,0.0,36.55125352624798,0.1642282918060618,0.0168852404311409,4.308475393048612,286100000.0,5993400000.0,286100000.0,286100000.0,273800000.0,0.0,0.0,87.55185311118666,0.0,0.0,1.0279622509612023,0.0,0.0,0.0695389266817838,0.0,1999-03-31,,amc,,2025-04-24,1999-03-31,,33.685901639344266,212000.0
1998-12-31,EG,USD,1095073,1998-12-31,1998-12-31 00:00:00,1998,Q4,354500000.0,0.0,354500000.0,1.0,0,0.0,0.0,0.0,-304500000.0,-304500000.0,90100000.0,0.0,0.0,0.0,50000000.0,0.1410437236,50000000.0,0.1410437236,57800000.0,107800000.0,0.304090268,10300000.0,97500000.0,0.2750352609,1.94,1.93,50291181,50465000,,,7.048949596152853,1.938709691466581,-0.0914673290332951,-0.0914673290332951,0.0,119.23959391607843,119.23959391607843,29.41271154479351,0.0,1958338588.14,1958338588.14,5.021380995230769,5.524227329026798,-425.7257800304348,-425.7257800304348,1.323917379759329,1.323917379759329,5.524227329026798,39.1667717628,-425.7257800304348,-425.7257800304348,0.0497871004485511,-0.0023489298673162,0.0,0.0,0.0,0.0,0.0,-0.1158690176322418,0.0012765923191936,0.0256410256410256,0.0,0.0,0.0,0.0,0.0,0.0,0.0,35.819142239793365,0.1729355048120412,0.01625894241833,3.8997891101423927,261500000.0,5996700000.0,261500000.0,261500000.0,283250000.0,0.0,0.0,66.38928067700986,0.0,0.0,1.355640535372849,0.0,0.0,0.0659140075716603,0.0,1998-12-31,,amc,,2025-04-24,1998-12-31,,34.81953125,199403.125
1998-09-30,EG,USD,1095073,1998-09-30,1998-09-30 00:00:00,1998,Q3,327400000.0,0.0,327400000.0,1.0,0,0.0,0.0,0.0,-273800000.0,-273800000.0,83800000.0,0.0,0.0,0.0,53600000.0,0.1637141112,53600000.0,0.1637141112,62200000.0,115800000.0,0.353695785,11500000.0,104300000.0,0.3185705559,2.06,2.06,50722892,50722892,,,6.454679279722457,2.056270766264668,1.2814726731275496,1.2814726731275496,0.0,114.5814004453847,114.5814004453847,28.756246784982213,0.0,1889427727.0,1889427727.0,4.528829642857143,5.771007107513745,29.06811887692308,29.06811887692308,1.2953707164404222,1.2953707164404222,5.771007107513745,35.25051729477612,29.06811887692308,29.06811887692308,0.0552018997654944,0.0344019509564442,0.0,0.0,0.0,0.0,0.0,1.5402843601895737,0.0013760780382577,0.024928092042186,0.0,0.0,0.0,0.0,0.0,0.0,0.0,36.47518562334746,0.1582853421671055,0.0179459385054801,4.509798061198876,305000000.0,5811900000.0,305000000.0,305000000.0,293700000.0,0.0,0.0,83.84239462431276,0.0,0.0,1.0734426229508196,0.0,0.0,0.0715069244481009,0.0,1998-09-30,,amc,,2025-04-24,1998-09-30,,38.655625,177346.875
1998-06-30,EG,USD,1095073,1998-06-30,1998-06-30 00:00:00,1998,Q2,330400000.0,0.0,330400000.0,1.0,0,0.0,0.0,0.0,-273400000.0,-273400000.0,77900000.0,0.0,0.0,0.0,57000000.0,0.1725181598,57000000.0,0.1725181598,65700000.0,122700000.0,0.3713680387,13500000.0,109200000.0,0.3305084746,2.16,2.16,50581395,50581395,,,6.532046022060087,2.15889656661308,1.0418850646566786,1.0418850646566786,0.0,113.33020767813936,113.33020767813936,27.66629904137677,0.0,1944348823.8,1944348823.8,4.451348039835164,5.884833001815981,36.894664588235294,36.894664588235294,1.3894160524510504,1.3894160524510504,5.884833001815981,34.11138287368421,36.894664588235294,36.894664588235294,0.056162761878592,0.027104190027489,0.0,0.0,0.0,0.0,0.0,1.2114942528735633,0.0012857775155355,0.0228937728937728,0.0,0.0,0.0,0.0,0.0,0.0,0.0,36.65917695822806,0.1796338752017288,0.0190496127276533,4.187310373705589,282400000.0,5732400000.0,282400000.0,282400000.0,273550000.0,0.0,0.0,76.92493946731236,0.0,0.0,1.169971671388102,0.0,0.0,0.0780334429041017,0.0,1998-06-30,,amc,,2025-04-24,1998-06-30,,40.31111111111111,199946.03174603172
1998-03-31,EG,USD,1095073,1998-03-31,1998-03-31 00:00:00,1998,Q1,302900000.0,0.0,302900000.0,1.0,0,0.0,0.0,0.0,-250900000.0,-250900000.0,72200000.0,0.0,0.0,0.0,52000000.0,0.1716738197,52000000.0,0.1716738197,61600000.0,113600000.0,0.3750412677,12200000.0,101400000.0,0.3347639485,2.01,2.0,50481000,50800000,,,6.000277332065529,2.008676531764426,1.390622214298449,1.390622214298449,0.0,112.63049464154832,112.63049464154832,26.86753431984311,0.0,2076283530.0,2076283530.0,5.119042233727811,6.854683162759987,29.57668846153846,29.576688461538463,1.5308438619774387,1.5308438619774387,6.854683162759987,39.92852942307693,29.576688461538463,29.576688461538463,0.0488372606799033,0.0338104112399331,0.0,0.0,0.0,0.0,0.0,1.763819095477387,0.0012040744743565,0.02465483234714,0.0,0.0,0.0,0.0,0.0,0.0,0.0,34.84658056724495,0.1753513145362541,0.0178342156638584,3.9326677363760623,264700000.0,5685700000.0,264700000.0,264700000.0,260450000.0,0.0,0.0,78.64971937933312,0.0,0.0,1.1443143180959576,0.0,0.0,0.0747622207476222,0.0,1998-03-31,,amc,,2025-04-24,1998-03-31,,38.326557377049184,209167.2131147541
1997-12-31,EG,USD,1095073,1997-12-31,1997-12-31 00:00:00,1997,Q4,360900000.0,0.0,360900000.0,1.0,0,0.0,0.0,0.0,-310900000.0,-310900000.0,96900000.0,0.0,0.0,0.0,50000000.0,0.1385425326,50000000.0,0.1385425326,60600000.0,110600000.0,0.306456082,12200000.0,98400000.0,0.2726517041,1.95,1.95,50466000,50466000,,,7.151349423374153,1.9498276067055047,1.8725478540007137,1.8725478540007137,0.0,109.73724884080372,109.73724884080372,25.908532477311457,0.0,2081722500.0,2081722500.0,5.288929115853659,5.768142144638404,22.028809523809525,22.028809523809525,1.5921395793499045,1.5921395793499045,5.768142144638404,41.63445,22.028809523809525,22.028809523809525,0.0472685480413455,0.0453950994909263,0.0,0.0,0.0,0.0,0.0,2.5,0.0009607428463688,0.0203252032520325,0.0,0.0,0.0,0.0,0.0,0.0,0.0,33.71403813181507,0.1736324328444803,0.0177681473456121,3.8075139698014495,256200000.0,5538000000.0,256200000.0,256200000.0,262000000.0,0.0,0.0,63.89027431421447,0.0,0.0,1.4086651053864168,0.0,0.0,0.0752581261950286,0.0,1997-12-31,,amc,,2025-04-24,1997-12-31,,39.34390625,91010.9375
1997-09-30,EG,USD,1095073,1997-09-30,1997-09-30 00:00:00,1997,Q3,331700000.0,0.0,331700000.0,1.0,0,0.0,0.0,0.0,-280900000.0,-280900000.0,76700000.0,0.0,0.0,0.0,50800000.0,0.1531504371,50800000.0,0.1531504371,60200000.0,111000000.0,0.3346397347,12400000.0,98600000.0,0.2972565571,1.95,1.95,50466000,50466000,,,6.572742044148535,1.953790670946776,1.4762414298735782,1.4762414298735782,0.0,106.38845955692942,106.38845955692942,24.70772401220624,0.0,2069106000.0,2069106000.0,5.246211967545639,6.237883629785952,27.77323489932886,27.77323489932886,1.6594001122784503,1.6594001122784503,6.237883629785952,40.73043307086614,27.77323489932886,27.77323489932886,0.0476534309987018,0.0360058885335019,0.0,0.0,0.0,0.0,0.0,1.9401041666666667,0.0010149310861792,0.0212981744421906,0.0,0.0,0.0,0.0,0.0,0.0,0.0,32.95692211351,0.1685027820950151,0.0183646861612963,3.979907264296754,267800000.0,5369000000.0,267800000.0,267800000.0,253200000.0,0.0,0.0,72.66204401567681,0.0,0.0,1.2386109036594473,0.0,0.0,0.0790761087496992,0.0,1997-09-30,,amc,,2025-04-24,1997-09-30,,37.87359375,103864.0625
1997-06-30,EG,USD,1095073,1997-06-30,1997-06-30 00:00:00,1997,Q2,319100000.0,0.0,319100000.0,1.0,0,0.0,0.0,0.0,-258500000.0,-258500000.0,78200000.0,0.0,0.0,0.0,60600000.0,0.1899091194,60600000.0,0.1899091194,71600000.0,132200000.0,0.4142901912,16300000.0,115900000.0,0.3632090254,2.3,2.3,50469000,50469000,,,6.322693138362163,2.296459212585944,2.4034555865977136,2.4034555865977136,0.0,104.0024569537736,104.0024569537736,23.08743981453961,0.0,2000086470.0,2000086470.0,4.314250366695427,6.267898683798183,16.488759027205276,16.48875902720528,1.7165177394438724,1.7165177394438724,6.267898683798183,33.004727227722775,16.48875902720528,16.48875902720528,0.0579474946400692,0.060647377910616,0.0,0.0,0.0,0.0,0.0,2.738148984198645,0.0009999567668691,0.0172562553925798,0.0,0.0,0.0,0.0,0.0,0.0,0.0,34.53890106510727,0.2226661323682144,0.0220808169330716,3.5457409498900314,238600000.0,5248900000.0,238600000.0,238600000.0,241350000.0,0.0,0.0,67.29551864619242,0.0,0.0,1.337384744341995,0.0,0.0,0.0994679025060075,0.0,1997-06-30,,amc,,2025-04-24,1997-06-30,,31.92640625,194543.75
1997-03-31,EG,USD,1095073,1997-03-31,1997-03-31 00:00:00,1997,Q1,287500000.0,0.0,287500000.0,1.0,0,0.0,0.0,0.0,-241500000.0,-241500000.0,74800000.0,0.0,0.0,0.0,46000000.0,0.16,46000000.0,0.16,0.0,103100000.0,0.3586086957,11500000.0,91600000.0,0.3186086957,1.81,1.81,50490000,50490000,,,5.694196870667459,1.8142206377500496,1.7052881758764111,1.7052881758764111,0.0,100.77639136462666,100.77639136462666,21.24579124579125,0.0,1483396200.0,1483396200.0,4.048570414847161,5.159638956521739,17.228759581881533,17.228759581881533,1.382862123613312,1.382862123613312,5.159638956521739,32.24774347826087,17.228759581881533,17.228759581881533,0.0617501918907436,0.0580424838623693,0.0,0.0,0.0,0.0,0.0,2.4956521739130437,0.0013482574648633,0.0218340611353711,0.0,0.0,0.0,0.0,0.0,0.0,0.0,29.449150093465956,0.1674275262837296,0.0180024370111237,3.625965537730244,244100000.0,5088200000.0,244100000.0,244100000.0,231100000.0,0.0,0.0,76.41391304347826,0.0,0.0,1.177795985251946,0.0,0.0,0.0853920014915633,0.0,1997-03-31,,amc,,2025-04-24,1997-03-31,,29.10868852459016,173296.7213114754
1996-12-31,EG,USD,1095073,1996-12-31,1996-12-31 00:00:00,1996,Q4,353200000.0,0.0,353200000.0,1.0,0,0.0,0.0,0.0,-311800000.0,-311800000.0,-311800000.0,0.0,0.0,0.0,41400000.0,0.117214043,41400000.0,0.117214043,0.0,95400000.0,0.2701019253,9100000.0,86300000.0,0.2443374858,1.71,1.71,50434783,50434783,,,7.003103393941439,1.711120676379236,2.553793083634364,2.553793083634364,0.0,99.9191371557998,99.9191371557998,21.53275845362515,0.0,1450000011.25,1450000011.25,4.200463532010429,4.105322795158551,11.2577640625,11.2577640625,1.3351749643186004,1.3351749643186004,4.105322795158551,35.024154861111114,11.2577640625,11.2577640625,0.0595172409175386,0.088827585517717,0.0,0.0,0.0,0.0,0.0,3.9876160990712073,0.0010344827505945,0.0173812282734646,0.0,0.0,0.0,0.0,0.0,0.0,0.0,28.792635077624453,0.1717145501890253,0.0171250545699884,3.243297388629589,218100000.0,5039400000.0,218100000.0,218100000.0,244900000.0,0.0,0.0,55.57474518686297,0.0,0.0,1.619440623567171,0.0,0.0,0.0794659300184162,0.0,1996-12-31,,amc,,2025-04-24,1996-12-31,,26.49890625,126906.25
1996-09-30,EG,USD,1095073,1996-09-30,1996-09-30 00:00:00,1996,Q3,288300000.0,0.0,288300000.0,1.0,0,0.0,0.0,0.0,-259000000.0,-259000000.0,-259000000.0,0.0,0.0,0.0,29300000.0,0.1016302463,29300000.0,0.1016302463,0.0,72300000.0,0.250780437,6100000.0,66200000.0,0.2296219216,1.31,1.31,50434783,50434783,,,5.716293059097726,1.3125861967126933,2.3872413607886447,2.3872413607886447,0.0,97.65284406993484,97.65284406993484,20.11706880943653,0.0,1248260879.25,1248260879.25,4.713976130098187,4.329729029656607,10.367615276162793,10.367615276162793,1.2302985208456534,1.2302985208456534,4.329729029656607,42.60276038395904,10.367615276162793,10.367615276162793,0.0530337857257653,0.0964541963955007,0.0,0.0,0.0,0.0,0.0,5.189655172413793,0.0012817833408039,0.0241691842900302,0.0,0.0,0.0,0.0,0.0,0.0,0.0,24.3746016140917,0.0987410347532645,0.0134413514446407,4.040366347962675,271700000.0,4925100000.0,271700000.0,271700000.0,285650000.0,0.0,0.0,84.81789802289282,0.0,0.0,1.0610967979389032,0.0,0.0,0.0652473881332544,0.0,1996-09-30,,amc,,2025-04-24,1996-09-30,,24.64921875,108921.875
1996-06-30,EG,USD,1095073,1996-06-30,1996-06-30 00:00:00,1996,Q2,269400000.0,0.0,269400000.0,1.0,0,0.0,0.0,0.0,-231400000.0,-231400000.0,14000000.0,0.0,0.0,0.0,38000000.0,0.1410541945,38000000.0,0.1410541945,0.0,88600000.0,0.3288789903,9300000.0,79300000.0,0.2943578322,1.57,1.57,50350877,50350877,,,5.350452982179436,1.5749477412280226,1.3326480887314038,1.3326480887314038,0.0,94.60808398630276,94.60808398630276,19.320418192517284,0.0,1290492977.51,1290492977.51,4.068388958102144,4.790248617334818,19.23238416557377,19.23238416557377,1.3265758403680097,1.3265758403680097,4.790248617334818,33.96034151342105,19.23238416557377,19.23238416557377,0.0614493851435045,0.0519956335829654,0.0,0.0,0.0,0.0,0.0,2.337979094076655,0.0011623465033449,0.0189155107187894,0.0,0.0,0.0,0.0,0.0,0.0,0.0,26.16571425200223,0.113522318697315,0.0166470736417835,4.462682943933628,299600000.0,4763600000.0,299600000.0,299600000.0,297600000.0,0.0,0.0,100.0890868596882,0.0,0.0,0.8991989319092123,0.0,0.0,0.0815172697368421,0.0,1996-06-30,,amc,,2025-04-24,1996-06-30,,23.69079365079365,192482.53968253967
1996-03-31,EG,USD,1095073,1996-03-31,1996-03-31 00:00:00,1996,Q1,258500000.0,0.0,258500000.0,1.0,0,0.0,0.0,0.0,-223500000.0,-223500000.0,13900000.0,0.0,0.0,0.0,35000000.0,0.1353965184,35000000.0,0.1353965184,0.0,83200000.0,0.3218568665,7200000.0,76000000.0,0.2940038685,1.5,1.5,50545455,50545455,,,5.114208587102441,1.5035971087806017,1.9329136516824312,1.9329136516824312,0.0,94.1093516716785,94.1093516716785,19.119424288494383,0.0,1225727283.75,1225727283.75,4.031997643914474,4.741691619922631,12.545826855168883,12.545826855168883,1.2683436297081954,1.2683436297081954,4.741691619922631,35.02077953571428,12.545826855168883,12.545826855168883,0.062004004485798,0.0797077794508219,0.0,0.0,0.0,0.0,0.0,3.514388489208633,0.0012237632464302,0.0197368421052631,0.0,0.0,0.0,0.0,0.0,0.0,0.0,25.432813437347427,0.1081568127407098,0.0159771274806592,4.386151039692886,295600000.0,4756800000.0,295600000.0,295600000.0,,,,102.91682785299808,0.0,0.0,0.8744925575101489,0.0,0.0,0.0786423841059602,0.0,1996-03-31,,amc,,2025-04-24,1996-03-31,,22.71809523809524,302941.2698412698
