date,symbol,reportedCurrency,cik,fillingDate,acceptedDate,calendarYear,period,revenue,costOfRevenue,grossProfit,grossProfitRatio,researchAndDevelopmentExpenses,generalAndAdministrativeExpenses,sellingAndMarketingExpenses,sellingGeneralAndAdministrativeExpenses,otherExpenses,operatingExpenses,costAndExpenses,interestIncome,interestExpense,depreciationAndAmortization,ebitda,ebitdaratio,operatingIncome,operatingIncomeRatio,totalOtherIncomeExpensesNet,incomeBeforeTax,incomeBeforeTaxRatio,incomeTaxExpense,netIncome,netIncomeRatio,eps,epsdiluted,weightedAverageShsOut,weightedAverageShsOutDil,link,finalLink,revenuePerShare,netIncomePerShare,operatingCashFlowPerShare,freeCashFlowPerShare,cashPerShare,bookValuePerShare,tangibleBookValuePerShare,shareholdersEquityPerShare,interestDebtPerShare,marketCap,enterpriseValue,peRatio,priceToSalesRatio,pocfratio,pfcfRatio,pbRatio,ptbRatio,evToSales,enterpriseValueOverEBITDA,evToOperatingCashFlow,evToFreeCashFlow,earningsYield,freeCashFlowYield,debtToEquity,debtToAssets,netDebtToEBITDA,currentRatio,interestCoverage,incomeQuality,dividendYield,payoutRatio,salesGeneralAndAdministrativeToRevenue,researchAndDdevelopementToRevenue,intangiblesToTotalAssets,capexToOperatingCashFlow,capexToRevenue,capexToDepreciation,stockBasedCompensationToRevenue,grahamNumber,roic,returnOnTangibleAssets,grahamNetNet,workingCapital,tangibleAssetValue,netCurrentAssetValue,investedCapital,averageReceivables,averagePayables,averageInventory,daysSalesOutstanding,daysPayablesOutstanding,daysOfInventoryOnHand,receivablesTurnover,payablesTurnover,inventoryTurnover,roe,capexPerShare,report_date,epsEstimated,time,revenueEstimated,updatedFromDate,fiscalDateEnding,surprise(%),QuarterAvgPrice,QuarterAvgVolume
2025-03-31,EIX,USD,827052,2025-04-29,2025-04-29 16:07:49,2025,Q1,3811000000.0,2030000000.0,1781000000.0,0.4673314091,0,0.0,0.0,0.0,-353000000.0,-353000000.0,1677000000.0,0.0,0.0,742000000.0,2983000000.0,0.7827341905,2134000000.0,0.5599580163,-194000000.0,1940000000.0,0.5090527421,448000000.0,1492000000.0,0.3914982944,3.73,3.72,385000000,385000000,https://www.sec.gov/Archives/edgar/data/827052/000082705225000043/0000827052-25-000043-index.htm,https://www.sec.gov/Archives/edgar/data/92103/000082705225000043/eix-20250331.htm,9.8987012987013,3.8753246753246753,3.1792207792207794,-0.4779220779220779,0.0,48.82337662337663,48.82337662337663,43.17402597402597,102.75324675324676,22684200000.0,62244200000.0,3.800971849865952,5.952295985305694,18.5328431372549,-123.28369565217392,1.3647094212489472,1.3647094212489472,16.33277355024928,20.866309084813945,50.8531045751634,-338.2836956521739,0.0657726523306971,-0.0081113726734908,2.379978341956443,0.4474100882153359,13.26181696278914,0.955978890462093,0.0,0.8203753351206434,0.0160023276112889,0.2432975871313673,0.0,0.0,0.0,1.1495098039215683,0.3691944371556022,1.8962264150943395,0.0,61.355935200114544,0.0196186719263642,0.0168740104048857,-180.83896103896103,-342000000.0,18797000000.0,-62196000000.0,-342000000.0,1508500000.0,2078000000.0,269000000.0,0.0,95.58620689655172,0.0,0.0,0.9415584415584416,0.0,0.0897605582962339,3.6545454545454543,2025-04-29,1.21,amc,4304954260.0,2025-05-11,2025-03-31,0.1322314049586778,57.47375,5694370.016666667
2024-12-31,EIX,USD,827052,2025-02-27,2025-02-27 16:09:50,2024,Q4,3984000000.0,2246000000.0,1738000000.0,0.4362449799,0,73000000.0,0.0,73000000.0,875000000.0,948000000.0,3194000000.0,54000000.0,468000000.0,704000000.0,1635000000.0,0.4103915663,790000000.0,0.1982931727,-379000000.0,411000000.0,0.1031626506,3000000.0,408000000.0,0.1024096386,0.88,0.88,386000000,388000000,https://www.sec.gov/Archives/edgar/data/827052/000082705225000022/0000827052-25-000022-index.htm,https://www.sec.gov/Archives/edgar/data/92103/000082705225000022/eix-20241231.htm,10.321243523316062,1.0569948186528495,3.0310880829015545,-0.844559585492228,0.5,45.95854922279793,47.92746113989637,40.32383419689119,6.533678756476684,30818240000.0,32679240000.0,18.88372549019608,7.735502008032128,26.34037606837607,-94.53447852760736,1.979970446514616,1.979970446514616,8.202620481927712,19.987302752293576,27.93097435897436,-100.24306748466256,0.0132389130592791,-0.0105781511208946,0.1319627369097333,0.0240012152514051,1.1382262996941896,0.8478492712406683,1.688034188034188,2.867647058823529,0.0097993915291723,0.7401960784313726,0.0183232931726907,0.0,-0.0088806833452131,1.2786324786324783,0.3755020080321285,1.9253539253539256,0.0,30.96767485334406,0.0097649584321243,0.0047255585540717,-168.68976683937825,-1284000000.0,18500000000.0,-60684000000.0,58390000000.0,3499500000.0,2092500000.0,535500000.0,68.15512048192771,80.14247551202136,21.55832591273375,1.3205170699370234,1.123,4.174721189591078,0.0262126566013491,3.8756476683937824,2025-02-27,1.09,amc,3923416310.0,2025-05-11,2024-12-31,-0.036697247706422,83.59125,2085369.609375
2024-09-30,EIX,USD,827052,2024-10-29,2024-10-29 16:07:56,2024,Q3,5201000000.0,3291000000.0,1910000000.0,0.3672370698,0,37000000.0,0.0,37000000.0,878000000.0,915000000.0,4205000000.0,65000000.0,477000000.0,729000000.0,1832000000.0,0.3522399539,995000000.0,0.1913093636,-350000000.0,645000000.0,0.1240146126,68000000.0,577000000.0,0.1109402038,1.33,1.32,387000000,390000000,https://www.sec.gov/Archives/edgar/data/827052/000082705224000075/0000827052-24-000075-index.htm,https://www.sec.gov/Archives/edgar/data/92103/000082705224000075/eix-20240930x10q.htm,13.439276485788112,1.4909560723514212,6.387596899224806,2.483204134366925,0.5167958656330749,46.78811369509044,46.78811369509044,40.47286821705426,95.80361757105943,33703830000.0,70102830000.0,14.603045927209706,6.480259565468179,13.634235436893205,35.07162330905307,2.1518119134265468,2.1518119134265468,13.47872139973082,38.26573689956332,28.35875,72.94779396462019,0.0171197160678771,0.0285130799674695,2.336653259273447,0.4318517032649352,19.86844978165939,0.8750440813447748,2.0859538784067087,4.284228769497401,0.0102065551600515,0.5961871750433275,0.0071140165352816,0.0,0.0,0.6112459546925566,0.2905210536435301,2.072702331961591,0.0,36.847300365944825,0.011198771736919,0.006808339921415,-163.27906976744185,-1063000000.0,18107000000.0,-59198000000.0,58415000000.0,3504500000.0,2038500000.0,533500000.0,68.90597961930398,59.753874202370106,14.576116681859618,1.306127574083375,1.5061784897025172,6.174484052532833,0.0368384089893379,3.904392764857881,2024-10-29,1.38,amc,5008606542.0,2025-04-25,2024-09-30,0.0942028985507247,81.22015625,1930754.609375
2024-06-30,EIX,USD,827052,2024-07-25,2024-07-25 16:09:01,2024,Q2,4336000000.0,3245000000.0,1091000000.0,0.2516143911,0,15000000.0,0.0,15000000.0,-191000000.0,191000000.0,3436000000.0,72000000.0,480000000.0,726000000.0,1774000000.0,0.4091328413,900000000.0,0.2075645756,-332000000.0,568000000.0,0.13099631,59000000.0,460000000.0,0.1060885609,1.14,1.13,385000000,388000000,https://www.sec.gov/Archives/edgar/data/827052/000082705224000055/0000827052-24-000055-index.htm,https://www.sec.gov/Archives/edgar/data/92103/000082705224000055/eix-20240630x10q.htm,11.262337662337664,1.1948051948051948,0.8545454545454545,-2.8363636363636364,1.309090909090909,46.41038961038961,64.23636363636363,40.06233766233766,98.65714285714286,27408150000.0,64407150000.0,14.895733695652174,6.321067804428044,83.30744680851065,-25.099038461538463,1.776980679460581,1.776980679460581,14.854047509225092,36.30617249154453,195.7664133738602,-58.980906593406594,0.0167833290462873,-0.039842163735969,2.4314704356846475,0.4421585040911127,20.856257046223224,1.0287648054145515,1.875,0.7152173913043478,0.0109821348759401,0.6543478260869565,0.0034594095940959,0.0,-0.0809144285411115,4.319148936170213,0.3277214022140221,1.9573002754820936,0.0,32.8176858719124,0.0100975821878385,0.005017397279698,-165.99675324675326,238000000.0,24731000000.0,-58438000000.0,51925000000.0,2847000000.0,1898000000.0,526500000.0,62.82979704797048,52.47457627118644,14.810477657935287,1.432441361083581,1.7151162790697674,6.0767790262172285,0.0298236514522821,3.690909090909091,2024-07-25,1.07,amc,4122055768.0,2025-04-25,2024-06-30,0.1495327102803737,72.4857142857143,1793946.888888889
2024-03-31,EIX,USD,827052,2024-04-30,2024-04-30 16:10:18,2024,Q1,4078000000.0,2325000000.0,1753000000.0,0.4298675821,0,629000000.0,0.0,629000000.0,2000000.0,1486000000.0,3811000000.0,67000000.0,444000000.0,707000000.0,1625000000.0,0.3984796469,245000000.0,0.0600784698,-306000000.0,-61000000.0,-0.0149583129,-113000000.0,52000000.0,0.0127513487,-0.03,-0.03,385000000,385000000,https://www.sec.gov/Archives/edgar/data/827052/000082705224000035/0000827052-24-000035-index.htm,https://www.sec.gov/Archives/edgar/data/92103/000082705224000035/eix-20240331x10q.htm,10.592207792207793,0.135064935064935,2.709090909090909,-0.612987012987013,-8.56103896103896,45.75324675324675,63.07532467532467,39.407792207792205,96.35584415584415,27119400000.0,62780400000.0,130.38173076923078,6.6501716527709664,26.001342281879197,-114.91271186440676,1.7874637490113368,1.7874637490113368,15.394899460519865,38.63409230769231,60.192138063279,-266.01864406779663,0.0019174465511773,-0.0087022574245742,2.4158317954126023,0.4384382588308472,21.94523076923077,0.996332363728342,0.5518018018018018,20.057692307692307,0.012500276554791,6.519230769230769,0.1542422756253065,0.0,-0.0797736815033672,1.2262703739213807,0.3136341343795978,1.809052333804809,0.0,10.94343388297078,-0.0026543867595688,0.0005760623919883,-174.07857142857142,-29000000.0,24284000000.0,-58106000000.0,51196000000.0,2712500000.0,1943500000.0,523000000.0,58.85973516429623,73.70322580645161,20.09032258064516,1.5290588676415449,1.2211134453781514,4.479768786127168,0.0034273662008963,3.322077922077922,2024-04-30,1.11,amc,4155101351.0,2025-04-25,2024-03-31,0.0180180180180178,68.36540983606557,2331064.049180328
2023-12-31,EIX,USD,827052,2024-02-22,2024-02-22 16:09:02,2023,Q4,3706000000.0,1964000000.0,1742000000.0,0.4700485699,358000000,143000000.0,0.0,143000000.0,15000000.0,950000000.0,2914000000.0,73000000.0,426000000.0,687000000.0,1601000000.0,0.4320021587,791000000.0,0.2134376686,-303000000.0,488000000.0,0.1316783594,67000000.0,421000000.0,0.1135995683,0.98,0.98,383924912,383924912,https://www.sec.gov/Archives/edgar/data/827052/000082705224000013/0000827052-24-000013-index.htm,https://www.sec.gov/Archives/edgar/data/92103/000082705224000013/eix-20231231x10k.htm,9.652929216533884,1.096568591516666,2.226997970894892,-1.568014945589152,0.8986132163260091,46.73830595290987,24.082834197537043,40.37508251092599,93.0833058314278,27446791958.88,62412791958.88,16.298570046840855,7.406042082806259,32.10151106301755,-45.59267767255813,1.7706465362802395,1.7706465362802395,16.84101240120885,38.98363020542161,72.99741749576607,-103.67573415096344,0.0153387689399449,-0.0219333465602063,2.277982065673182,0.4318965728124465,21.84009993753904,0.7921609676668993,1.8568075117370888,2.030878859857482,0.0102744248006282,0.669833729216152,0.0385860766324878,0.0966001079330814,0.1063871425426258,1.704093567251462,0.3931462493254182,2.120815138282387,0.0124123043712898,31.562098561897688,0.0088561215532475,0.005762387079113,-159.24207596093686,-1787000000.0,9246000000.0,-57003000000.0,64216000000.0,3025000000.0,2045500000.0,516000000.0,66.97787371829466,90.87067209775968,24.149694501018327,1.3437273386511963,0.9904185577407968,3.726755218216319,0.0271595380943164,3.795012916484044,2024-02-22,1.22,amc,4093730000.0,2025-04-25,2023-12-31,0.0491803278688525,65.70349206349206,2206614.746031746
2023-09-30,EIX,USD,827052,2023-11-01,2023-11-01 16:11:14,2023,Q3,4702000000.0,2870000000.0,1832000000.0,0.3896214377,0,536000000.0,0.0,536000000.0,24000000.0,1340000000.0,4210000000.0,68000000.0,433000000.0,665000000.0,1287000000.0,0.2737133135,492000000.0,0.104636325,-303000000.0,189000000.0,0.0401956614,-23000000.0,212000000.0,0.0450871969,0.4,0.4,383000000,385000000,https://www.sec.gov/Archives/edgar/data/827052/000082705223000084/0000827052-23-000084-index.htm,https://www.sec.gov/Archives/edgar/data/92103/000082705223000084/eix-20230930x10q.htm,12.276762402088773,0.5535248041775457,4.788511749347259,1.4464751958224542,1.164490861618799,45.87728459530026,38.52480417754569,40.91383812010444,91.90861618798957,24240070000.0,58562070000.0,28.58498820754717,5.155267971076138,13.21705016357688,43.75463898916968,1.5469093809827696,1.5469093809827696,12.454715014887284,45.502773892773895,31.93133587786259,105.70770758122744,0.0087458493312931,0.0228547194789454,2.218761965539247,0.4337108926700264,26.66822066822067,0.8014844355821424,1.136258660508083,8.650943396226415,0.0136550760785756,1.5613207547169812,0.1139940450871969,0.0,0.0351279876253679,0.697928026172301,0.2722245852828583,1.9306184012066363,0.0,22.57329274287667,0.0073328862061256,0.0027408594921652,-155.1579634464752,-1792000000.0,14755000000.0,-55358000000.0,57370000000.0,2882500000.0,1949000000.0,508000000.0,63.01148447469161,66.10452961672475,15.83623693379791,1.428311057108141,1.3614800759013284,5.683168316831683,0.0135290363752393,3.342036553524804,2023-11-01,1.46,amc,5715470000.0,2025-04-25,2023-09-30,-0.0547945205479452,69.67031746031746,1538259.1587301588
2023-06-30,EIX,USD,827052,2023-07-27,2023-07-27 16:09:08,2023,Q2,3964000000.0,2388000000.0,1576000000.0,0.3975782038,0,53000000.0,0.0,53000000.0,21000000.0,852000000.0,3240000000.0,66000000.0,392000000.0,695000000.0,1498000000.0,0.37790111,724000000.0,0.1826437941,-264000000.0,460000000.0,0.1160443996,51000000.0,380000000.0,0.0958627649,0.92,0.92,383000000,385000000,https://www.sec.gov/Archives/edgar/data/827052/000082705223000065/0000827052-23-000065-index.htm,https://www.sec.gov/Archives/edgar/data/92103/000082705223000065/eix-20230630x10q.htm,10.349869451697128,0.9921671018276762,2.093994778067885,-1.5274151436031331,0.5091383812010444,46.19843342036553,39.27937336814622,41.23498694516971,91.65274151436032,26599350000.0,61115350000.0,17.499572368421052,6.710229566094854,33.16627182044888,-45.46897435897436,1.6842493509782814,1.6842493509782814,15.417595862764884,40.79796395193591,76.2036783042394,-104.47068376068376,0.014286063381248,-0.021993018626395,2.197872475147217,0.4363364382597327,23.041388518024032,0.840149541180469,1.846938775510204,1.960880195599022,0.0104513832104919,0.7315789473684211,0.0133703329969727,0.0,0.0333119633945519,1.729426433915212,0.3498990918264379,1.99568345323741,0.0,30.34007158122818,0.008572899289944,0.0049414181870196,-155.48759791122714,-1411000000.0,15044000000.0,-54441000000.0,56796000000.0,2345000000.0,1792500000.0,505500000.0,56.14783047426841,67.46231155778895,19.258793969849247,1.6029114435907803,1.3340782122905028,4.673189823874756,0.0240612929779016,3.6214099216710185,2023-07-27,0.96,amc,5763570000.0,2025-04-25,2023-06-30,0.0520833333333333,70.36225806451613,1533048.5322580645
2023-03-31,EIX,USD,827052,2023-05-02,2023-05-02 16:08:52,2023,Q1,3966000000.0,2402000000.0,1564000000.0,0.3943519919,0,148000000.0,0.0,148000000.0,796000000.0,944000000.0,3346000000.0,60000000.0,361000000.0,676000000.0,1470000000.0,0.3706505295,620000000.0,0.1563287948,-242000000.0,378000000.0,0.0953101362,13000000.0,365000000.0,0.0920322743,0.81,0.81,383000000,384000000,https://www.sec.gov/Archives/edgar/data/827052/000082705223000037/0000827052-23-000037-index.htm,https://www.sec.gov/Archives/edgar/data/92103/000082705223000037/eix-20230331x10q.htm,10.355091383812011,0.9530026109660574,-0.2349869451697128,-3.691906005221932,2.1827676240208875,45.81984334203656,45.81984334203656,40.85639686684073,91.4046997389034,27035970000.0,60846970000.0,18.51778767123288,6.816936459909228,-300.3996666666667,-19.12020509193777,1.727758819018405,1.727758819018405,15.342150781643976,41.392496598639454,-676.0774444444445,-43.03180339462518,0.0135005328086989,-0.0523006942232884,2.214148773006135,0.4393816420219646,23.000680272108845,0.8618216590963423,1.7174515235457064,-0.2465753424657534,0.0121689734083888,0.9013698630136986,0.037317196167423,0.0,0.0,-14.71111111111111,0.3338376197680282,1.9585798816568047,0.0,29.59840688275646,0.0080072391386206,0.0046288076698709,-152.88838120104438,-1156000000.0,17549000000.0,-54095000000.0,54360000000.0,2276500000.0,2077000000.0,487000000.0,50.31013615733737,67.25645295587012,18.734388009991672,1.7889039242219216,1.3381615598885794,4.804,0.0233256646216768,3.4569190600522197,2023-05-02,1.04,amc,4250000000.0,2025-04-25,2023-03-31,0.0480769230769231,67.53935483870968,2105646.3225806453
2022-12-31,EIX,USD,827052,2023-02-23,2023-02-23 16:10:08,2022,Q4,4016000000.0,2446000000.0,1570000000.0,0.390936255,344000000,51000000.0,0.0,51000000.0,766000000.0,817000000.0,3263000000.0,53000000.0,350000000.0,656000000.0,1548000000.0,0.3854581673,764000000.0,0.1902390438,-221000000.0,543000000.0,0.1352091633,73000000.0,470000000.0,0.1170318725,1.09,1.08,382208498,384259259,https://www.sec.gov/Archives/edgar/data/827052/000082705223000010/0000827052-23-000010-index.htm,https://www.sec.gov/Archives/edgar/data/92103/000082705223000010/eix-20221231x10k.htm,10.507354025393752,1.2296953167168982,2.768122649120167,-1.3474321023600055,2.3913649350622235,45.84408795641168,45.84408795641168,40.87036285624398,87.50721183598591,24316104642.76,56498104642.76,12.934098214234044,6.054806932958167,22.9830856736862,-47.21573717040776,1.5566291942103576,1.5566291942103576,14.068253148097607,36.497483619354,53.40085504986767,-109.70505755875728,0.0193287537993853,-0.0211793791631563,2.118686383714231,0.4240847759511026,20.789405684754524,0.6832898424664153,2.182857142857143,2.806366047745358,0.010815877126039,0.5595744680851064,0.0126992031872509,0.0856573705179282,0.0,1.4867674858223063,0.3916832669322709,2.376132930513595,0.0104581673306772,33.627475528635486,0.0090800249136786,0.0060224753655129,-150.74494759140595,-3277000000.0,17522000000.0,-53449000000.0,51651000000.0,2946500000.0,2353500000.0,456500000.0,52.35059760956175,86.7988552739166,17.44071954210957,1.7191780821917808,1.036880033912675,5.160337552742616,0.0300877024518276,4.115554751480173,2023-02-23,1.1,amc,3159001619.0,2025-04-25,2022-12-31,0.0454545454545452,61.37190476190476,1910484.396825397
2022-09-30,EIX,USD,827052,2022-11-01,2022-11-01 16:08:19,2022,Q3,5228000000.0,3464000000.0,1764000000.0,0.337413925,0,943000000.0,0.0,943000000.0,866000000.0,1809000000.0,5273000000.0,19000000.0,302000000.0,761000000.0,1693000000.0,0.3238332058,4000000.0,0.0007651109,-217000000.0,-261000000.0,-0.0499234889,-187000000.0,-74000000.0,-0.0141545524,-0.19,-0.19,382000000,383000000,https://www.sec.gov/Archives/edgar/data/827052/000082705222000076/0000827052-22-000076-index.htm,https://www.sec.gov/Archives/edgar/data/92103/000082705222000076/eix-20220930x10q.htm,13.68586387434555,-0.193717277486911,2.408376963350785,-1.5104712041884816,0.6073298429319371,45.269633507853406,45.269633507853406,40.29319371727749,84.19633507853403,21613560000.0,53242560000.0,-73.01878378378377,4.134192807957154,23.493,-37.45850953206239,1.4042073804573802,1.4042073804573802,10.184116296863046,31.44864737152983,57.87234782608696,-92.2748006932409,-0.0034237765550885,-0.0266962036795419,2.069971413721414,0.4153489160333207,18.68222090962788,0.5952865064695009,0.0132450331125827,48.42105263157895,0.014620451235243,-4.27027027027027,0.1803749043611323,0.0,0.0,1.6271739130434784,0.2863427697016067,1.9827814569536424,0.0,,1.5835841388212653e-05,-0.0009646847175689,-147.37369109947645,-4379000000.0,17293000000.0,-52975000000.0,49750000000.0,3100000000.0,2214000000.0,438500000.0,61.23374139250191,61.004618937644345,11.405889145496536,1.4697779027270172,1.475298126064736,7.890660592255125,-0.0048076923076923,3.918848167539267,2022-11-01,1.48,amc,5072004222.0,2025-04-25,2022-09-30,0.0,66.18078125,1694946.765625
2022-06-30,EIX,USD,827052,2022-07-28,2022-07-28 16:08:38,2022,Q2,4008000000.0,2665000000.0,1343000000.0,0.3350798403,0,55000000.0,0.0,55000000.0,721000000.0,776000000.0,3441000000.0,15000000.0,271000000.0,601000000.0,1171000000.0,0.2921656687,504000000.0,0.125748503,-205000000.0,299000000.0,0.0746007984,7000000.0,241000000.0,0.0601297405,0.63,0.63,381000000,383000000,https://www.sec.gov/Archives/edgar/data/827052/000082705222000053/0000827052-22-000053-index.htm,https://www.sec.gov/Archives/edgar/data/92103/000082705222000053/eix-20220630x10q.htm,10.51968503937008,0.6325459317585301,1.1706036745406825,-2.769028871391076,0.3202099737532808,46.39107611548557,46.39107611548557,41.40157480314961,82.21784776902886,24094440000.0,55026440000.0,24.99423236514523,6.011586826347306,54.02340807174888,-22.838331753554503,1.5274781285659946,1.5274781285659946,13.729151696606786,46.99098206660973,123.37766816143498,-52.15776303317536,0.0100023075863145,-0.0437860352844888,1.9686826423228097,0.4138050503031514,26.41502988898377,0.610343338371842,1.859778597785977,1.5273972602739727,0.0108738779569062,1.0871369294605808,0.0137225548902195,0.0,0.0,3.3654708520179373,0.374500998003992,2.535472972972973,0.0,24.27424455009665,0.0069766218128465,0.0032114064894396,-144.47965879265092,-3609000000.0,17675000000.0,-51717000000.0,49837000000.0,2349000000.0,2026500000.0,436000000.0,59.34880239520957,70.24390243902438,14.791744840525327,1.5164585698070374,1.28125,6.084474885844749,0.0152783060732851,3.9396325459317594,2022-07-28,0.9,amc,3550720337.0,2025-04-25,2022-06-30,0.0444444444444443,67.77451612903226,1858698.6129032257
2022-03-31,EIX,USD,827052,2022-05-03,2022-05-03 16:07:49,2022,Q1,3968000000.0,2524000000.0,1444000000.0,0.3639112903,0,478000000.0,0.0,478000000.0,707000000.0,1185000000.0,3709000000.0,3000000.0,246000000.0,624000000.0,1395000000.0,0.3515625,259000000.0,0.0652721774,-178000000.0,81000000.0,0.0204133065,-55000000.0,136000000.0,0.0342741935,0.36,0.36,381000000,382000000,https://www.sec.gov/Archives/edgar/data/827052/000082705222000031/0000827052-22-000031-index.htm,https://www.sec.gov/Archives/edgar/data/92103/000082705222000031/eix-20220331x10q.htm,10.41469816272966,0.3569553805774278,2.078740157480315,-1.0892388451443569,0.6062992125984252,46.27821522309711,61.44881889763779,41.28871391076115,79.33858267716535,26708100000.0,56459100000.0,49.09577205882353,6.73087197580645,33.72234848484848,-64.3568674698795,1.6978005212637466,1.6978005212637466,14.22860383064516,40.47247311827957,71.28674242424242,-136.04602409638554,0.0050920881680089,-0.0155383572773802,1.905918250588011,0.4012580299785867,21.32688172043011,0.6321026132821865,1.0528455284552845,5.823529411764706,0.0115320820275496,2.264705882352941,0.1204637096774193,0.0,-0.0773554603854389,1.523989898989899,0.3041834677419355,1.934294871794872,0.0,18.21016593060828,0.0062001225802113,0.0016894409937888,-144.61614173228347,-3069000000.0,23412000000.0,-51815000000.0,44000000000.0,2123500000.0,1987500000.0,427000000.0,46.61038306451613,70.35261489698891,15.475435816164818,1.9309002433090023,1.279270146984288,5.815668202764977,0.0086453499459665,3.167979002624672,2022-05-03,0.74,amc,3286829636.0,2025-04-25,2022-03-31,0.445945945945946,63.86564516129032,2183605.290322581
2021-12-31,EIX,USD,827052,2022-02-24,2022-02-24 16:10:36,2021,Q4,3331000000.0,1984000000.0,1347000000.0,0.4043830681,311000000,54000000.0,0.0,54000000.0,42000000.0,724000000.0,2708000000.0,1000000.0,231000000.0,579000000.0,1242000000.0,0.3728610027,621000000.0,0.1864305014,-189000000.0,432000000.0,0.1296907835,-139000000.0,523000000.0,0.1570099069,1.38,1.37,380000000,381000000,https://www.sec.gov/Archives/edgar/data/827052/000082705222000006/0000827052-22-000006-index.htm,https://www.sec.gov/Archives/edgar/data/92103/000082705222000006/eix-20211231x10k.htm,8.76578947368421,1.3763157894736842,1.5105263157894735,-2.581578947368421,1.0263157894736843,46.81315789473684,46.81315789473684,41.810526315789474,78.32631578947368,25935000000.0,55078000000.0,12.397227533460804,7.7859501651155805,45.18292682926829,-26.43730886850153,1.6323640483383686,1.6323640483383686,16.534974482137496,44.34621578099839,95.9547038327526,-56.144750254842,0.0201657991131675,-0.0378253325621746,1.8588242698892248,0.3951167302160679,23.464573268921097,0.6378208851202231,2.688311688311688,0.9879518072289156,0.0095238095238095,0.4722753346080306,0.0162113479435604,0.0933653557490243,0.0,2.7090592334494774,0.4668267787451216,2.723292469352014,0.0117081957370159,35.98264817282193,0.0117009864716531,0.0069971235534149,-143.97894736842105,-3118000000.0,17789000000.0,-51465000000.0,49514000000.0,2463000000.0,2020500000.0,416000000.0,59.22545782047433,90.81653225806453,19.05241935483871,1.519616788321168,0.991008991008991,4.723809523809524,0.0329179254783484,4.092105263157895,2022-02-24,1.04,amc,3331881808.0,2025-04-25,2021-12-31,0.1153846153846152,63.4028125,2056887.890625
2021-09-30,EIX,USD,827052,2021-11-02,2021-11-02 16:10:04,2021,Q3,5299000000.0,3310000000.0,1989000000.0,0.3753538403,0,1327000000.0,0.0,1327000000.0,28000000.0,2039000000.0,5349000000.0,1000000.0,245000000.0,619000000.0,538000000.0,0.1015285903,-128000000.0,-0.024155501,-198000000.0,-326000000.0,-0.0615210417,-29000000.0,-297000000.0,-0.056048311,-0.78,-0.78,378888888,380000000,https://www.sec.gov/Archives/edgar/data/827052/000082705221000063/0000827052-21-000063-index.htm,https://www.sec.gov/Archives/edgar/data/92103/000082705221000063/eix-20210930x10q.htm,13.985630531344588,-0.783870969580929,2.528445753732424,-1.0478005889684472,1.3829912055905953,44.187096877858295,38.79237545757742,39.16979481330157,76.37331396216614,21016966617.36,49184966617.36,-17.69104934121212,3.966213741717305,21.93837851498956,-52.93946251224182,1.4161422153062462,1.4161422153062462,9.281933688877146,91.42187103598512,51.34130127073069,-123.89160357017631,-0.0141314398698563,-0.0188895004320974,1.9332929047907823,0.3929173000287581,52.35687732342007,0.672617719259094,-0.5224489795918368,-3.225589225589226,0.0134177307855201,-0.9494949494949496,0.2504246084166824,0.0,0.0279911808608246,1.4144050104384134,0.2557086242687299,2.189014539579968,0.0,,-0.0017090233158325,-0.004184336212119,-141.20366602041915,-2934000000.0,14698000000.0,-50253000000.0,50396000000.0,2455500000.0,1918000000.0,409000000.0,46.43517644838649,55.44108761329306,11.202416918429003,1.9381858083394297,1.6233447768513978,8.033980582524272,-0.0200121285627653,3.576246342700871,2021-11-02,1.76,amc,4796600000.0,2025-04-25,2021-09-30,-0.0397727272727273,57.36015625,1811053.46875
2021-06-30,EIX,USD,827052,2021-07-29,2021-07-29 16:09:46,2021,Q2,3315000000.0,2037000000.0,1278000000.0,0.385520362,0,54000000.0,0.0,54000000.0,43000000.0,704000000.0,2741000000.0,1000000.0,232000000.0,548000000.0,1220000000.0,0.3680241327,585000000.0,0.1764705882,-156000000.0,429000000.0,0.1294117647,68000000.0,318000000.0,0.0959276018,0.84,0.84,380000000,380000000,https://www.sec.gov/Archives/edgar/data/827052/000082705221000051/0000827052-21-000051-index.htm,https://www.sec.gov/Archives/edgar/data/92103/000082705221000051/eix-20210630x10q.htm,8.723684210526315,0.8368421052631579,-3.805263157894737,-7.0552631578947365,0.2210526315789473,45.560526315789474,39.584210526315786,40.55789473684211,72.12105263157895,21971600000.0,49061600000.0,17.273270440251572,6.627933634992458,-15.194744121715075,-8.195300261096605,1.4256164028030105,1.4256164028030105,14.799879336349925,40.2144262295082,-33.92918395573997,-18.299738903394257,0.0144732290775364,-0.1220211545813686,1.7631715546327538,0.3818611056462719,22.204918032786885,0.6296865003198976,2.521551724137931,-4.0055401662049865,0.011241784849533,0.7767295597484277,0.0162895927601809,0.0,0.0319130996880357,-0.8540802213001383,0.3725490196078431,2.2536496350364965,0.0,27.634443460543245,0.0073694625259768,0.0046159875745743,-136.65592105263158,-2894000000.0,15042000000.0,-48928000000.0,49413000000.0,2273000000.0,1699500000.0,411000000.0,59.10407239819004,79.39617083946982,17.938144329896907,1.5227377124483237,1.1335559265442403,5.017241379310345,0.0206332727744614,3.25,2021-07-29,1.02,amc,3292620000.0,2025-04-25,2021-06-30,-0.0784313725490196,58.165396825396826,1885679.2222222225
2021-03-31,EIX,USD,827052,2021-04-27,2021-04-27 16:08:48,2021,Q1,2960000000.0,1857000000.0,1103000000.0,0.3726351351,0,53000000.0,0.0,53000000.0,31000000.0,704000000.0,2561000000.0,0.0,217000000.0,542000000.0,1030000000.0,0.347972973,399000000.0,0.1347972973,-145000000.0,254000000.0,0.0858108108,-36000000.0,259000000.0,0.0875,0.68,0.68,379000000,380000000,https://www.sec.gov/Archives/edgar/data/827052/000082705221000033/0000827052-21-000033-index.htm,https://www.sec.gov/Archives/edgar/data/92103/000082705221000033/eix-20210331x10q.htm,7.810026385224274,0.683377308707124,0.1899736147757255,-3.3931398416886545,1.0263852242744065,45.443271767810025,39.78627968337731,40.42744063324538,65.65171503957784,22209400000.0,46485400000.0,21.43764478764479,7.503175675675676,308.4638888888889,-17.2701399688958,1.4495105077666102,1.4495105077666102,15.704527027027028,45.13145631067961,645.6305555555556,-36.147278382581646,0.0116617288175277,-0.0579034102677244,1.6097767915415742,0.349833345152826,23.56893203883495,0.5610192692429188,1.8387096774193548,0.2482758620689655,0.0111214170576422,0.9536679536679536,0.0179054054054054,0.0,0.0304091908375292,18.86111111111111,0.4587837837837837,2.505535055350553,0.0,24.932145926533195,0.0070462040014595,0.0037887099369523,-134.3225593667546,-4169000000.0,15079000000.0,-47954000000.0,47330000000.0,2010000000.0,1791000000.0,410500000.0,72.0304054054054,77.64135702746366,20.161550888529888,1.2494723512030392,1.1591760299625469,4.463942307692308,0.0169037984597311,3.58311345646438,2021-04-27,0.72,amc,3246440000.0,2025-04-25,2021-03-31,0.0972222222222223,58.69803278688524,2142381.0327868853
2020-12-31,EIX,USD,827052,2021-02-25,2021-02-25 16:10:55,2020,Q4,3157000000.0,1843000000.0,1314000000.0,0.4162179284,218000000,109000000.0,0.0,109000000.0,34000000.0,723000000.0,2566000000.0,2000000.0,226000000.0,517000000.0,1345000000.0,0.4260373773,794000000.0,0.251504593,-192000000.0,602000000.0,0.1906873614,50000000.0,526000000.0,0.1666138739,1.39,1.39,378000000,379000000,https://www.sec.gov/Archives/edgar/data/827052/000082705221000019/0000827052-21-000019-index.htm,https://www.sec.gov/Archives/edgar/data/92103/000082705221000019/eix-20201231.htm,8.351851851851851,1.3915343915343916,0.5079365079365079,-3.6904761904761902,0.2301587301587301,42.1931216931217,42.1931216931217,37.164021164021165,64.47883597883597,23745960000.0,47805960000.0,11.286102661596958,7.521685144124168,123.676875,-17.022193548387097,1.6903445330296127,1.6903445330296127,15.14284447260057,35.54346468401487,248.989375,-34.269505376344085,0.022151136445947,-0.0587468352511332,1.7188923690205011,0.3480799169693824,17.888475836431226,0.4924588887807726,3.5132743362831858,0.3478260869565217,0.0099806451286871,0.4505703422053232,0.0345264491605955,0.069052898321191,0.0,8.265625,0.5026924295216978,3.0696324951644103,0.0091859360152043,34.11140286608816,0.011604844926378,0.0075823098656518,-137.28902116402116,-5216000000.0,15949000000.0,-48362000000.0,43711000000.0,2336500000.0,1835500000.0,396000000.0,47.06683560342097,96.69017905588714,19.777536625067825,1.9121744397334948,0.9308080808080808,4.550617283950618,0.0374430523917995,4.198412698412699,2021-02-25,1.2,amc,3183308333.0,2025-04-25,2020-12-31,-0.0083333333333333,60.24140625,1829359.828125
2020-09-30,EIX,USD,827052,2020-10-27,2020-10-27 16:08:44,2020,Q3,4644000000.0,3065000000.0,1579000000.0,0.3400086133,0,1382000000.0,0.0,1382000000.0,26000000.0,1986000000.0,5051000000.0,2000000.0,222000000.0,507000000.0,212000000.0,0.0456503015,-379000000.0,-0.0816106804,-138000000.0,-517000000.0,-0.1113264427,-275000000.0,-242000000.0,-0.0521102498,-0.64,-0.64,378000000,378000000,https://www.sec.gov/Archives/edgar/data/827052/000082705220000134/0000827052-20-000134-index.htm,https://www.sec.gov/Archives/edgar/data/92103/000082705220000134/eix-20200930.htm,12.285714285714286,-0.6402116402116402,1.17989417989418,-2.4788359788359786,0.2433862433862433,41.3994708994709,41.8068783068783,36.37037037037037,61.03703703703704,19217520000.0,41975520000.0,-19.852809917355373,4.138139534883721,43.08860986547085,-20.509626467449305,1.3978411405295317,1.3978411405295317,9.038656330749356,197.9977358490566,94.11551569506726,-44.79778014941302,-0.0125926758499535,-0.0487575920306054,1.6620599359906896,0.3333041601026897,107.3490566037736,0.6795496750232126,-1.707207207207207,-1.8429752066115703,0.0123324965968553,-0.9793388429752066,0.297588285960379,0.0,-0.0022463387595542,3.100896860986547,0.2978036175710594,2.727810650887574,0.0,,-0.0028190728638034,-0.0035220491922573,-133.21428571428572,-2761000000.0,15803000000.0,-47052000000.0,44667000000.0,2347500000.0,1674000000.0,384500000.0,58.565891472868216,49.65415986949429,11.36378466557912,1.5367306419589677,1.8125369603784744,7.919896640826873,-0.0176025603724178,3.658730158730159,2020-10-27,1.44,amc,4087832335.0,2025-04-25,2020-09-30,0.1597222222222222,53.228125,2278952.3125
2020-06-30,EIX,USD,827052,2020-07-30,2020-07-30 06:21:10,2020,Q2,2987000000.0,1830000000.0,1157000000.0,0.3873451624,0,83000000.0,0.0,83000000.0,81000000.0,675000000.0,2505000000.0,7000000.0,229000000.0,504000000.0,1148000000.0,0.3843321058,500000000.0,0.1673920321,-148000000.0,352000000.0,0.1178439906,4000000.0,318000000.0,0.1064613324,0.85,0.85,375000000,376000000,https://www.sec.gov/Archives/edgar/data/827052/000082705220000119/0000827052-20-000119-index.htm,https://www.sec.gov/Archives/edgar/data/92103/000082705220000119/eix-20200630.htm,7.965333333333334,0.848,0.8266666666666667,-2.496,1.397333333333333,43.856,44.336,38.008,57.714666666666666,20366250000.0,41256250000.0,16.01120283018868,6.818295949112822,65.6975806451613,-21.758814102564106,1.4289097032203746,1.4289097032203746,13.81193505189153,35.9375,133.08467741935485,-44.07719017094017,0.015614067390904,-0.045958387037378,1.5024205430435698,0.3193688386452104,18.196864111498257,0.8130191557891168,2.183406113537118,0.8908045977011494,0.0111949917142331,0.7169811320754716,0.0277870773351188,0.0,-0.0026845237207498,4.019354838709678,0.4171409440910613,2.4722222222222223,0.0,26.92940103307164,0.0078812229048991,0.0047299608811411,-129.694,-1103000000.0,16626000000.0,-45809000000.0,44942000000.0,1504000000.0,1555500000.0,372500000.0,50.40843655841982,81.49180327868854,18.78688524590164,1.785415421398685,1.104405552202776,4.790575916230367,0.0223110924015996,3.3226666666666667,2020-07-28,1.11,amc,3315570000.0,2025-04-25,2020-06-30,-0.0990990990990991,57.53238095238096,3046797.0793650798
2020-03-31,EIX,USD,827052,2020-04-30,2020-04-30 16:09:22,2020,Q1,2790000000.0,1809000000.0,981000000.0,0.3516129032,0,84000000.0,0.0,84000000.0,23000000.0,679000000.0,2488000000.0,9000000.0,225000000.0,501000000.0,914000000.0,0.3275985663,302000000.0,0.1082437276,-173000000.0,129000000.0,0.0462365591,-84000000.0,183000000.0,0.0655913978,0.5,0.5,363000000,364000000,https://www.sec.gov/Archives/edgar/data/827052/000082705220000091/0000827052-20-000091-index.htm,https://www.sec.gov/Archives/edgar/data/92103/000082705220000091/eix-sceq110q2020.htm,7.68595041322314,0.5041322314049587,0.8677685950413223,-2.62534435261708,3.683195592286501,42.82093663911846,43.55096418732782,36.77961432506887,61.18181818181818,19888770000.0,40535770000.0,27.17045081967213,7.128591397849462,63.13895238095238,-20.869643231899264,1.48968391880758,1.48968391880758,14.528949820788531,44.34985776805251,128.68498412698412,-42.53491080797482,0.0092011723198568,-0.0479164875454842,1.6466182308441315,0.3329597431314937,22.589715536105032,0.78601152368758,1.3422222222222222,1.4788732394366195,0.0113631964168724,1.2349726775956285,0.0301075268817204,0.0,-0.004013570411656,4.025396825396825,0.4544802867383513,2.530938123752495,-0.0010752688172043,20.425235699937268,0.0080391301152817,0.0027605557315472,-132.12741046831957,-1337000000.0,15809000000.0,-45571000000.0,43901000000.0,1364500000.0,1603000000.0,363500000.0,43.064516129032256,72.33830845771145,18.05970149253731,2.0898876404494384,1.2441540577716643,4.983471074380165,0.0137068384390682,3.4931129476584024,2020-04-30,0.79,amc,3498571428.0,2025-04-25,2020-03-31,-0.2025316455696202,69.30370967741935,2444346.8387096776
2019-12-31,EIX,USD,827052,2020-02-27,2020-02-27 16:13:21,2019,Q4,2970000000.0,1751000000.0,1219000000.0,0.4104377104,190000000,347000000.0,0.0,347000000.0,42000000.0,914000000.0,2665000000.0,8000000.0,222000000.0,487000000.0,816000000.0,0.2747474747,287000000.0,0.0966329966,-180000000.0,107000000.0,0.036026936,-66000000.0,143000000.0,0.0481481481,0.4,0.4,360000000,361000000,https://www.sec.gov/Archives/edgar/data/827052/000082705220000026/0000827052-20-000026-index.htm,https://www.sec.gov/Archives/edgar/data/92103/000082705220000026/eix-sceq4201910k.htm,8.25,0.3972222222222222,1.4166666666666667,-2.4166666666666665,0.1888888888888888,43.04444444444445,43.04444444444445,36.952777777777776,55.02222222222223,27147600000.0,46665600000.0,47.46083916083917,9.14060606060606,53.230588235294114,-31.204137931034484,2.04071262121326,2.04071262121326,15.712323232323232,57.188235294117646,91.50117647058823,-53.63862068965517,0.0052675006262063,-0.0320470317818149,1.472299481320003,0.3042154639495511,23.919117647058822,0.6445772225239906,1.292792792792793,2.947976878612717,0.0079565044423816,1.5104895104895104,0.1168350168350168,0.0639730639730639,0.0,2.7058823529411766,0.4646464646464646,2.833675564681725,0.0097643097643097,18.17320696489447,0.007737927517729,0.002221117703706,-132.19583333333333,-1963000000.0,15496000000.0,-45326000000.0,43015000000.0,1629500000.0,1707500000.0,356000000.0,42.24242424242424,90.05139920045688,18.709308966304967,2.1305595408895264,0.9994292237442922,4.81043956043956,0.010749455010148,3.8333333333333335,2020-02-27,1.04,amc,3000000000.0,2025-04-25,2019-12-31,-0.0480769230769231,70.75171875,2590136.65625
2019-09-30,EIX,USD,827052,2019-10-29,2019-10-29 17:12:13,2019,Q3,3741000000.0,2549000000.0,1192000000.0,0.318631382,0,67000000.0,0.0,67000000.0,15000000.0,556000000.0,3105000000.0,13000000.0,214000000.0,479000000.0,1201000000.0,0.3210371558,636000000.0,0.1700080192,-156000000.0,480000000.0,0.1283079391,-22000000.0,471000000.0,0.1259021652,1.36,1.35,347000000,349000000,https://www.sec.gov/Archives/edgar/data/827052/000082705219000166/0000827052-19-000166-index.htm,https://www.sec.gov/Archives/edgar/data/92103/000082705219000166/eix-sceq310q2019.htm,10.780979827089338,1.3573487031700289,-4.077809798270893,-7.714697406340058,1.5763688760806915,44.24495677233429,42.20461095100865,37.92507204610951,56.09510086455332,26170740000.0,44874740000.0,13.891050955414013,6.995653568564555,-18.49522261484099,-9.77614493836384,1.988658054711246,1.988658054711246,11.995386260358194,37.364479600333055,-31.71359717314488,-16.7630706014195,0.0179971983979054,-0.1022898091532757,1.4628419452887538,0.2998037749953279,15.5736885928393,0.7766116941529235,2.97196261682243,-2.818725099601594,0.0074510694004067,0.4140127388535032,0.0179096498262496,0.0,0.0110259764529994,-0.8918727915194347,0.3373429564287624,2.634655532359081,0.0,34.03299598311725,0.0111268171096873,0.0074168556311413,-134.69524495677234,-1341000000.0,14645000000.0,-44197000000.0,43307000000.0,1674500000.0,1620500000.0,339500000.0,44.867682437850846,58.7171439780306,12.287171439780304,2.0058981233243967,1.5327720986169573,7.324712643678161,0.035790273556231,3.636887608069164,2019-10-29,1.58,amc,3940520000.0,2025-04-25,2019-09-30,-0.0506329113924051,71.96078125,2770400.34375
2019-06-30,EIX,USD,827052,2019-07-25,2019-07-25 16:12:32,2019,Q2,2812000000.0,1730000000.0,1082000000.0,0.3847795164,0,0.0,0.0,16000000.0,15000000.0,412000000.0,2142000000.0,7000000.0,211000000.0,339000000.0,1025000000.0,0.3645092461,500000000.0,0.1778093883,-156000000.0,344000000.0,0.1223328592,-78000000.0,392000000.0,0.1394025605,1.2,1.2,326000000,327000000,https://www.sec.gov/Archives/edgar/data/827052/000082705219000135/0000827052-19-000135-index.htm,https://www.sec.gov/Archives/edgar/data/92103/000082705219000135/eix-sceq210q2019.htm,8.625766871165645,1.2024539877300613,1.1901840490797546,-2.371165644171779,0.7883435582822086,39.61042944785276,41.80368098159509,32.88343558282209,56.83435582822086,21861560000.0,39921560000.0,13.94232142857143,7.774381223328592,56.344226804123714,-28.2814489003881,2.0393246268656715,2.0393246268656715,14.196856330014224,38.94786341463415,102.89061855670104,-51.64496765847348,0.0179310168167322,-0.0353588673452397,1.7086753731343285,0.3077401253339157,17.619512195121953,0.6947925860547219,2.3696682464454977,0.919431279620853,0.0091027355778819,0.5076530612244898,0.0,0.0,-0.012012566993162,2.992268041237113,0.4128733997155049,3.424778761061947,0.0,29.82730981087052,0.0110207721184284,0.0065077362374659,-138.25920245398774,-1729000000.0,13628000000.0,-42672000000.0,40712000000.0,1425500000.0,1472000000.0,321500000.0,47.49644381223329,82.09248554913295,17.21965317919075,1.894878706199461,1.0963244613434728,5.2265861027190335,0.0365671641791044,3.561349693251534,2019-07-25,1.15,amc,2011113924.0,2025-04-25,2019-06-30,0.373913043478261,62.08396825396825,2151854.1746031744
2019-03-31,EIX,USD,827052,2019-04-30,2019-04-30 16:13:35,2019,Q1,2824000000.0,1887000000.0,937000000.0,0.3317988669,0,0.0,0.0,17000000.0,16000000.0,589000000.0,2476000000.0,9000000.0,194000000.0,498000000.0,867000000.0,0.3070113314,352000000.0,0.1246458924,-156000000.0,196000000.0,0.0694050992,-112000000.0,278000000.0,0.0984419263,0.85,0.85,326000000,327000000,https://www.sec.gov/Archives/edgar/data/827052/000082705219000108/0000827052-19-000108-index.htm,https://www.sec.gov/Archives/edgar/data/92103/000082705219000108/eix-sceq110q2019.htm,8.662576687116564,0.852760736196319,0.6441717791411042,-2.650306748466257,1.0061349693251531,39.015337423312886,41.29447852760736,32.28834355828221,54.66564417177914,20440200000.0,37739200000.0,18.38147482014389,7.238031161473088,97.33428571428573,-23.65763888888889,1.9418772563176896,1.9418772563176896,13.36373937677054,43.52848904267589,179.7104761904762,-43.67962962962963,0.0136006497001007,-0.0422696451111045,1.6746152384571538,0.2998146037793615,19.952710495963093,0.744,1.8144329896907216,0.6818181818181818,0.0097846400720149,0.7194244604316546,0.0,0.0,-0.0126375588930655,5.114285714285714,0.3803116147308782,2.156626506024097,-0.0092067988668555,24.89016294692964,0.0101334198721807,0.0046694436979306,-136.7016871165644,-1376000000.0,13462000000.0,-42075000000.0,40578000000.0,1385000000.0,1438500000.0,297000000.0,43.56586402266289,65.1510333863275,14.880763116057231,2.065837600585223,1.3814055636896048,6.048076923076923,0.0264107923237697,3.294478527607362,2019-04-30,0.87,amc,3899809523.0,2025-04-25,2019-03-31,-0.2758620689655172,59.6672131147541,2761260.573770492
2018-12-31,EIX,USD,827052,2019-02-28,2019-02-28 16:12:51,2018,Q4,3009000000.0,1791000000.0,1218000000.0,0.4047856431,0,2669000000.0,0.0,2669000000.0,21000000.0,3241000000.0,5032000000.0,9000000.0,196000000.0,480000000.0,-1540000000.0,-0.5117979395,-2041000000.0,-0.678298438,-175000000.0,-2216000000.0,-0.7364572948,-782000000.0,-1400000000.0,-0.4652708541,-4.29,-4.29,326000000,326000000,https://www.sec.gov/Archives/edgar/data/827052/000082705219000034/0000827052-19-000034-index.htm,https://www.sec.gov/Archives/edgar/data/92103/000082705219000034/eix-sceq4201810k.htm,9.230061349693251,-4.294478527607362,2.8190184049079754,-1.125766871165644,0.4417177914110429,38.809815950920246,38.809815950920246,32.08282208588957,47.93558282208589,18507020000.0,33794020000.0,-3.304825,6.150555001661681,20.138215451577803,-50.42784741144414,1.7694827421359598,1.7694827421359598,11.230980392156862,-21.94416883116883,36.77260065288357,-92.08179836512262,-0.0756469707170576,-0.0198303130379715,1.4753800554546324,0.2720796967292603,-9.926623376623375,0.622613531047266,-10.41326530612245,-0.5891025641025641,0.0117793140116561,-0.1557142857142857,0.8870056497175142,0.0,0.0,1.3993471164309033,0.4273845131272848,4.175324675324675,-0.0152874709205716,,-0.0253411503513585,-0.0246848276470069,-131.06058282208588,-2036000000.0,12652000000.0,-40704000000.0,39312000000.0,1559500000.0,1399500000.0,271500000.0,41.96410767696909,75.92964824120602,14.170854271356784,2.1446899501069137,1.185307743216413,6.351063829787234,-0.1338560091786977,3.944785276073619,2019-02-28,1.0,amc,3073021276.0,2025-04-25,2018-12-31,-0.06,62.175873015873016,3036032.619047619
2018-09-30,EIX,USD,827052,2018-10-30,2018-10-30 16:06:57,2018,Q3,4269000000.0,2980000000.0,1289000000.0,0.3019442492,0,0.0,0.0,26000000.0,31000000.0,561000000.0,3541000000.0,6000000.0,188000000.0,563000000.0,1319000000.0,0.3089716561,739000000.0,0.1731084563,-112000000.0,627000000.0,0.1468728039,83000000.0,513000000.0,0.1201686578,1.57,1.57,326000000,327000000,https://www.sec.gov/Archives/edgar/data/827052/000082705218000151/0000827052-18-000151-index.htm,https://www.sec.gov/Archives/edgar/data/92103/000082705218000151/eix-sce2018q310q.htm,13.095092024539875,1.5736196319018405,2.901840490797546,-0.4171779141104294,0.2177914110429447,43.831288343558285,47.88343558282209,37.104294478527606,46.00920245398773,22021300000.0,36761300000.0,10.73162768031189,5.158421175919419,23.27832980972516,-161.92132352941175,1.8205439814814817,1.8205439814814817,8.611220426329352,27.87058377558757,38.85972515856237,-270.30367647058824,0.0232956274152752,-0.0061758388469345,1.2244543650793651,0.2765155051061367,11.175132676269902,0.7168891714346259,3.9308510638297873,1.6684303350970018,0.0089458842121037,0.3840155945419103,0.0,0.0,-0.02466254690738,1.1437632135306557,0.2534551417193722,1.921847246891652,0.0,36.24542784867848,0.0130782410088557,0.0093469863712557,-115.9064417177914,-1336000000.0,15610000000.0,-35891000000.0,37755000000.0,1634000000.0,1271500000.0,256500000.0,36.17709065354884,38.8993288590604,7.882550335570469,2.487762237762238,2.313664596273292,11.417624521072796,0.0424107142857142,3.3190184049079754,2018-10-30,1.29,amc,3530134615.0,2025-04-25,2018-09-30,0.2093023255813953,66.89063492063491,1978468.888888889
2018-06-30,EIX,USD,827052,2018-07-26,2018-07-26 16:08:36,2018,Q2,2815000000.0,1831000000.0,984000000.0,0.3495559503,0,0.0,0.0,26000000.0,28000000.0,559000000.0,2390000000.0,5000000.0,180000000.0,590000000.0,1046000000.0,0.3715808171,420000000.0,0.1492007105,-131000000.0,289000000.0,0.1026642984,-9000000.0,276000000.0,0.0980461812,0.85,0.84,326000000,327000000,https://www.sec.gov/Archives/edgar/data/827052/000082705218000136/0000827052-18-000136-index.htm,https://www.sec.gov/Archives/edgar/data/92103/000082705218000136/eix-sce2018q210q.htm,8.634969325153374,0.8466257668711656,1.3895705521472392,-1.6901840490797546,0.303680981595092,42.85889570552147,46.29754601226994,36.1319018404908,45.41104294478528,20626020000.0,35151020000.0,18.682989130434784,7.327182948490231,45.532052980132455,-37.433793103448274,1.751084132778674,1.751084132778674,12.487040852575488,33.60518164435946,77.5960706401766,-63.79495462794918,0.0133811564228096,-0.0267138303948119,1.2415315391798964,0.2768648239303294,13.88623326959847,0.6617228768793173,2.333333333333333,1.1296758104738154,0.0095510428090344,0.7137681159420289,0.0,0.0,-0.0212230215827338,2.2163355408388523,0.3566607460035524,1.701694915254237,0.0,26.235081090877767,0.0088970064871517,0.0051167015813574,-114.90490797546012,-1665000000.0,15093000000.0,-35591000000.0,37045000000.0,1411500000.0,1144000000.0,249500000.0,49.619893428063946,61.68760240305844,12.386673948661931,1.8137886597938144,1.4589641434262948,7.265873015873016,0.0234315306902113,3.079754601226994,2018-07-26,0.83,amc,2781488095.0,2025-04-25,2018-06-30,0.0120481927710843,62.4015625,1868887.234375
2018-03-31,EIX,USD,827052,2018-05-01,2018-05-01 16:09:58,2018,Q1,2564000000.0,1601000000.0,963000000.0,0.3755850234,0,0.0,0.0,26000000.0,21000000.0,567000000.0,2168000000.0,4000000.0,170000000.0,479000000.0,901000000.0,0.3514040562,330000000.0,0.1287051482,-119000000.0,211000000.0,0.0822932917,-31000000.0,218000000.0,0.0850234009,0.67,0.67,326000000,327000000,https://www.sec.gov/Archives/edgar/data/827052/000082705218000115/0000827052-18-000115-index.htm,https://www.sec.gov/Archives/edgar/data/92103/000082705218000115/eix-sce2018q110q.htm,7.865030674846626,0.6687116564417178,2.6349693251533743,-0.852760736196319,0.3220858895705521,42.604294478527606,45.8957055214724,35.877300613496935,43.20858895705521,20753160000.0,34564160000.0,23.799495412844035,8.09405616224649,24.159674039580903,-74.651654676259,1.7743809849521202,1.7743809849521202,13.4805616224649,38.361997780244174,40.2376717112922,-124.33151079136692,0.0105044243864548,-0.0133955503643782,1.1898084815321477,0.2679090541555166,15.32852386237514,0.6438562513449537,1.9411764705882355,3.549586776859504,0.0094925302941817,0.9036697247706422,0.0,0.0,-0.0206572589184298,1.3236321303841676,0.4434477379095163,2.373695198329854,-0.001170046801872,23.23381813742529,0.0079106157868591,0.0041119661988833,-113.10506134969326,-1655000000.0,14962000000.0,-35062000000.0,36507000000.0,1212000000.0,1268000000.0,244500000.0,44.61388455538221,58.06995627732668,13.885071830106185,2.017309205350118,1.5498547918683443,6.481781376518219,0.0186388508891928,3.4877300613496933,2018-05-01,0.9,amc,2916550000.0,2025-04-25,2018-03-31,-0.111111111111111,61.58655737704918,3614115.655737705
2017-12-31,EIX,USD,827052,2018-02-22,2018-02-22 16:11:02,2017,Q4,3220000000.0,1922000000.0,1298000000.0,0.4031055901,0,12000000.0,0.0,-12000000.0,12000000.0,598000000.0,2520000000.0,2000000.0,166000000.0,506000000.0,520000000.0,0.1614906832,-16000000.0,-0.0049689441,-132000000.0,-170000000.0,-0.0527950311,364000000.0,-515000000.0,-0.1599378882,-1.58,-1.57,326000000,328000000,https://www.sec.gov/Archives/edgar/data/827052/000082705218000046/0000827052-18-000046-index.htm,https://www.sec.gov/Archives/edgar/data/92103/000082705218000046/eix-sce201710k.htm,9.877300613496931,-1.5797546012269938,2.751533742331288,-0.8312883435582822,3.3466257668711656,42.53374233128834,42.53374233128834,35.80061349693251,45.03680981595092,20616240000.0,34041240000.0,-10.00788349514563,6.40255900621118,22.983545150501676,-76.07468634686347,1.7664501756490447,1.7664501756490447,10.571813664596274,65.46392307692308,37.95010033444816,-125.61343173431734,-0.0249803067872706,-0.0131449769696123,1.24376660097678,0.2760745530620007,25.817307692307693,0.5275891341256367,-0.0963855421686747,-1.6797752808988764,0.0085854646628095,-0.3436893203883495,0.0037267080745341,0.0,0.0,1.3021181716833892,0.3627329192546584,2.2290076335877864,0.0071428571428571,,-0.0010387058969415,-0.0097945987067325,-112.38420245398773,-3339000000.0,13866000000.0,-34985000000.0,35711000000.0,1305000000.0,1303500000.0,235500000.0,32.226708074534166,70.37981269510927,11.33194588969823,2.792714657415438,1.2787757817697938,7.942148760330579,-0.0441264673121412,3.5828220858895707,2018-02-22,0.93,amc,2693090909.0,2025-04-25,2017-12-31,0.1827956989247312,76.2820634920635,2830981.365079365
2017-09-30,EIX,USD,827052,2017-10-30,2017-10-30 16:07:44,2017,Q3,3672000000.0,2496000000.0,1176000000.0,0.3202614379,0,12000000.0,0.0,12000000.0,-6000000.0,615000000.0,3111000000.0,3000000.0,162000000.0,543000000.0,1096000000.0,0.2984749455,561000000.0,0.1527777778,-121000000.0,432000000.0,0.1176470588,-69000000.0,470000000.0,0.1279956427,1.44,1.43,326000000,328000000,https://www.sec.gov/Archives/edgar/data/827052/000082705217000196/0000827052-17-000196-index.htm,https://www.sec.gov/Archives/edgar/data/92103/000082705217000196/eix-sce2017q310q.htm,11.263803680981596,1.4417177914110428,3.855828220858896,1.0613496932515338,0.3588957055214724,44.8159509202454,53.828220858895705,38.08588957055215,40.76993865030675,25157420000.0,38169420000.0,13.381606382978724,6.851149237472767,20.013858392999204,72.7093063583815,2.0262097293814434,2.0262097293814434,10.394722222222224,34.82611313868613,30.3654892601432,110.31624277456648,0.018682360909823,0.0137533976059548,1.0574259020618555,0.2449805941185251,11.872262773722628,0.5098909225365132,3.462962962962963,2.508982035928144,0.0069959479151677,0.3744680851063829,0.0032679738562091,0.0,-0.0548216151664427,0.7247414478918058,0.2480936819172113,1.6777163904235728,0.0,35.14903773079114,0.0130974788957335,0.0083141694675393,-115.51457055214723,-2651000000.0,17548000000.0,-36224000000.0,32372000000.0,1344500000.0,1108500000.0,232000000.0,35.71078431372549,39.80769230769231,8.257211538461538,2.520247083047358,2.260869565217391,10.899563318777291,0.0378543814432989,2.794478527607362,2017-10-30,1.33,amc,3415216783.0,2025-04-25,2017-09-30,0.0751879699248119,79.11507936507937,1699570.4761904762
2017-06-30,EIX,USD,827052,2017-07-27,2017-07-27 16:05:56,2017,Q2,2965000000.0,1882000000.0,1083000000.0,0.3652613828,0,0.0,0.0,0.0,-9000000.0,598000000.0,2480000000.0,1000000.0,159000000.0,528000000.0,1022000000.0,0.344688027,469000000.0,0.1581787521,-135000000.0,335000000.0,0.1129848229,26000000.0,278000000.0,0.0937605396,0.85,0.85,326000000,329000000,https://www.sec.gov/Archives/edgar/data/827052/000082705217000163/0000827052-17-000163-index.htm,https://www.sec.gov/Archives/edgar/data/92103/000082705217000163/eix-sce2017q210q.htm,9.095092024539875,0.852760736196319,1.6993865030674846,-0.7852760736196319,0.3006134969325153,45.39877300613497,53.47239263803681,37.25766871165644,39.77914110429448,25489940000.0,38200940000.0,22.922607913669065,8.596944350758854,46.01072202166065,-99.570078125,2.098628355013996,2.098628355013996,12.88395952782462,37.37861056751468,68.95476534296029,-149.222421875,0.0109062634121539,-0.0100431778183863,1.054585871891981,0.2428108354027259,12.437377690802348,0.5532377227292482,2.949685534591195,1.7928802588996764,0.0069439159134937,0.6366906474820144,0.0,0.0,-0.0498928970864216,1.4620938628158844,0.2731871838111298,1.5340909090909092,0.0,26.737001187287085,0.0087752038622256,0.0050194095874334,-112.92484662576688,-2056000000.0,17432000000.0,-35407000000.0,32824000000.0,1093000000.0,978500000.0,236000000.0,37.39629005059022,53.22529224229543,11.238044633368755,2.406655844155844,1.690925426774483,8.008510638297873,0.022888193643998,2.4846625766871164,2017-07-27,0.92,amc,3209176470.0,2025-04-25,2017-06-30,-0.0760869565217391,80.11412698412698,1628189.5555555555
2017-03-31,EIX,USD,827052,2017-05-01,2017-05-01 16:07:08,2017,Q1,2463000000.0,1380000000.0,1083000000.0,0.4397076736,0,0.0,0.0,0.0,-7000000.0,599000000.0,1979000000.0,1000000.0,152000000.0,520000000.0,996000000.0,0.4043848965,479000000.0,0.1944782785,-119000000.0,352000000.0,0.1429151441,-40000000.0,362000000.0,0.1469752335,1.11,1.1,326000000,329000000,https://www.sec.gov/Archives/edgar/data/827052/000082705217000128/0000827052-17-000128-index.htm,https://www.sec.gov/Archives/edgar/data/92103/000082705217000128/eix-sce2017q110q.htm,7.5552147239263805,1.1104294478527608,2.696319018404908,-0.1840490797546012,0.4601226993865031,43.68711656441718,46.29141104294479,36.966257668711656,40.15337423312884,25952860000.0,38740860000.0,17.923245856353592,10.537092976045471,29.525437997724683,-432.54766666666666,2.1535855945564686,2.1535855945564686,15.729135200974422,38.89644578313253,44.07378839590444,-645.681,0.0139483663842828,-0.0023118839310966,1.0736038503028795,0.2500579822187862,12.839357429718875,0.4633152173913043,3.151315789473684,2.24234693877551,0.006820057596735,0.4889502762430939,0.0,0.0,-0.0164089679165056,1.068259385665529,0.3812423873325213,1.8057692307692308,0.0,30.390614909468898,0.0109759633370744,0.0068835688071649,-112.00613496932516,-2370000000.0,15091000000.0,-35452000000.0,33949000000.0,1019000000.0,1093000000.0,238000000.0,34.859926918392205,55.04347826086956,15.456521739130434,2.5817610062893084,1.6350710900473933,5.822784810126582,0.0300390009127873,2.880368098159509,2017-05-01,0.9,amc,2015181818.0,2025-04-25,2017-03-31,0.2222222222222223,75.84903225806453,1742568.161290323
2016-12-31,EIX,USD,827052,2017-02-21,2017-02-21 16:06:50,2016,Q4,2884000000.0,1730000000.0,1154000000.0,0.4001386963,0,0.0,0.0,0.0,10000000.0,588000000.0,2318000000.0,0.0,150000000.0,504000000.0,1080000000.0,0.374479889,566000000.0,0.1962552011,-139000000.0,426000000.0,0.1477115118,63000000.0,346000000.0,0.1199722607,1.06,1.05,326000000,330000000,https://www.sec.gov/Archives/edgar/data/827052/000082705217000033/0000827052-17-000033-index.htm,https://www.sec.gov/Archives/edgar/data/92103/000082705217000033/eix-sce201610k.htm,8.846625766871165,1.0613496932515338,2.3190184049079754,-0.6288343558282209,0.294478527607362,43.51840490797546,43.51840490797546,36.79754601226994,38.69018404907976,23468740000.0,35835740000.0,16.957182080924852,8.13756588072122,31.04330687830688,-114.48165853658536,1.9563804601533843,1.9563804601533843,12.425707350901526,33.18124074074074,47.40177248677249,-174.80848780487804,0.0147430156028828,-0.0087350236953496,1.0389296432144048,0.2428535240359321,11.450925925925926,0.3591001353179973,3.773333333333333,2.076923076923077,0.0066897498544872,0.453757225433526,0.0,0.0,0.0,1.2711640211640212,0.3332177531206657,1.837476099426386,0.0117891816920943,29.64353123165268,0.0101120824960244,0.0067421422864825,-110.74693251533742,-3789000000.0,14187000000.0,-35009000000.0,33211000000.0,1326500000.0,1261000000.0,274500000.0,33.828016643550626,69.8150289017341,12.433526011560692,2.660516605166052,1.2891207153502235,7.2384937238493725,0.0288429476492164,2.9478527607361964,2017-02-21,0.95,amc,2686078431.0,2025-04-25,2016-12-31,0.0736842105263158,70.57349206349207,1700024.0793650793
2016-09-30,EIX,USD,827052,2016-11-01,2016-11-01 16:05:19,2016,Q3,3767000000.0,2459000000.0,1308000000.0,0.3472259092,0,0.0,0.0,0.0,-6000000.0,613000000.0,3072000000.0,1000000.0,147000000.0,550000000.0,1245000000.0,0.3305017255,695000000.0,0.1844969472,-124000000.0,571000000.0,0.1515795062,122000000.0,421000000.0,0.1117600212,1.29,1.27,326000000,330000000,https://www.sec.gov/Archives/edgar/data/827052/000082705216000398/0000827052-16-000398-index.htm,https://www.sec.gov/Archives/edgar/data/92103/000082705216000398/eix-sce2016q310q.htm,11.55521472392638,1.2914110429447854,3.285276073619632,0.3865030674846625,0.2576687116564417,42.9601226993865,48.64723926380368,36.23926380368098,37.39877300613497,23553500000.0,35514500000.0,13.986638954869358,6.252588266525087,21.992063492063497,186.93253968253967,1.993693922464872,1.993693922464872,9.427794000530929,28.52570281124498,33.16013071895425,281.8611111111111,0.017874201286433,0.0053495234253932,1.0195530726256985,0.2336249199914657,9.60722891566265,0.4876450767502808,4.727891156462585,2.3853006681514475,0.0066232194790583,0.3705463182897862,0.0,0.0,-0.0359601993909653,0.8823529411764706,0.250862755508362,1.7181818181818185,0.0,32.449887102205984,0.0114205197082146,0.0078822714422122,-110.8473926380368,-2737000000.0,15859000000.0,-34947000000.0,31640000000.0,1526000000.0,1173000000.0,309000000.0,37.48606318024954,43.18828792191948,11.346075640504267,2.4008922880815806,2.083898305084746,7.932258064516129,0.0356356864736753,2.898773006134969,2016-11-01,1.27,amc,3570216417.0,2025-04-25,2016-09-30,0.0551181102362205,75.02953125,1539234.53125
2016-06-30,EIX,USD,827052,2016-07-28,2016-07-28 16:07:25,2016,Q2,2777000000.0,1785000000.0,992000000.0,0.3572200216,0,0.0,0.0,0.0,-10000000.0,590000000.0,2375000000.0,2000000.0,144000000.0,526000000.0,928000000.0,0.3341735686,381000000.0,0.1371984156,-122000000.0,259000000.0,0.0932661145,-47000000.0,280000000.0,0.1008282319,0.86,0.85,326000000,330000000,https://www.sec.gov/Archives/edgar/data/827052/000082705216000363/0000827052-16-000363-index.htm,https://www.sec.gov/Archives/edgar/data/92103/000082705216000363/eix-sce2016q210q.htm,8.51840490797546,0.8588957055214724,1.7668711656441718,-0.9233128834355828,0.3404907975460122,42.171779141104295,47.22699386503067,35.45092024539877,38.29754601226994,25320420000.0,37550420000.0,22.607517857142856,9.11790421317969,43.9590625,-84.12099667774086,2.190916327766722,2.190916327766722,13.521937342455889,40.46381465517241,65.19170138888889,-124.75222591362126,0.0110582683857534,-0.0118876385146849,1.067837674136887,0.2410492802312635,13.178879310344827,0.5164109535832201,2.645833333333333,1.8885245901639345,0.0062005290591546,0.5607142857142857,0.0,0.0,-0.0321893860968416,1.5225694444444444,0.3158084263593806,1.667300380228137,0.0,26.17430937006815,0.0094678402351294,0.0052985145236067,-110.6495398773006,-2490000000.0,15396000000.0,-34790000000.0,31639000000.0,1322000000.0,1052000000.0,288000000.0,48.06265754411235,58.78991596638656,15.529411764705884,1.8725556304787592,1.5308747855917668,5.795454545454546,0.0242277407631738,2.6901840490797544,2016-07-28,0.97,amc,3169047058.0,2025-04-25,2016-06-30,-0.1237113402061855,71.7875,1634523.328125
2016-03-31,EIX,USD,827052,2016-05-02,2016-05-02 16:05:12,2016,Q1,2440000000.0,1423000000.0,1017000000.0,0.4168032787,0,0.0,0.0,0.0,-4000000.0,569000000.0,1992000000.0,0.0,140000000.0,499000000.0,947000000.0,0.3881147541,448000000.0,0.1836065574,-115000000.0,333000000.0,0.1364754098,38000000.0,281000000.0,0.1151639344,0.86,0.85,326000000,329000000,https://www.sec.gov/Archives/edgar/data/827052/000082705216000321/0000827052-16-000321-index.htm,https://www.sec.gov/Archives/edgar/data/92103/000082705216000321/eix-sce2016q110q.htm,7.484662576687117,0.8619631901840491,2.6165644171779143,-0.3006134969325153,0.4202453987730061,41.81288343558282,46.693251533742334,35.08895705521472,36.93558282208589,23436140000.0,35200140000.0,20.850658362989325,9.604975409836063,27.474958968347007,-239.1442857142857,2.048792726636944,2.048792726636944,14.426286885245904,37.17015839493136,41.266283704572096,-359.18510204081633,0.0119900290747537,-0.0041815759762486,1.040388145816942,0.235854852454468,12.422386483632524,0.5733522324592487,3.2,2.891525423728813,0.006656386247906,0.5551601423487544,0.0,0.0,-0.0315305495550843,1.114888628370457,0.3897540983606557,1.905811623246493,0.0,26.08680242344277,0.0084650814110757,0.0053986551392891,-109.4670245398773,-1806000000.0,15222000000.0,-34401000000.0,32067000000.0,1248500000.0,1124000000.0,267500000.0,42.82377049180328,59.32536893886156,16.9501054111033,2.1016365202411715,1.5170575692963753,5.309701492537314,0.024565084360521,2.9171779141104293,2016-05-02,0.88,amc,2618536585.0,2025-04-25,2016-03-31,-0.0681818181818182,64.85426229508197,2581197.3278688523
2015-12-31,EIX,USD,827052,2016-02-23,2016-02-23 16:05:48,2015,Q4,2341000000.0,1448000000.0,893000000.0,0.3814609141,0,0.0,0.0,0.0,40000000.0,548000000.0,1996000000.0,0.0,136000000.0,467000000.0,869000000.0,0.3712088851,340000000.0,0.1452370782,-94000000.0,244000000.0,0.104228962,291000000.0,-50000000.0,-0.0213583938,-0.15,-0.15,326000000,328000000,https://www.sec.gov/Archives/edgar/data/827052/000082705216000222/0000827052-16-000222-index.htm,https://www.sec.gov/Archives/edgar/data/92103/000082705216000222/eix-sce201510k.htm,7.180981595092025,-0.1533742331288343,5.141104294478527,1.794478527607362,0.4938650306748466,41.06748466257669,41.06748466257669,34.87116564417178,37.08588957055215,19302460000.0,31095460000.0,-96.5123,8.245390858607433,11.516980906921242,32.99565811965812,1.6979644616467275,1.6979644616467275,13.28298163178129,35.783037974683545,18.55337708830549,53.15463247863248,-0.0025903434070061,0.0303070178619719,1.051548205489092,0.2376068376068376,13.570771001150748,0.5386645017251878,2.5,-35.659574468085104,0.0070457340670567,-2.72,0.0,0.0,0.0,0.6509546539379475,0.4660401537804357,2.226530612244898,0.0123878684322938,,-0.0014122830802123,-0.0009938382031405,-109.28067484662576,-2273000000.0,13388000000.0,-34268000000.0,32812000000.0,1786000000.0,1320000000.0,268500000.0,51.36266552755232,81.42265193370166,16.595303867403317,1.752245508982036,1.1053435114503818,5.423220973782772,-0.0043983110485573,3.3466257668711656,2016-02-23,0.6,amc,1596136363.0,2025-04-25,2015-12-31,0.4666666666666667,61.12625,2231673.5
2015-09-30,EIX,USD,827052,2015-10-27,2015-10-27 16:04:05,2015,Q3,3763000000.0,2565000000.0,1198000000.0,0.3183630082,0,0.0,0.0,0.0,-9000000.0,590000000.0,3155000000.0,1000000.0,138000000.0,528000000.0,1136000000.0,0.3018867925,608000000.0,0.1615732129,-121000000.0,487000000.0,0.1294180175,82000000.0,421000000.0,0.1118788201,1.29,1.28,326000000,328000000,https://www.sec.gov/Archives/edgar/data/827052/000082705215000180/0000827052-15-000180-index.htm,https://www.sec.gov/Archives/edgar/data/92103/000082705215000180/eix-sce2015q310q.htm,11.542944785276074,1.2914110429447854,3.266871165644172,0.3926380368098159,0.4110429447852761,41.77914110429448,16.598159509202453,35.58282208588957,38.47852760736196,20560820000.0,32832820000.0,12.209513064133017,5.463943661971831,19.30593427230047,160.63140625,1.7724844827586208,1.7724844827586208,8.72517140579325,28.90213028169014,30.82893896713615,256.50640625,0.0204758370531914,0.0062254326432506,1.0694827586206896,0.2419738638580066,10.80281690140845,0.7238022523382325,4.405797101449275,2.6296296296296298,0.0066145221834537,0.3230403800475059,0.0,0.0,0.1601131265847474,0.8798122065727699,0.2490034546904065,1.7746212121212122,0.0,32.15464369370762,0.0106492477541608,0.0097768282204314,-109.52147239263805,-1447000000.0,5411000000.0,-33858000000.0,40964000000.0,1928500000.0,1312000000.0,273000000.0,53.47860749402073,46.66666666666666,9.473684210526317,1.6829159212880145,1.9285714285714288,9.5,0.0362931034482758,2.874233128834356,2015-10-27,1.17,amc,3795439655.0,2025-04-25,2015-09-30,-0.0085470085470085,59.3796875,2412805.390625
2015-06-30,EIX,USD,827052,2015-07-30,2015-07-30 16:04:34,2015,Q2,2908000000.0,1821000000.0,1087000000.0,0.3737964237,0,0.0,0.0,0.0,-4000000.0,563000000.0,2384000000.0,2000000.0,138000000.0,502000000.0,1026000000.0,0.3528198074,524000000.0,0.1801925722,-112000000.0,412000000.0,0.1416781293,6000000.0,379000000.0,0.1303301238,1.16,1.15,326000000,328000000,https://www.sec.gov/Archives/edgar/data/827052/000082705215000144/0000827052-15-000144-index.htm,https://www.sec.gov/Archives/edgar/data/92103/000082705215000144/eix-sce2015q210q.htm,8.920245398773005,1.1625766871165644,2.4662576687116564,-0.3834355828220859,0.4263803680981595,40.94171779141104,39.08895705521472,34.739263803680984,39.94478527607362,18119080000.0,30864080000.0,11.951899736147755,6.230770288858322,22.53616915422885,-144.95264,1.5999187637969092,1.5999187637969092,10.613507565337,30.08194931773879,38.3881592039801,-246.91264,0.0209171768103016,-0.0068988050165902,1.1376600441501104,0.2514490915123246,12.422027290448344,0.8076923076923077,3.7971014492753614,1.980295566502463,0.0075058998580501,0.3588390501319261,0.0,0.0,0.0117878959386404,1.1554726368159205,0.3194635488308116,1.850597609561753,0.0,30.144797396556108,0.0107527577368463,0.0074849412461735,-111.65414110429448,-930000000.0,12743000000.0,-33986000000.0,33400000000.0,1504500000.0,1248500000.0,283000000.0,50.16850068775791,63.95387149917628,13.640856672158156,1.7939543491671808,1.4072642967542504,6.5978260869565215,0.0334657836644591,2.8496932515337425,2015-07-30,0.83,amc,2080724137.0,2025-04-25,2015-06-30,0.3975903614457831,60.06730158730159,2273865.253968254
2015-03-31,EIX,USD,827052,2015-04-28,2015-04-28 16:04:14,2015,Q1,2512000000.0,1422000000.0,1090000000.0,0.4339171975,0,0.0,0.0,0.0,29000000.0,552000000.0,1974000000.0,1000000.0,143000000.0,485000000.0,1023000000.0,0.4072452229,538000000.0,0.2141719745,-114000000.0,424000000.0,0.1687898089,106000000.0,299000000.0,0.1190286624,0.92,0.91,326000000,329000000,https://www.sec.gov/Archives/edgar/data/827052/000082705215000115/0000827052-15-000115-index.htm,https://www.sec.gov/Archives/edgar/data/92103/000082705215000115/eix-sce2015q110q.htm,7.705521472392638,0.9171779141104296,2.957055214723926,-0.9325153374233128,0.352760736196319,40.17791411042945,16.64723926380368,33.97546012269939,39.00613496932515,20365220000.0,32823220000.0,17.02777591973244,8.10717356687898,21.125746887966805,-66.9908552631579,1.8386800288912963,1.8386800288912963,13.06656847133758,32.08525904203324,34.048983402489625,-107.97111842105264,0.0146818939348556,-0.0149274105558398,1.135157096424702,0.2485863418877772,12.177908113391984,0.8269525267993875,3.762237762237762,3.031446540880504,0.0066780520907704,0.4548494983277591,0.0,0.0,0.1516667325714737,1.3153526970954357,0.5047770700636943,2.6144329896907217,0.0,26.47894799725413,0.0085042257676986,0.0069685599086396,-110.97852760736195,-791000000.0,5427000000.0,-33700000000.0,40252000000.0,1405000000.0,1391500000.0,285500000.0,49.72929936305732,76.13924050632912,18.35443037974683,1.809798270893372,1.1820448877805487,4.903448275862069,0.0269953051643192,3.889570552147239,2015-04-28,0.79,amc,2204977777.0,2025-04-25,2015-03-31,0.1392405063291139,65.22540983606558,2173253.934426229
2014-12-31,EIX,USD,827052,2015-02-24,2015-02-24 16:05:54,2014,Q4,3114000000.0,1930000000.0,1184000000.0,0.3802183687,0,0.0,0.0,0.0,10000000.0,559000000.0,2489000000.0,0.0,167000000.0,472000000.0,1107000000.0,0.3554913295,693000000.0,0.2225433526,-128000000.0,565000000.0,0.1814386641,159000000.0,420000000.0,0.1348747592,1.29,1.27,326000000,329000000,https://www.sec.gov/Archives/edgar/data/827052/000082705215000035/0000827052-15-000035-index.htm,https://www.sec.gov/Archives/edgar/data/92103/000082705215000035/eix-sce201410k.htm,9.552147239263803,1.2883435582822085,3.745398773006135,0.5245398773006135,0.4049079754601227,39.82208588957055,39.82208588957055,33.61963190184049,37.41104294478528,21346480000.0,33243480000.0,12.706238095238096,6.8550032113037895,17.482784602784605,124.833216374269,1.9476715328467151,1.9476715328467151,10.675491329479769,30.030243902439025,27.226437346437347,194.4063157894737,0.0196753750501253,0.0080106884132653,1.0975364963503649,0.2396883593033913,10.74706413730804,0.733528016061325,4.149700598802395,3.0073891625615765,0.0054341512043203,0.2761904761904762,0.0,0.0,0.0,0.85995085995086,0.3371868978805395,1.851851851851852,0.0128452151573538,31.217892535091035,0.0107087600761676,0.0083688678117403,-110.01533742331289,-1460000000.0,12982000000.0,-33185000000.0,31521000000.0,1819000000.0,1517500000.0,278000000.0,41.09826589595376,73.67875647668394,13.103626943005182,2.189873417721519,1.2215189873417722,6.868327402135232,0.0383211678832116,3.220858895705521,2015-02-24,0.83,amc,2393935185.0,2025-04-25,2014-12-31,0.3012048192771085,62.1225,2283762.109375
2014-09-30,EIX,USD,827052,2014-10-28,2014-10-28 16:06:53,2014,Q3,4356000000.0,3061000000.0,1295000000.0,0.2972910927,0,0.0,0.0,0.0,-4000000.0,424000000.0,3485000000.0,1000000.0,141000000.0,424000000.0,1319000000.0,0.3028007346,874000000.0,0.2006427916,-130000000.0,744000000.0,0.1707988981,220000000.0,480000000.0,0.1101928375,1.47,1.46,326000000,329000000,https://www.sec.gov/Archives/edgar/data/827052/000082705214000188/0000827052-14-000188-index.htm,https://www.sec.gov/Archives/edgar/data/92103/000082705214000188/eix-sce2014q3.htm,13.36196319018405,1.4723926380368098,4.368098159509202,1.3006134969325154,0.4355828220858895,39.13496932515337,16.288343558282207,32.93251533742331,37.81288343558282,18229920000.0,30273920000.0,9.494750000000002,4.185013774104683,12.801910112359552,42.99509433962264,1.6980178837555888,1.6980178837555888,6.949935720844811,22.952175890826386,21.259775280898875,71.40075471698113,0.026330340451302,0.0232584673986501,1.135059612518629,0.2463062152602324,9.131159969673996,0.7690203453581809,6.198581560283688,2.717557251908397,0.0063631656090646,0.2416666666666666,0.0,0.0,0.1505406771096513,0.702247191011236,0.2295684113865932,2.358490566037736,0.0,33.03052899264965,0.0134757577833347,0.0114212292097937,-106.6733128834356,-1351000000.0,5310000000.0,-32219000000.0,38118000000.0,2060000000.0,1380500000.0,276000000.0,45.78512396694215,42.78013721006207,8.085592943482522,1.9657039711191333,2.1037800687285224,11.13090909090909,0.044709388971684,3.067484662576687,2014-10-28,1.33,amc,3840157894.0,2025-04-25,2014-09-30,0.1428571428571428,57.1159375,1891126.46875
2014-06-30,EIX,USD,827052,2014-07-31,2014-07-31 16:03:05,2014,Q2,3016000000.0,2027000000.0,989000000.0,0.3279177719,0,0.0,0.0,0.0,30000000.0,414000000.0,2441000000.0,3000000.0,139000000.0,414000000.0,1007000000.0,0.3338859416,575000000.0,0.1906498674,-109000000.0,466000000.0,0.1545092838,84000000.0,536000000.0,0.1777188329,1.64,1.63,326000000,329000000,https://www.sec.gov/Archives/edgar/data/827052/000082705214000154/0000827052-14-000154-index.htm,https://www.sec.gov/Archives/edgar/data/827052/000082705214000154/eix-sce2014q2.htm,9.251533742331288,1.6441717791411044,0.3220858895705521,-2.4877300613496933,0.5828220858895705,38.04601226993865,15.058282208588958,31.84355828220859,37.47852760736196,18943860000.0,30832860000.0,8.835755597014925,6.281120689655173,180.4177142857143,-23.358643649815043,1.824858876794143,1.824858876794143,10.223096816976128,30.61853028798411,293.64628571428574,-38.01832305795315,0.0282941280182602,-0.0428107048933005,1.1635680570272613,0.2471962999345121,11.80635551142006,0.7883249610254633,4.136690647482014,0.2748691099476439,0.0060705685113804,0.2145522388059701,0.0,0.0,0.1533644400785854,8.723809523809523,0.3037135278514589,2.21256038647343,0.0,34.32224201867432,0.0104179986590591,0.0129562484892434,-106.45552147239265,-1222000000.0,4909000000.0,-31910000000.0,37636000000.0,1602500000.0,1211000000.0,272500000.0,56.81697612732096,57.98717316230883,12.298963986186482,1.584033613445378,1.5520673813169985,7.317689530685921,0.0516327906752721,2.8098159509202456,2014-07-31,0.83,amc,2311327102.0,2025-04-25,2014-06-30,0.3012048192771085,56.01507936507936,2005779.857142857
2014-03-31,EIX,USD,827052,2014-04-29,2014-04-29 16:04:11,2014,Q1,2926000000.0,1954000000.0,972000000.0,0.3321941217,0,0.0,0.0,0.0,-7000000.0,410000000.0,2364000000.0,2000000.0,141000000.0,410000000.0,763000000.0,0.2607655502,331000000.0,0.1131237184,-126000000.0,205000000.0,0.0700615174,-19000000.0,176000000.0,0.0601503759,0.54,0.54,326000000,329000000,https://www.sec.gov/Archives/edgar/data/827052/000082705214000135/0000827052-14-000135-index.htm,https://www.sec.gov/Archives/edgar/data/92103/000082705214000135/eix-sce2014q1.htm,8.975460122699387,0.5398773006134969,1.5276073619631902,-1.3558282208588956,0.4570552147239264,36.8159509202454,13.659509202453988,30.61042944785276,34.28834355828221,18454860000.0,29342860000.0,26.214289772727277,6.307197539302803,37.05795180722891,-41.753076923076925,1.8493696763202727,1.8493696763202727,10.028318523581682,38.45722149410223,58.92140562248996,-66.38656108597286,0.0095367832646793,-0.0239503306987969,1.1060226475598758,0.232907065079767,14.269986893840104,0.772438007461049,2.347517730496454,2.2232142857142856,0.0062856071517204,0.6590909090909091,0.0,0.0,0.1593019329788132,1.8875502008032128,0.3212576896787423,2.292682926829268,-0.0075187969924812,19.282951290475467,0.0082119303585243,0.0044177815708225,-104.68481595092024,-1037000000.0,4453000000.0,-31866000000.0,37329000000.0,1367500000.0,1261500000.0,262000000.0,40.01708817498291,51.40225179119754,12.343909928352096,2.249039200614912,1.7508960573476702,7.291044776119403,0.0176370377793366,2.8834355828220857,2014-04-29,0.82,amc,2633400000.0,2025-04-25,2014-03-31,0.0975609756097561,49.7944262295082,2304141.049180328
2013-12-31,EIX,USD,827052,2014-02-25,2014-02-25 16:03:23,2013,Q4,2943000000.0,2046000000.0,897000000.0,0.3047910296,0,6000000.0,0.0,6000000.0,-9000000.0,398000000.0,2444000000.0,2000000.0,142000000.0,344000000.0,898000000.0,0.3051308189,503000000.0,0.1709140333,-145000000.0,358000000.0,0.1216445804,69000000.0,301000000.0,0.1022765885,1.0,1.0,326000000,326000000,https://www.sec.gov/Archives/edgar/data/827052/000082705214000030/0000827052-14-000030-index.htm,https://www.sec.gov/Archives/edgar/data/92103/000082705214000030/eix-sce201310k.htm,9.02760736196319,0.9233128834355828,2.914110429447853,0.3435582822085889,0.4478527607361963,35.86196319018405,35.86196319018405,30.48466257668712,33.05828220858896,15093800000.0,25582800000.0,12.536378737541527,5.128712198436969,15.888210526315788,134.76607142857142,1.5187965385389413,1.5187965385389413,8.6927624872579,28.488641425389755,26.92926315789473,228.41785714285712,0.0199419629251745,0.0074202652744835,1.0701348359830951,0.2279938258371564,11.680400890868595,0.6785494775660725,3.5422535211267605,3.28719723183391,0.0072877605374392,0.3654485049833887,0.0020387359836901,0.0,0.0,0.8821052631578947,0.2847434590553857,2.436046511627907,0.0091743119266055,25.165548639865577,0.0095360154206265,0.0064528576941216,-103.08435582822086,-1569000000.0,11691000000.0,-31643000000.0,28886000000.0,1703000000.0,1323500000.0,264000000.0,43.85321100917431,61.89149560117303,11.26099706744868,2.0523012552301254,1.4541577825159917,7.9921875,0.030287784262427,2.570552147239264,2014-02-25,0.67,amc,2434333333.0,2025-04-25,2013-12-31,0.208955223880597,47.24203125,2031026.46875
2013-09-30,EIX,USD,827052,2013-10-29,2013-10-29 16:03:29,2013,Q3,3960000000.0,2779000000.0,1181000000.0,0.2982323232,0,0.0,0.0,0.0,-13000000.0,392000000.0,3171000000.0,2000000.0,137000000.0,413000000.0,1181000000.0,0.2982323232,789000000.0,0.1992424242,-124000000.0,665000000.0,0.1679292929,177000000.0,438000000.0,0.1106060606,1.34,1.34,326000000,328000000,https://www.sec.gov/Archives/edgar/data/827052/000082705213000166/0000827052-13-000166-index.htm,https://www.sec.gov/Archives/edgar/data/92103/000082705213000166/eix-sce2013q3.htm,12.14723926380368,1.343558282208589,3.042944785276074,0.1993865030674846,1.8711656441717792,35.09815950920245,10.365030674846626,29.72085889570552,34.65644171779141,15015560000.0,25566560000.0,8.570525114155252,3.7918080808080807,15.136653225806452,231.00861538461533,1.5497533285168748,1.5497533285168748,6.45620202020202,21.64823031329382,25.77274193548387,393.3316923076923,0.0291697412550714,0.0043288428803188,1.1519248632469812,0.2390038117264122,8.933954276037257,0.6685841529040638,5.759124087591241,2.036960985626284,0.0073257341051549,0.2511415525114155,0.0,0.0,0.1726626407983211,0.9344758064516128,0.2340909090909091,2.2445520581113803,0.0015151515151515,29.974378855661957,0.0133908943226283,0.0113368707130839,-101.32208588957056,-1786000000.0,3379000000.0,-31653000000.0,36086000000.0,1764000000.0,1264000000.0,269500000.0,44.81818181818182,40.15833033465275,8.8089240734077,2.0081135902636915,2.2411290322580646,10.216911764705882,0.0452059036020229,2.8435582822085887,2013-10-29,1.23,amc,3454468085.0,2025-04-25,2013-09-30,0.1463414634146341,47.2828125,1809160.765625
2013-06-30,EIX,USD,827052,2013-08-01,2013-08-01 16:03:21,2013,Q2,3046000000.0,2124000000.0,922000000.0,0.3026920552,0,0.0,0.0,0.0,-9000000.0,418000000.0,2542000000.0,4000000.0,133000000.0,434000000.0,367000000.0,0.1204858831,-71000000.0,-0.023309258,-113000000.0,-184000000.0,-0.0604070913,-102000000.0,-70000000.0,-0.0229809586,-0.22,-0.21,321212121,326000000,https://www.sec.gov/Archives/edgar/data/827052/000082705213000132/0000827052-13-000132-index.htm,https://www.sec.gov/Archives/edgar/data/92103/000082705213000132/eix2013q2.htm,9.482830194941492,-0.2179245284457992,2.350471699665406,-0.3113207549225703,0.460754717285404,34.58150945679911,11.269811328197044,29.124056623006453,33.049811342580064,15122666656.68,25457666656.68,-54.00952377385714,4.964762526815496,20.03002206182781,-151.2266665668,1.6165330472132549,1.6165330472132549,8.357736919461589,69.36693911901908,33.71876378368212,-254.5766665668,-0.0046288132635046,-0.0066125903764352,1.1205772314270444,0.232815866035934,28.160762942779293,0.6182487725040916,-0.5338345864661654,-9.096385542168674,0.0072738494140787,-1.5714285714285714,0.0,0.0,0.1663002198680791,1.1324503311258278,0.2806959947472094,1.9700460829493087,0.0019697964543663,,-0.0007571139057194,-0.0018647273502224,-101.0874057271332,-1866000000.0,3620000000.0,-30897000000.0,34998000000.0,1378000000.0,1194000000.0,309000000.0,45.97504924491136,54.57627118644068,11.313559322033898,1.9575835475578407,1.6490683229813663,7.955056179775281,-0.0074826296098343,2.6617924545879763,2013-08-01,0.66,amc,2583316455.0,2025-04-25,2013-06-30,0.1969696969696969,49.36796875,2778007.859375
2013-03-31,EIX,USD,827052,2013-04-30,2013-04-30 16:03:46,2013,Q1,2632000000.0,1726000000.0,906000000.0,0.344224924,0,0.0,0.0,0.0,-7000000.0,414000000.0,2140000000.0,2000000.0,131000000.0,431000000.0,929000000.0,0.3529635258,492000000.0,0.1869300912,-108000000.0,384000000.0,0.1458966565,98000000.0,271000000.0,0.1029635258,0.83,0.82,326000000,329000000,https://www.sec.gov/Archives/edgar/data/827052/000082705213000107/0000827052-13-000107-index.htm,https://www.sec.gov/Archives/edgar/data/92103/000082705213000107/eix2013q1.htm,8.07361963190184,0.8312883435582822,1.5521472392638036,-1.450920245398773,0.352760736196319,34.690184049079754,14.98159509202454,29.30981595092025,31.226993865030675,16456479999.999998,26390480000.0,15.181254612546123,6.252462006079027,32.522687747035576,-34.791712473572936,1.7222899005756147,1.7222899005756147,10.02677811550152,28.40740581270183,52.15509881422925,-55.7938266384778,0.0164676771703304,-0.0287424771275509,1.051700680272109,0.2225445687077843,10.693218514531754,0.6239775648516008,3.7557251908396942,1.7692307692307692,0.0066842970064072,0.4059040590405904,0.0,0.0,0.1422876757834127,1.934782608695652,0.3719604863221885,2.2714617169373548,0.0022796352583586,23.41389412114885,0.00870480568225,0.0069971598244255,-100.170245398773,-1609000000.0,4884000000.0,-31176000000.0,35561000000.0,1256000000.0,1261500000.0,345500000.0,41.03343465045593,57.358053302433376,18.302433371958287,2.193333333333334,1.569090909090909,4.917378917378917,0.0283621140763997,3.003067484662577,2013-04-30,0.66,amc,2256000000.0,2025-04-25,2013-03-31,0.1666666666666666,48.06033333333333,2384947.8666666667
2012-12-31,EIX,USD,827052,2013-02-26,2013-02-26 16:04:21,2012,Q4,2062000000.0,4316000000.0,-2254000000.0,-1.0931134821,0,0.0,0.0,0.0,-3271000000.0,-3271000000.0,1045000000.0,154000000.0,41000000.0,172000000.0,1131000000.0,0.5484966052,991000000.0,0.4806013579,281000000.0,1080000000.0,0.5237633366,50000000.0,-449000000.0,-0.2177497575,-1.38,-1.38,326000000,326000000,https://www.sec.gov/Archives/edgar/data/827052/000082705213000024/0000827052-13-000024-index.htm,https://www.sec.gov/Archives/edgar/data/92103/000082705213000024/eix201210k.htm,6.325153374233129,-1.3773006134969326,3.607361963190184,1.2208588957055215,0.5214723926380368,34.328220858895705,34.328220858895705,28.932515337423315,28.978527607361965,14731940000.0,23967940000.0,-8.202639198218263,7.144490785645005,12.527159863945576,37.014924623115576,1.5619105173876164,1.5619105173876164,11.623637245392825,21.19181255526083,20.38090136054421,60.220954773869344,-0.030477995430337,0.0270161295796751,0.9972434266327396,0.2118754786682885,8.166224580017683,0.7136752136752137,24.17073170731707,1.014667817083693,0.0071952505915717,-0.2360801781737193,0.0,0.0,0.0,0.6615646258503401,0.3773035887487876,4.523255813953488,0.0024248302618816,,0.0231505295865369,-0.010113979366581,-97.7883435582822,-1072000000.0,11191000000.0,-30531000000.0,29201000000.0,1633000000.0,1340000000.0,424000000.0,57.26479146459748,29.673308619091756,7.089898053753476,1.5716463414634143,3.033028812368236,12.694117647058825,-0.0476039016115352,2.3865030674846626,2013-02-26,1.04,amc,1506732855.0,2025-04-25,2012-12-31,0.6923076923076923,45.56887096774194,1956837.6129032257
2012-09-30,EIX,USD,827052,2012-11-01,2012-11-01 16:06:53,2012,Q3,4070000000.0,1882000000.0,2188000000.0,0.5375921376,0,0.0,0.0,0.0,1617000000.0,1617000000.0,3499000000.0,3000000.0,214000000.0,489000000.0,1088000000.0,0.2673218673,636000000.0,0.1562653563,-103000000.0,477000000.0,0.1171990172,181000000.0,190000000.0,0.0466830467,0.58,0.58,326000000,329000000,https://www.sec.gov/Archives/edgar/data/827052/000082705212000096/0000827052-12-000096-index.htm,https://www.sec.gov/Archives/edgar/data/827052/000082705212000096/eix2012q3.htm,12.484662576687116,0.5828220858895705,3.061349693251534,-0.2515337423312883,3.312883435582822,36.87116564417178,36.72085889570552,30.745398773006137,45.75460122699386,14982960000.0,28604960000.0,19.71442105263158,3.681316953316953,15.012985971943888,-182.7190243902439,1.494857826997905,1.494857826997905,7.028245700245701,26.29132352941177,28.66228456913828,-348.8409756097561,0.0126810723648731,-0.0054728838627347,1.4668262995111243,0.2908695222079335,12.520220588235292,1.0514740290126343,2.97196261682243,4.557077625570776,0.0070747035298766,0.5578947368421052,0.0,0.0,0.0009694331783559,1.0821643286573146,0.2653562653562653,2.208588957055215,0.0019656019656019,20.07933496156625,0.0083500828661095,0.0037626742712294,-109.58742331288344,220000000.0,11971000000.0,-34031000000.0,34127000000.0,1772000000.0,1198500000.0,537500000.0,43.2088452088452,60.1115834218916,24.2933049946865,2.082906857727738,1.4972155926809865,3.704724409448819,0.0189564002793574,3.312883435582822,2012-11-01,1.0,amc,5186111111.0,2025-04-25,2012-09-30,-0.28,45.12984126984127,1775219.507936508
2012-06-30,EIX,USD,827052,2012-07-31,2012-07-31 16:08:32,2012,Q2,3057000000.0,1098000000.0,1959000000.0,0.6408243376,0,0.0,0.0,0.0,1676000000.0,1676000000.0,2774000000.0,13000000.0,218000000.0,491000000.0,805000000.0,0.2633300622,272000000.0,0.0889761204,-113000000.0,104000000.0,0.0340202813,1000000.0,74000000.0,0.0242067386,0.23,0.22,326000000,334000000,https://www.sec.gov/Archives/edgar/data/827052/000082705212000083/0000827052-12-000083-index.htm,https://www.sec.gov/Archives/edgar/data/827052/000082705212000083/eix2012q2.htm,9.377300613496931,0.2269938650306748,1.48159509202454,-1.6319018404907977,3.604294478527607,36.64110429447853,36.42638036809816,30.506134969325156,45.30061349693251,15061200000.0,28436200000.0,50.88243243243244,4.926790971540727,31.182608695652178,-28.31052631578947,1.5144494720965311,1.5144494720965311,9.301995420346746,35.32447204968944,58.874120082815736,-53.4515037593985,0.004913287121876,-0.0353225506599739,1.463046757164404,0.2946059771604438,16.614906832298136,1.0509116741652853,1.2477064220183487,4.782178217821782,0.0070379518232278,1.4324324324324325,0.0,0.0,0.0014173483437272,2.101449275362319,0.3320248609748119,2.067209775967413,0.0026169447170428,12.482222293577262,0.0058489396917865,0.0015004663611663,-106.7239263803681,215000000.0,11875000000.0,-33005000000.0,33528000000.0,1425500000.0,1103500000.0,573000000.0,46.81059862610402,93.44262295081968,46.47540983606557,1.9226415094339624,0.963157894736842,1.9365079365079363,0.0074409250879839,3.113496932515337,2012-07-31,0.28,amc,2321375000.0,2025-04-25,2012-06-30,0.1428571428571427,44.22126984126984,2013051.8412698407
2012-03-31,EIX,USD,827052,2012-05-02,2012-05-02 16:32:25,2012,Q1,2856000000.0,898000000.0,1958000000.0,0.6855742297,0,0.0,0.0,0.0,1640000000.0,1640000000.0,2538000000.0,3000000.0,212000000.0,482000000.0,820000000.0,0.2871148459,304000000.0,0.106442577,-102000000.0,115000000.0,0.0402661064,1000000.0,93000000.0,0.0325630252,0.28,0.28,326000000,329000000,https://www.sec.gov/Archives/edgar/data/827052/000082705212000050/0000827052-12-000050-index.htm,https://www.sec.gov/Archives/edgar/data/827052/000082705212000050/eix2012q1.htm,8.760736196319018,0.2852760736196319,2.076687116564417,-1.837423312883436,4.549079754601227,35.604294478527606,35.16257668711656,30.644171779141104,45.2361963190184,13858260000.0,26910260000.0,37.25338709677419,4.852331932773109,20.47010339734121,-23.13565943238731,1.3872132132132131,1.3872132132132131,9.422359943977591,32.81739024390244,39.74927621861152,-44.925308848080135,0.0067107991912404,-0.0432233195220756,1.454954954954955,0.2943260975214644,15.917073170731708,1.2829931972789117,1.4339622641509433,5.886956521739131,0.0076488678953923,1.1397849462365592,0.0,0.0,0.0029159241859711,1.8847858197932053,0.4467787114845938,2.6473029045643157,0.0028011204481792,14.024838772719468,0.0065351749341645,0.0018887083671811,-107.54217791411044,1040000000.0,11463000000.0,-33062000000.0,33864000000.0,1274000000.0,1194000000.0,601500000.0,39.73739495798319,106.93763919821826,58.02895322939866,2.2648691514670896,0.8416119962511716,1.5509499136442142,0.0093093093093093,3.914110429447853,2012-05-02,0.49,amc,3381000000.0,2025-04-25,2012-03-31,-0.2857142857142857,41.63564516129032,1865307.9032258063
2011-12-31,EIX,USD,827052,2012-02-29,2012-02-29 16:06:02,2011,Q4,3014000000.0,867000000.0,2147000000.0,0.7123424021,0,0.0,0.0,0.0,1694000000.0,1694000000.0,2561000000.0,-1000000.0,207000000.0,489000000.0,-785000000.0,-0.2604512276,-1319000000.0,-0.4376244194,-161000000.0,-1481000000.0,-0.4913735899,-657000000.0,-839000000.0,-0.2783676178,-2.57,-2.57,326000000,326000000,https://www.sec.gov/Archives/edgar/data/827052/000082705212000013/0000827052-12-000013-index.htm,https://www.sec.gov/Archives/edgar/data/827052/000082705212000013/eix201110k.htm,9.245398773006135,-2.5736196319018405,3.3190184049079754,-0.7208588957055214,4.506134969325154,34.00613496932515,34.00613496932515,30.84355828220859,44.11656441717791,13496400000.0,26202400000.0,-4.021573301549464,4.477903118779032,12.473567467652495,-57.43148936170213,1.3422575832918944,1.3422575832918944,8.693563370935633,-33.378853503184715,24.216635859519407,-111.4995744680851,-0.062164725408257,-0.0174120506209063,1.4097463948284437,0.2950727533878723,-16.185987261146497,1.031278748850046,-6.371980676328502,-1.3131067961165048,0.0077057585726564,-0.1239570917759237,0.0,0.0,0.0,1.2171903881700554,0.4369608493696085,2.6932515337423317,0.0026542800265428,,-0.0166119543325628,-0.0174649763733633,-104.9286809815951,136000000.0,11086000000.0,-32469000000.0,32252000000.0,1607000000.0,1272500000.0,608000000.0,38.43065693430657,137.12802768166088,64.7750865051903,2.341880341880342,0.6563209689629069,1.3894230769230769,-0.0834410740924913,4.039877300613497,2012-02-29,0.46,amc,1543759999.0,2025-04-25,2011-12-31,0.6304347826086956,39.38174603174603,2071587.9206349207
2011-09-30,EIX,USD,827052,2011-11-02,2011-11-02 09:33:28,2011,Q3,3981000000.0,1616000000.0,2365000000.0,0.5940718412,0,0.0,0.0,0.0,1555000000.0,1555000000.0,3171000000.0,4000000.0,203000000.0,473000000.0,1318000000.0,0.3310725948,810000000.0,0.2034664657,-127000000.0,683000000.0,0.1715649334,242000000.0,426000000.0,0.1070082894,1.31,1.3,326000000,329000000,https://www.sec.gov/Archives/edgar/data/827052/000144530511003160/0001445305-11-003160-index.htm,https://www.sec.gov/Archives/edgar/data/827052/000144530511003160/eix930201110q.htm,12.21165644171779,1.3067484662576687,4.914110429447852,1.125766871165644,4.245398773006135,36.95092024539877,41.01840490797546,33.78834355828221,42.40490797546012,12469500000.0,24706500000.0,7.317781690140845,3.1322532027128864,7.78370786516854,33.97683923705722,1.132047208352247,1.132047208352247,6.206103993971364,18.74544764795144,15.422284644194756,67.32016348773843,0.0341633585949717,0.0294318136252456,1.2365864729913754,0.2857232757174022,9.2845220030349,1.1417928382600335,3.9901477832512313,3.640909090909091,0.0083403504551104,0.244131455399061,0.0,0.0,-0.0278150696425574,0.7709113607990012,0.3102235619191158,2.610993657505285,0.0017583521728208,31.518875102847183,0.0118535303052636,0.0086942324176497,-99.69555214723928,590000000.0,13372000000.0,-30875000000.0,31333000000.0,1782000000.0,1167000000.0,590500000.0,43.56443104747551,68.16831683168317,32.97029702970297,2.065905552672548,1.3202614379084967,2.72972972972973,0.0386745347253744,3.7883435582822087,2011-11-02,1.23,bmo,2408907692.0,2025-04-25,2011-09-30,0.0569105691056911,37.0965625,2595686.46875
2011-06-30,EIX,USD,827052,2011-08-04,2011-08-04 09:00:16,2011,Q2,2983000000.0,905000000.0,2078000000.0,0.6966141468,0,0.0,0.0,0.0,1698000000.0,1698000000.0,2603000000.0,30000000.0,203000000.0,473000000.0,930000000.0,0.3117666778,380000000.0,0.127388535,-126000000.0,254000000.0,0.0851491787,62000000.0,176000000.0,0.0590010057,0.54,0.54,326000000,329000000,https://www.sec.gov/Archives/edgar/data/827052/000104746911006928/0001047469-11-006928-index.htm,https://www.sec.gov/Archives/edgar/data/827052/000104746911006928/a2204523z10-q.htm,9.150306748466258,0.5398773006134969,1.5460122699386505,-1.8987730061349688,2.898773006134969,36.06441717791411,38.785276073619634,32.90184049079755,41.71779141104295,12632500000.0,25084500000.0,17.943892045454547,4.234830707341603,25.064484126984127,-20.40791599353797,1.1777456647398843,1.1777456647398843,8.409151860543078,26.97258064516129,49.770833333333336,-40.52423263327948,0.013932317435187,-0.0490005937067088,1.249021070296476,0.2845884227296866,13.389247311827956,1.1172076249356002,1.8719211822660096,2.625,0.0083118939244013,0.5965909090909091,0.0,0.0,-0.018842272968667,2.2281746031746037,0.3764666443178008,2.374207188160677,0.0026818638954073,19.991661478256923,0.0065830337463489,0.0036695717442975,-100.7691717791411,455000000.0,12644000000.0,-30981000000.0,31028000000.0,1414500000.0,1084500000.0,587500000.0,49.38987596379483,110.38674033149172,58.57458563535912,1.8222357971899816,0.8153153153153153,1.536502546689304,0.0164087264590714,3.4447852760736195,2011-08-04,0.5,bmo,2530555555.0,2025-04-25,2011-06-30,0.08,38.7884126984127,2600337.984126984
2011-03-31,EIX,USD,827052,2011-05-02,2011-05-02 08:55:09,2011,Q1,2782000000.0,766000000.0,2016000000.0,0.7246585191,0,0.0,0.0,0.0,1566000000.0,1566000000.0,2332000000.0,4000000.0,196000000.0,454000000.0,931000000.0,0.33465133,450000000.0,0.1617541337,-169000000.0,281000000.0,0.1010064702,65000000.0,200000000.0,0.0718907261,0.61,0.61,326000000,328000000,https://www.sec.gov/Archives/edgar/data/827052/000104746911004333/0001047469-11-004333-index.htm,https://www.sec.gov/Archives/edgar/data/827052/000104746911004333/a2203476z10-q.htm,8.533742331288343,0.6134969325153374,2.202453987730061,-1.2730061349693251,3.98159509202454,35.91717791411043,39.30061349693251,32.74846625766871,40.19938650306749,11928340000.000002,23539340000.0,14.910425000000002,4.287685118619699,16.613286908077995,-28.742987951807237,1.117304233795429,1.117304233795429,8.461301222142344,25.283931256713213,32.78459610027855,-56.72130120481928,0.01676679236172,-0.0347910941505691,1.209160734357437,0.279651653993631,12.471535982814178,1.17411318711075,2.295918367346939,3.324074074074074,0.0087187320280944,0.52,0.0,0.0,-0.0238946296657351,1.5779944289693593,0.4072609633357297,2.495594713656388,0.0025161754133716,21.261452933828163,0.008071577956122,0.0042315504400812,-98.05828220858896,643000000.0,12812000000.0,-30116000000.0,30253000000.0,1282500000.0,1210500000.0,577000000.0,38.56218547807333,124.42558746736292,68.85117493472585,2.3338926174496644,0.7233238904627006,1.3071672354948805,0.0187336080929186,3.475460122699386,2011-05-02,0.63,bmo,2826870967.0,2025-04-25,2011-03-31,-0.0158730158730158,37.112258064516126,2502588.080645161
2010-12-31,EIX,USD,827052,2011-02-28,2011-02-28 08:56:24,2010,Q4,3069000000.0,888000000.0,2181000000.0,0.7106549365,0,0.0,0.0,0.0,1720000000.0,1720000000.0,2608000000.0,4000000.0,185000000.0,513000000.0,969000000.0,0.3157380254,414000000.0,0.1348973607,-143000000.0,271000000.0,0.0883023786,93000000.0,166000000.0,0.0540892799,0.51,0.51,326000000,326000000,https://www.sec.gov/Archives/edgar/data/827052/000104746911001484/0001047469-11-001484-index.htm,https://www.sec.gov/Archives/edgar/data/827052/000104746911001484/a2201615z10-k.htm,9.414110429447852,0.50920245398773,2.2300613496932518,-2.107361963190184,4.2607361963190185,35.25766871165644,21.01840490797546,32.46319018404908,39.015337423312886,12583600000.0,23728600000.0,18.951204819277116,4.1002280873248615,17.30894085281981,-18.31673944687045,1.1890390248511764,1.1890390248511764,7.731704138155751,24.48771929824561,32.639064649243466,-34.53944687045124,0.0131917734193712,-0.054594869512699,1.1843522630634036,0.2752910169119262,11.5015479876161,1.1189271255060729,2.2378378378378376,4.084269662921348,0.0050859849327696,0.3855421686746988,0.0,0.0,0.1019547551065231,1.944979367262724,0.4607363962202672,0.9290407358738502,0.0032583903551645,19.28555320401087,0.0065146067238923,0.0040598708667579,-96.11426380368098,470000000.0,6852000000.0,-29614000000.0,35296000000.0,1530000000.0,1295000000.0,557500000.0,40.26392961876833,138.04054054054055,57.56756756756757,2.235251274581209,0.6519823788546255,1.5633802816901408,0.0156855334026268,4.337423312883436,2011-02-28,0.6,bmo,3174827586.0,2025-04-25,2010-12-31,-0.0333333333333333,37.184375,2219591.6875
2010-09-30,EIX,USD,827052,2010-10-29,2010-10-29 09:02:45,2010,Q3,3788000000.0,1446000000.0,2342000000.0,0.6182682154,0,0.0,0.0,0.0,1480000000.0,1480000000.0,2926000000.0,4000000.0,175000000.0,378000000.0,1361000000.0,0.3592925026,862000000.0,0.2275607181,-88000000.0,774000000.0,0.2043294615,247000000.0,510000000.0,0.1346356917,1.56,1.56,326000000,328000000,https://www.sec.gov/Archives/edgar/data/827052/000104746910008982/0001047469-10-008982-index.htm,https://www.sec.gov/Archives/edgar/data/827052/000104746910008982/a2200535z10-q.htm,11.61963190184049,1.5644171779141105,5.484662576687117,2.236196319018405,6.174846625766871,35.41717791411043,49.61963190184049,35.40184049079755,38.13803680981595,11211140000.0,21460140000.0,5.495656862745098,2.959646251319958,6.270212527964206,15.378792866941016,0.9714184212806516,0.9714184212806516,5.665295670538542,15.767920646583397,12.002315436241611,29.43777777777778,0.0454904675171302,0.0650246094509568,1.0621263322069143,0.2690163718562086,7.530492285084497,1.2968870594288655,4.925714285714286,3.3927893738140416,0.0091872904985576,0.2019607843137255,0.0,0.0,-0.101610850195321,0.5922818791946308,0.2795670538542766,2.4178082191780823,0.0015839493136219,35.300468358869225,0.0140343690258608,0.0101601721252689,-93.46088957055214,1154000000.0,16176000000.0,-28979000000.0,20265000000.0,1554500000.0,1127500000.0,551500000.0,40.081837381203805,76.43153526970954,34.045643153526974,2.2454060462359218,1.1775244299674268,2.643510054844607,0.0441902781388094,3.248466257668712,2010-10-29,1.18,bmo,3061534246.0,2025-04-25,2010-09-30,0.2372881355932203,33.68390625,2560439.09375
2010-06-30,EIX,USD,827052,2010-08-05,2010-08-05 08:52:09,2010,Q2,2741000000.0,866000000.0,1875000000.0,0.6840569135,0,0.0,0.0,0.0,1524000000.0,1524000000.0,2390000000.0,4000000.0,175000000.0,380000000.0,755000000.0,0.2754469172,351000000.0,0.1280554542,-131000000.0,220000000.0,0.0802626779,-136000000.0,344000000.0,0.1255016417,1.05,1.05,326000000,327000000,https://www.sec.gov/Archives/edgar/data/827052/000104746910007028/0001047469-10-007028-index.htm,https://www.sec.gov/Archives/edgar/data/827052/000104746910007028/a2199525z10-q.htm,8.4079754601227,1.0552147239263805,1.1134969325153374,-2.3190184049079754,3.371165644171779,34.033742331288344,33.53680981595092,34.015337423312886,36.27300613496933,10340720000.0,21122720000.0,7.515058139534884,3.772608537030281,28.486831955922863,-13.678201058201058,0.9325205158264946,0.9325205158264946,7.706209412623131,27.97711258278146,58.18931129476584,-27.94010582010582,0.033266542368423,-0.0731090291585112,1.050590675444134,0.2705841365695041,14.280794701986755,1.0675339053418211,2.005714285714286,1.0225352112676056,0.0098639166324975,0.2965116279069767,0.0,0.0,0.0037626291952154,3.0826446280991737,0.408245165997811,2.976063829787234,0.0025538124771981,28.418363956939626,0.0142070041317146,0.0080199566362809,-90.5414110429448,244000000.0,10933000000.0,-28103000000.0,28562000000.0,1312500000.0,1002000000.0,539000000.0,46.69098869025903,106.73210161662816,57.78290993071594,1.9275668073136427,0.8432327166504382,1.5575539568345325,0.0310217332491658,3.432515337423313,2010-08-05,0.68,bmo,3006258064.0,2025-04-25,2010-06-30,-0.0882352941176471,33.33396825396825,2214274.634920635
2010-03-31,EIX,USD,827052,2010-05-07,2010-05-07 09:08:36,2010,Q1,2810000000.0,903000000.0,1907000000.0,0.6786476868,0,0.0,0.0,3000000.0,1409000000.0,1409000000.0,2312000000.0,19000000.0,168000000.0,369000000.0,904000000.0,0.3217081851,498000000.0,0.1772241993,-105000000.0,393000000.0,0.1398576512,150000000.0,236000000.0,0.0839857651,0.72,0.72,326000000,328000000,https://www.sec.gov/Archives/edgar/data/827052/000104746910004925/0001047469-10-004925-index.htm,https://www.sec.gov/Archives/edgar/data/827052/000104746910004925/a2198385z10-q.htm,8.61963190184049,0.7239263803680982,1.837423312883436,-1.0797546012269938,5.374233128834356,33.690184049079754,33.48159509202454,33.668711656441715,35.32515337423313,11139420000.0,21069420000.0,11.800233050847458,3.9642064056939503,18.59669449081803,-31.646079545454544,1.0148888483965015,1.0148888483965015,7.498014234875445,23.30688053097345,35.17432387312187,-59.85630681818182,0.021186022252505,-0.0315994908172957,1.0338921282798834,0.2679132138725594,10.984513274336283,1.3101013202333436,2.9642857142857144,2.4650205761316872,0.0092464419152882,0.4364406779661017,0.0,0.0,0.0016054017045588,1.587646076794658,0.3384341637010676,2.5772357723577235,0.0024911032028469,23.41810288270302,0.0078107618426334,0.0055806474496914,-87.2967791411043,1010000000.0,10915000000.0,-27107000000.0,28389000000.0,1283500000.0,1162000000.0,527500000.0,38.53024911032029,97.37541528239204,52.026578073089695,2.3358270989193683,0.924257932446264,1.7298850574712643,0.0215014577259475,2.9171779141104293,2010-05-07,0.78,bmo,2672926829.0,2025-04-25,2010-03-31,0.0512820512820511,33.91786885245902,2059168.5409836064
2009-12-31,EIX,USD,827052,2010-03-01,2010-03-01 09:05:45,2009,Q4,3023000000.0,993000000.0,2030000000.0,0.6715183592,0,866000000.0,0.0,866000000.0,728000000.0,728000000.0,1721000000.0,31000000.0,176000000.0,390000000.0,865000000.0,0.2861395964,440000000.0,0.1455507774,-141000000.0,299000000.0,0.0989083692,71000000.0,212000000.0,0.0701290109,0.65,0.65,326000000,326000000,https://www.sec.gov/Archives/edgar/data/827052/000104746910001604/0001047469-10-001604-index.htm,https://www.sec.gov/Archives/edgar/data/827052/000104746910001604/a2196047z10-k.htm,9.273006134969323,0.6503067484662577,2.861963190184049,-0.1901840490797546,5.162576687116564,33.760736196319016,33.53680981595092,30.187116564417177,34.65950920245399,11338280000.0,20788280000.0,13.37061320754717,3.750671518359246,12.152497320471596,-182.87548387096777,1.1521471395183416,1.1521471395183416,6.876705259675819,24.032693641618497,22.281114683815648,-335.29483870967744,0.0186977213475059,-0.0054682015261574,1.1302713138908649,0.268386256152881,10.92485549132948,1.169791391602852,2.5,4.092105263157895,0.0011465583845168,0.0613207547169811,0.2864703936486933,0.0,0.001761412991024,1.0664523043944265,0.3291432351968243,2.551282051282051,0.0016539861065167,21.01653935399465,0.0087504471389518,0.0051243624761306,-84.25,643000000.0,10933000000.0,-26008000000.0,27829000000.0,1552500000.0,1156500000.0,541000000.0,40.60866688719815,122.0845921450151,48.30815709969788,2.216275659824047,0.7371937639198218,1.8630393996247656,0.02154252616604,3.052147239263804,2010-03-01,0.41,bmo,2120186440.0,2025-04-25,2009-12-31,0.4390243902439024,33.8753125,2064519.203125
2009-09-30,EIX,USD,827052,2009-11-06,2009-11-06 09:09:18,2009,Q3,3664000000.0,1438000000.0,2226000000.0,0.6075327511,0,0.0,0.0,0.0,1458000000.0,1458000000.0,2896000000.0,2000000.0,187000000.0,460000000.0,1228000000.0,0.3351528384,768000000.0,0.2096069869,-92000000.0,676000000.0,0.1844978166,232000000.0,403000000.0,0.109989083,1.23,1.22,326000000,329000000,https://www.sec.gov/Archives/edgar/data/827052/000104746909009674/0001047469-09-009674-index.htm,https://www.sec.gov/Archives/edgar/data/827052/000104746909009674/a2194941z10-q.htm,11.239263803680982,1.2361963190184049,3.7699386503067487,1.478527607361963,7.411042944785276,33.75766871165644,46.24233128834356,32.91411042944785,36.2638036809816,10947080000.0,20171080000.0,6.790992555831266,2.987740174672489,8.907306753458094,22.711784232365144,1.0202311276794036,1.0202311276794036,5.505207423580786,16.425960912052116,16.41259560618389,41.848713692946056,0.0368134698933414,0.0440300061751626,1.0843429636533084,0.2720237538576639,7.511400651465798,1.1631377293809235,4.106951871657754,2.761797752808989,0.0120580099898785,0.3275434243176178,0.0,0.0,-0.0951557093425605,0.6078112286411717,0.2038755458515284,-1.442084942084942,0.0016375545851528,30.25701238596759,0.0129340009103322,0.0086033901199777,-85.18634969325153,809000000.0,15075000000.0,-25999000000.0,17615000000.0,1596000000.0,899500000.0,547000000.0,42.76473799126637,60.45897079276773,34.36022253129346,2.1045376220562897,1.4886128364389235,2.6193078324225865,0.0375582479030754,2.291411042944785,2009-11-06,1.04,bmo,3495926605.0,2025-04-25,2009-09-30,0.0480769230769231,32.5928125,2446968.796875
2009-06-30,EIX,USD,827052,2009-08-07,2009-08-07 09:02:56,2009,Q2,2834000000.0,911000000.0,1923000000.0,0.6785462244,0,866000000.0,0.0,866000000.0,1421000000.0,2287000000.0,3198000000.0,17000000.0,182000000.0,346000000.0,19000000.0,0.0067043049,-364000000.0,-0.128440367,-146000000.0,-510000000.0,-0.179957657,-524000000.0,-16000000.0,-0.0056457304,-0.0491,-0.0489,326000000,327000000,https://www.sec.gov/Archives/edgar/data/827052/000104746909007340/0001047469-09-007340-index.htm,https://www.sec.gov/Archives/edgar/data/827052/000104746909007340/a2193895z10-q.htm,8.693251533742332,-0.0490797546012269,0.6042944785276073,-1.7116564417177915,9.457055214723926,33.04294478527607,31.50920245398773,32.19938650306749,37.09815950920245,10255960000.0,19466960000.0,-160.249375,3.618899082568807,52.06071065989848,-18.37985663082437,0.9770372487377346,0.9770372487377346,6.869075511644319,1024.5768421052633,98.81705583756346,-34.887025089605736,-0.0015600684870065,-0.0544073884843544,1.134800419167381,0.2844249182206728,484.7894736842105,1.4517156862745098,-2.0,19.7,0.0127730607373663,-8.1875,0.305575158786168,0.0,0.0119385879038227,3.83248730964467,0.2664079040225829,0.4155200880572372,0.0021171489061397,,0.0002599619341453,-0.0003866508784224,-81.795245398773,1843000000.0,10272000000.0,-25186000000.0,22114000000.0,1353500000.0,795000000.0,547000000.0,46.07974594213126,82.29418221734358,53.84193194291987,1.9531357684355617,1.0936374549819927,1.6715596330275229,-0.0015242450223873,2.315950920245399,2009-08-07,0.52,bmo,1889333333.0,2025-04-25,2009-06-30,0.5,29.60063492063492,2948433.8095238097
2009-03-31,EIX,USD,827052,2009-05-08,2009-05-08 09:30:57,2009,Q1,2812000000.0,927000000.0,1885000000.0,0.670341394,0,0.0,0.0,0.0,1332000000.0,1332000000.0,2259000000.0,10000000.0,187000000.0,342000000.0,917000000.0,0.3261024182,553000000.0,0.1966571835,-165000000.0,388000000.0,0.1379800853,122000000.0,250000000.0,0.0889046942,0.76,0.76,326000000,327000000,https://www.sec.gov/Archives/edgar/data/827052/000104746909005207/0001047469-09-005207-index.htm,https://www.sec.gov/Archives/edgar/data/827052/000104746909005207/a2192733z10-q.htm,8.625766871165645,0.7668711656441718,2.104294478527607,-0.303680981595092,11.950920245398772,33.59509202453988,33.62883435582822,32.74539877300614,41.11042944785276,9392060000.0,19064060000.0,9.39206,3.3399928876244664,13.691049562682217,-94.86929292929293,0.8798182669789226,0.8798182669789226,6.779537695590327,20.789596510359868,27.790174927113704,-192.5662626262626,0.0266182285888292,-0.0105408185211763,1.2379391100702577,0.2974408606990929,10.547437295528898,1.1601027397260273,2.9572192513368982,2.550185873605948,0.0134155872087699,0.504,0.0,0.0,-0.0002475860361475,1.1443148688046647,0.2791607396870554,2.2953216374269005,0.001778093883357,23.76991371139397,0.009336515704601,0.0056255625562556,-87.00766871165644,935000000.0,10963000000.0,-26702000000.0,25640000000.0,1295000000.0,894000000.0,551000000.0,40.19914651493599,73.49514563106796,53.300970873786405,2.238853503184713,1.2245706737120212,1.6885245901639343,0.0234192037470726,2.4079754601226995,2009-05-08,0.67,bmo,2384860759.0,2025-04-25,2009-03-31,0.1791044776119403,29.89245901639344,3739280.098360656
2008-12-31,EIX,USD,827052,2009-03-02,2009-03-02 09:23:54,2008,Q4,3536000000.0,1156000000.0,2380000000.0,0.6730769231,0,0.0,0.0,0.0,1885000000.0,1885000000.0,3041000000.0,0.0,0.0,446000000.0,941000000.0,0.2661199095,495000000.0,0.1399886878,-242000000.0,253000000.0,0.0715497738,75000000.0,165000000.0,0.0466628959,0.55,0.55,326000000,326000000,https://www.sec.gov/Archives/edgar/data/827052/000089256909000150/0000892569-09-000150-index.htm,https://www.sec.gov/Archives/edgar/data/827052/000089256909000150/a51166e10vk.htm,10.846625766871163,0.5061349693251533,1.8803680981595088,-0.7730061349693251,12.033742331288344,32.84969325153374,32.84969325153374,31.975460122699385,40.69631901840491,10471120000.0,19822120000.0,15.865333333333334,2.9612895927601808,17.081761827079934,-41.55206349206349,1.0045203376822716,1.0045203376822716,5.605803167420815,21.06495217853347,32.33624796084829,-78.65920634920634,0.0157576266913186,-0.0240661934921956,1.2727359938603224,0.2973663566065225,9.937300743889478,1.0979543078990592,0.0,2.837962962962963,0.0094545760147911,0.6,0.0,0.0,0.0,1.4110929853181076,0.2446266968325791,0.0,0.0,19.082392850166947,0.0086077478327496,0.0036983077440322,-88.05521472392638,656000000.0,10709000000.0,-26553000000.0,24999000000.0,1595500000.0,985000000.0,533500000.0,33.953619909502265,80.2681660899654,43.05363321799308,2.6506746626686657,1.1212415130940834,2.090415913200723,0.0158288564850345,2.6533742331288344,2009-03-02,0.64,bmo,3130181818.0,2025-04-25,2008-12-31,0.03125,33.055625,2968049.765625
2008-09-30,EIX,USD,827052,2008-11-07,2008-11-07 09:32:51,2008,Q3,4111000000.0,2597000000.0,1514000000.0,0.3682802238,0,0.0,0.0,0.0,550000000.0,550000000.0,3147000000.0,9000000.0,176000000.0,291000000.0,1292000000.0,0.3142787643,964000000.0,0.2344928241,-241000000.0,723000000.0,0.1758696181,277000000.0,439000000.0,0.1067866699,1.33,1.33,326000000,328000000,https://www.sec.gov/Archives/edgar/data/827052/000119312508229138/0001193125-08-229138-index.htm,https://www.sec.gov/Archives/edgar/data/827052/000119312508229138/d10q.htm,12.61042944785276,1.3466257668711656,2.726993865030675,1.196319018404908,10.625766871165643,32.23006134969325,73.97239263803681,31.25153374233129,38.8957055214724,13007400000.0,22047400000.0,7.407403189066059,3.1640476769642425,14.631496062992126,33.35230769230769,1.2767373380447584,1.2767373380447584,5.363026027730479,17.064551083591333,24.800224971878517,56.53179487179487,0.0337500192198287,0.0299829327921029,1.2273262661955242,0.3001008016128258,6.996904024767802,1.156030683858332,5.477272727272728,2.020454545454545,0.0031520519089133,0.0933940774487471,0.0,0.0,-0.3265972255556089,0.5613048368953881,0.1213816589637557,0.0,0.0,30.771621883035465,0.0158493248045486,0.0079422513297391,-79.89340490797547,956000000.0,24115000000.0,-24076000000.0,10891000000.0,1780500000.0,1002500000.0,501500000.0,40.65434200924349,32.54139391605699,17.812860993453985,2.213785675821217,2.7657082002129925,5.052529182879377,0.0430899096976835,1.530674846625767,2008-11-07,1.54,bmo,4528232876.0,2025-04-25,2008-09-30,-0.0519480519480519,45.78546875,2219850.609375
2008-06-30,EIX,USD,827052,2008-08-08,2008-08-08 09:31:09,2008,Q2,3382000000.0,1210000000.0,2172000000.0,0.6422235364,0,0.0,0.0,-56000000.0,1722000000.0,1722000000.0,2932000000.0,22000000.0,165000000.0,357000000.0,733000000.0,0.2167356594,450000000.0,0.1330573625,-125000000.0,345000000.0,0.1020106446,83000000.0,261000000.0,0.0771732703,0.79,0.79,326000000,329000000,https://www.sec.gov/Archives/edgar/data/827052/000119312508171199/0001193125-08-171199-index.htm,https://www.sec.gov/Archives/edgar/data/827052/000119312508171199/d10q.htm,10.374233128834357,0.8006134969325154,0.4141104294478527,-1.901840490797546,3.282208588957056,29.717791411042946,69.79141104294479,28.754601226993863,32.00613496932515,16749880000.0,25948880000.0,16.043946360153257,4.952655233589592,124.0731851851852,-27.01593548387097,1.7868444634094305,1.7868444634094305,7.67264340626848,35.40092769440655,192.2139259259259,-41.85303225806451,0.0155822011859189,-0.037015190556589,1.0954768508640922,0.2632739392385592,12.549795361527968,0.8875616230565037,2.727272727272727,0.5192307692307693,0.007641845792328,0.4904214559386973,0.0,0.0,-0.3349314190488399,5.592592592592593,0.2232406859846245,0.0,0.002956830277942,22.75916829385424,0.0098461199272439,0.0050125794618679,-81.97699386503068,-593000000.0,22752000000.0,-24636000000.0,4395000000.0,1542000000.0,936500000.0,460000000.0,45.34594914251922,79.2892561983471,36.37190082644628,1.9847417840375587,1.1350844277673546,2.474437627811861,0.0278429699167911,2.315950920245399,2008-08-08,0.75,bmo,3300949367.0,2025-04-25,2008-06-30,0.0533333333333333,52.15296875,1621141.5
2008-03-31,EIX,USD,827052,2008-05-08,2008-05-08 09:32:04,2008,Q1,3083000000.0,1028000000.0,2055000000.0,0.6665585469,0,0.0,0.0,0.0,1444000000.0,1444000000.0,2472000000.0,14000000.0,171000000.0,325000000.0,917000000.0,0.2974375608,611000000.0,0.1981835874,-142000000.0,465000000.0,0.1508271164,161000000.0,299000000.0,0.0969834577,0.91,0.91,326000000,329000000,https://www.sec.gov/Archives/edgar/data/827052/000119312508107085/0001193125-08-107085-index.htm,https://www.sec.gov/Archives/edgar/data/827052/000119312508107085/d10q.htm,9.457055214723926,0.9171779141104296,1.7576687116564418,-0.4049079754601227,4.7392638036809815,29.665644171779142,69.56134969325153,28.80061349693252,30.858895705521476,15980520000.000002,24324520000.0,13.361638795986622,5.183431722348363,27.889214659685862,-121.06454545454548,1.70204707636596,1.70204707636596,7.889886474213428,26.52619411123228,42.45116928446772,-184.27666666666667,0.0187102797656146,-0.0082600566189335,1.0532538076472469,0.2605728439303312,9.099236641221374,1.00591985428051,3.573099415204678,1.9163879598662208,0.0080723280594123,0.431438127090301,0.0,0.0,-0.3427050670601565,1.2303664921465969,0.2286733700940642,2.365771812080537,0.001946156341226,24.37917038733861,0.0117061648262342,0.005867692368075,-78.17331288343559,26000000.0,22677000000.0,-23862000000.0,9669000000.0,1391500000.0,893000000.0,431500000.0,40.28543626337983,70.65175097276264,37.733463035019454,2.2340579710144928,1.2738537794299876,2.385150812064966,0.0318457769730535,2.1625766871165646,2008-05-08,0.92,bmo,3114000000.0,2025-04-25,2008-03-31,0.0,51.21770491803279,2263572.4590163934
2007-12-31,EIX,USD,827052,2008-02-27,2008-02-27 09:40:05,2007,Q4,3211000000.0,1143000000.0,2068000000.0,0.6440361258,0,0.0,0.0,0.0,1583000000.0,1583000000.0,2726000000.0,0.0,0.0,344000000.0,829000000.0,0.2581750234,485000000.0,0.1510432887,-171000000.0,314000000.0,0.0977888508,100000000.0,211000000.0,0.0657116163,0.65,0.65,326000000,326000000,https://www.sec.gov/Archives/edgar/data/827052/000089256908000173/0000892569-08-000173-index.htm,https://www.sec.gov/Archives/edgar/data/827052/000089256908000173/a38147e10vk.htm,9.849693251533742,0.647239263803681,1.8282208588957056,-0.7699386503067485,4.429447852760736,29.613496932515336,29.613496932515336,28.708588957055216,29.245398773006137,17398620000.0,25488620000.0,20.61447867298578,5.418442852693865,29.192315436241607,-69.31721115537849,1.859025536916337,1.859025536916337,7.937907194020554,30.74622436670688,42.766140939597314,-101.54828685258964,0.0121273986097748,-0.0144264315215804,1.018698578908003,0.2538203503540812,9.758745476477683,0.9964953271028038,0.0,2.824644549763033,0.0054602031655384,0.4502369668246445,0.0,0.0,0.0,1.4211409395973154,0.2637807536592961,0.0,0.0,20.447000625560104,0.0097793313986356,0.0056173792662797,-77.28757668711657,-15000000.0,9654000000.0,-23643000000.0,22294000000.0,1595500000.0,914500000.0,429000000.0,39.32419806913735,77.08661417322834,34.01574803149607,2.2886671418389164,1.167517875383044,2.645833333333333,0.022545143711935,2.598159509202454,2008-02-27,0.58,bmo,2647476923.0,2025-04-25,2007-12-31,0.1206896551724139,55.82609375,1710911.953125
2007-09-30,EIX,USD,827052,2007-11-02,2007-11-02 09:30:29,2007,Q3,3942000000.0,1786000000.0,2156000000.0,0.5469304921,0,0.0,0.0,0.0,1257000000.0,1257000000.0,3043000000.0,0.0,0.0,340000000.0,1239000000.0,0.3143074581,899000000.0,0.2280568239,-158000000.0,728000000.0,0.1846778285,263000000.0,461000000.0,0.1169457128,1.4,1.39,326000000,330000000,https://www.sec.gov/Archives/edgar/data/827052/000119312507233325/0001193125-07-233325-index.htm,https://www.sec.gov/Archives/edgar/data/827052/000119312507233325/d10q.htm,12.0920245398773,1.4141104294478528,4.180981595092025,2.205521472392638,4.656441717791411,29.487730061349698,69.09815950920246,28.539877300613497,28.503067484662576,18350540000.0,26124540000.0,9.95148590021692,4.655134449518012,13.463345561261924,25.52230876216968,1.972328030954428,1.972328030954428,6.627229832572298,21.085181598062952,19.16694057226706,36.33454798331015,0.0251218765224347,0.0391814082855327,0.9987102321582116,0.2456901110523532,6.274414850686037,1.1180164573408402,0.0,2.9566160520607374,0.0051224650609736,0.2039045553145336,0.0,0.0,-0.3414331041776837,0.4724871606749816,0.1633688483003551,0.0,0.0,30.1341518593786,0.0171727944583677,0.0090867876924289,-77.10122699386503,545000000.0,22526000000.0,-23044000000.0,9266000000.0,1659000000.0,851500000.0,420500000.0,40.821917808219176,42.83314669652856,21.466965285554316,2.204697986577181,2.101176470588235,4.192488262910798,0.049548581255374,1.9754601226993864,2007-11-02,1.3,bmo,3634468085.0,2025-04-25,2007-09-30,0.0846153846153845,55.21301587301588,2061870.174603175
2007-06-30,EIX,USD,827052,2007-08-09,2007-08-09 09:31:48,2007,Q2,3047000000.0,1267000000.0,1780000000.0,0.5841811618,0,0.0,0.0,0.0,1520000000.0,1520000000.0,2787000000.0,45000000.0,201000000.0,347000000.0,574000000.0,0.1883820151,260000000.0,0.0853298326,-167000000.0,93000000.0,0.0305218247,169000000.0,93000000.0,0.0305218247,0.29,0.28,326000000,330000000,https://www.sec.gov/Archives/edgar/data/827052/000119312507176728/0001193125-07-176728-index.htm,https://www.sec.gov/Archives/edgar/data/827052/000119312507176728/d10q.htm,9.346625766871163,0.2852760736196319,1.6134969325153374,-0.3619631901840491,3.8987730061349697,28.349693251533743,67.3957055214724,27.45398773006135,30.052147239263803,18295120000.0,26620120000.0,49.18043010752688,6.004305874630784,34.7815969581749,-155.0433898305085,2.04414748603352,2.04414748603352,8.736501476862488,46.376515679442505,50.60859315589354,-225.5942372881356,0.0050833227658523,-0.0064498073803287,1.0721787709497206,0.2594705675580672,14.503484320557492,1.16639401729376,1.2935323383084578,5.655913978494624,0.0051926415350104,1.021505376344086,0.0,0.0,-0.3441851661574236,1.2243346007604563,0.211355431572038,0.0,0.0,13.274759171403174,-0.0063980583058679,0.0018707756678467,-77.0398773006135,712000000.0,21971000000.0,-22750000000.0,9061000000.0,1385000000.0,757500000.0,405000000.0,45.19199212340007,60.59194948697711,29.479084451460142,1.991503267973856,1.485345838218054,3.053012048192771,0.0103910614525139,1.9754601226993864,2007-08-09,0.62,bmo,2587863013.0,2025-04-25,2007-06-30,0.1774193548387096,54.82190476190477,1971798.5555555555
2007-03-31,EIX,USD,827052,2007-05-09,2007-05-09 09:54:51,2007,Q1,2912000000.0,803000000.0,2109000000.0,0.7242445055,0,0.0,0.0,0.0,1482000000.0,1482000000.0,2285000000.0,0.0,0.0,344000000.0,971000000.0,0.3334478022,627000000.0,0.2153159341,-168000000.0,459000000.0,0.1576236264,129000000.0,333000000.0,0.1143543956,1.01,1.0,326000000,330000000,https://www.sec.gov/Archives/edgar/data/827052/000119312507107464/0001193125-07-107464-index.htm,https://www.sec.gov/Archives/edgar/data/827052/000119312507107464/d10q.htm,8.932515337423313,1.021472392638037,2.1717791411042944,0.0521472392638036,5.217791411042945,28.14723926380368,66.88957055214723,27.346625766871167,29.395705521472397,16016380000.0,23898380000.0,12.02430930930931,5.500130494505495,22.622005649717515,942.14,1.79656533931576,1.79656533931576,8.206861263736263,24.612131822863027,33.75477401129943,1405.7870588235294,0.0207912149936502,0.0010614133780542,1.0749298934380258,0.2615518982504981,8.11740473738414,1.257626310772164,0.0,2.126126126126126,0.0058689916198292,0.2822822822822823,0.0,0.0,-0.3447146483255547,0.9759887005649718,0.237293956043956,2.207667731629393,-0.0353708791208791,25.07012212145993,0.0136870901389248,0.0067588138586129,-75.5659509202454,1081000000.0,21806000000.0,-22186000000.0,9099000000.0,1278500000.0,794000000.0,393500000.0,38.32417582417583,74.19676214196762,44.27148194271482,2.3483870967741933,1.2129909365558913,2.0329113924050635,0.0373527762198541,2.1196319018404908,2007-05-09,0.64,bmo,2070755555.0,2025-04-25,2007-03-31,0.40625,46.52262295081968,2190203.1639344264
2006-12-31,EIX,USD,827052,2007-02-28,2007-02-28 10:10:18,2006,Q4,3067000000.0,1021000000.0,2046000000.0,0.667101402,0,0.0,0.0,0.0,1576000000.0,1576000000.0,2597000000.0,49000000.0,250000000.0,285000000.0,755000000.0,0.2461688947,470000000.0,0.1532442126,-138000000.0,332000000.0,0.1082491034,66000000.0,288000000.0,0.0939028366,0.88,0.88,326000000,326000000,https://www.sec.gov/Archives/edgar/data/827052/000119312507042000/0001193125-07-042000-index.htm,https://www.sec.gov/Archives/edgar/data/827052/000119312507042000/d10k.htm,9.4079754601227,0.8834355828220859,1.911042944785276,-0.4785276073619632,5.506134969325154,27.28527607361963,27.28527607361963,26.45398773006135,30.61042944785276,14826479999.999998,22760480000.0,12.870208333333332,4.834196283012715,23.798523274478327,-95.04153846153844,1.7192115027829311,1.7192115027829311,7.421089012063906,30.146331125827817,36.533675762439806,-145.90051282051283,0.019424704987293,-0.0105217152014503,1.128130797773655,0.2683047902705386,10.50860927152318,1.2739948872879387,1.88,2.1631944444444446,0.0168617230792474,0.8680555555555556,0.0,0.0,0.0,1.2504012841091492,0.2539941310727094,0.0,0.0,22.9310677147007,0.0116059380219515,0.0079424174733184,-74.80751533742331,1179000000.0,8895000000.0,-21884000000.0,17092000000.0,1565000000.0,872500000.0,396500000.0,38.64688620802087,81.6258570029383,34.55435847208619,2.328777524677297,1.1025917926565876,2.604591836734694,0.0333951762523191,2.3895705521472395,2007-02-28,0.51,bmo,2407200000.0,2025-04-25,2006-12-31,0.2745098039215686,44.85079365079365,1471249.2063492064
2006-09-30,EIX,USD,827052,2006-11-03,2006-11-03 10:03:57,2006,Q3,3802000000.0,1522000000.0,2280000000.0,0.5996843766,0,0.0,0.0,0.0,1317000000.0,1317000000.0,2839000000.0,0.0,0.0,321000000.0,1256000000.0,0.3303524461,963000000.0,0.2532877433,-193000000.0,770000000.0,0.2025249868,310000000.0,458000000.0,0.1204629143,1.38,1.38,326000000,330000000,https://www.sec.gov/Archives/edgar/data/827052/000119312506223120/0001193125-06-223120-index.htm,https://www.sec.gov/Archives/edgar/data/827052/000119312506223120/d10q.htm,11.662576687116564,1.4049079754601228,5.865030674846626,4.177914110429448,6.957055214723926,26.86196319018405,65.22085889570552,25.92944785276073,29.38957055214724,13574640000.0,20887640000.0,7.409737991266376,3.5703945291951604,7.099707112970711,9.966696035242292,1.6058961315509288,1.6058961315509288,5.493855865334035,16.630286624203823,10.92449790794979,15.336005873715123,0.0337393846171979,0.1003341525079118,1.1334437477818526,0.2640048496872503,5.822452229299363,1.2685406698564594,0.0,3.573831775700935,0.0148806892853143,0.4410480349344978,0.0,0.0,-0.3445757901408062,0.2876569037656903,0.144660704892162,0.0,0.0,28.62937271355191,0.0180497192388134,0.0093860152471514,-72.7170245398773,1347000000.0,21262000000.0,-21171000000.0,8493000000.0,1703500000.0,819500000.0,413500000.0,42.91688584955286,48.42969776609724,23.71222076215506,2.09707666850524,1.8583638583638584,3.7955112219451377,0.0541819472376671,1.687116564417178,2006-11-03,1.24,bmo,3571575757.0,2025-04-25,2006-09-30,0.0645161290322581,41.49,1710177.7777777778
2006-06-30,EIX,USD,827052,2006-08-08,2006-08-08 10:42:00,2006,Q2,3001000000.0,1149000000.0,1852000000.0,0.6171276241,0,0.0,0.0,0.0,1405000000.0,1405000000.0,2554000000.0,0.0,0.0,361000000.0,808000000.0,0.2692435855,447000000.0,0.1489503499,-179000000.0,268000000.0,0.0893035655,95000000.0,177000000.0,0.0589803399,0.54,0.54,326000000,330000000,https://www.sec.gov/Archives/edgar/data/827052/000119312506165020/0001193125-06-165020-index.htm,https://www.sec.gov/Archives/edgar/data/827052/000119312506165020/d10q.htm,9.205521472392638,0.5429447852760736,1.3803680981595092,-0.6257668711656442,5.699386503067485,25.469325153374232,47.5398773006135,24.53680981595092,31.03680981595092,12714000000.0,20974000000.0,17.95762711864407,4.236587804065311,28.253333333333337,-62.3235294117647,1.5894486810851356,1.5894486810851356,6.989003665444852,25.957920792079207,46.60888888888889,-102.81372549019608,0.0139216611609249,-0.0160453043888626,1.2649081135141893,0.2878438735740092,10.222772277227724,1.288659793814433,0.0,4.5,0.0036967122856693,0.2655367231638418,0.0,0.0,-0.2046883445705669,1.4533333333333334,0.2179273575474841,0.0,0.0,17.313231676374862,0.0091105237264046,0.0041798516979171,-72.33588957055214,1260000000.0,15498000000.0,-21223000000.0,9187000000.0,1378500000.0,777000000.0,409000000.0,47.804065311562816,64.22976501305483,33.36814621409922,1.8826850690087829,1.401219512195122,2.697183098591549,0.0221277659707463,2.0061349693251533,2006-08-08,0.59,bmo,3220327272.0,2025-04-25,2006-06-30,-0.0677966101694914,39.7784126984127,1810652.380952381
2006-03-31,EIX,USD,827052,2006-05-08,2006-05-08 10:34:24,2006,Q1,2751000000.0,1476000000.0,1275000000.0,0.4634678299,0,0.0,0.0,0.0,815000000.0,815000000.0,2291000000.0,0.0,0.0,313000000.0,773000000.0,0.2809887314,460000000.0,0.1672119229,-165000000.0,295000000.0,0.1072337332,111000000.0,258000000.0,0.0937840785,0.78,0.78,326000000,331000000,https://www.sec.gov/Archives/edgar/data/827052/000119312506102929/0001193125-06-102929-index.htm,https://www.sec.gov/Archives/edgar/data/827052/000119312506102929/d10q.htm,8.438650306748466,0.7914110429447853,1.8650306748466257,0.1687116564417178,5.819018404907975,24.886503067484664,46.95092024539877,23.97239263803681,30.079754601226995,13424680000.0,21333680000.0,13.008410852713178,4.87992729916394,22.08006578947369,244.08509090909087,1.7178093410108766,1.7178093410108766,7.754881861141403,27.598551099611903,35.08828947368421,387.8850909090909,0.0192183351856431,0.00409693191942,1.2547664747280871,0.282993275807336,10.231565329883573,1.3370233702337024,0.0,2.356589147286822,0.0096091675928215,0.5,0.0,0.0,-0.2075841967042798,0.9095394736842104,0.2010178117048346,1.893835616438356,-0.0279898218829516,20.660841363310656,0.0091528776035119,0.0061657585316891,-72.3090490797546,1370000000.0,15306000000.0,-21103000000.0,8924000000.0,1337000000.0,847500000.0,366500000.0,38.04798255179934,44.75609756097561,23.902439024390244,2.365434221840069,2.010899182561308,3.76530612244898,0.0330134357005758,1.696319018404908,2006-05-08,0.63,bmo,3094875000.0,2025-04-25,2006-03-31,-0.111111111111111,44.020806451612906,1475503.2258064516
2005-12-31,EIX,USD,827052,2006-03-07,2006-03-07 11:52:21,2005,Q4,2974000000.0,1490000000.0,1484000000.0,0.4989912576,0,0.0,0.0,0.0,882000000.0,882000000.0,2372000000.0,34000000.0,203000000.0,291000000.0,893000000.0,0.300268998,602000000.0,0.2024209818,-113000000.0,489000000.0,0.1644250168,190000000.0,273000000.0,0.0917955615,0.84,0.84,326000000,326000000,https://www.sec.gov/Archives/edgar/data/827052/000082705206000030/0000827052-06-000030-index.htm,https://www.sec.gov/Archives/edgar/data/827052/000082705206000030/eix10k05.htm,9.122699386503069,0.8374233128834356,1.4662576687116564,-0.1625766871165644,5.806748466257669,23.420245398773005,23.420245398773005,22.496932515337424,30.791411042944784,14216860000.0,22158860000.0,13.019102564102564,4.780383322125084,29.74238493723849,-268.24264150943395,1.938486501227161,1.938486501227161,7.450860793544049,24.8139529675252,46.35744769874477,-418.09169811320754,0.019202552462358,-0.0037279680604577,1.3410144532315245,0.2826880515075738,8.893617021276595,1.2016535591853197,2.9655172413793105,1.604026845637584,0.0094254286811574,0.4908424908424908,0.0,0.0,0.0,1.110878661087866,0.1785474108944182,0.0,0.0,20.588534540514324,0.011937927921439,0.0078468569457618,-73.49463190184049,1000000000.0,7635000000.0,-21197000000.0,15469000000.0,1602500000.0,898000000.0,336000000.0,45.72629455279085,58.04697986577181,20.59731543624161,1.9682329583057576,1.550468262226847,4.36950146627566,0.0372238887373875,1.6288343558282208,2006-03-07,0.46,bmo,,2025-04-25,2005-12-31,0.5434782608695651,44.203968253968256,1529344.4444444445
2005-09-30,EIX,USD,827052,2005-11-04,2005-11-04 16:44:47,2005,Q3,3783000000.0,991000000.0,2792000000.0,0.7380385937,0,0.0,0.0,0.0,2004000000.0,2004000000.0,2995000000.0,0.0,0.0,303000000.0,1091000000.0,0.2883954533,788000000.0,0.2083002908,-224000000.0,564000000.0,0.1490880254,129000000.0,462000000.0,0.1221252974,1.41,1.39,326000000,332000000,https://www.sec.gov/Archives/edgar/data/827052/000082705205000177/0000827052-05-000177-index.htm,https://www.sec.gov/Archives/edgar/data/827052/000082705205000177/eix3q05.htm,11.604294478527608,1.4171779141104297,2.748466257668712,1.1288343558282208,7.898773006134969,22.726993865030675,22.726993865030675,21.7638036809816,30.512269938650302,15413280000.0,22785280000.0,8.34051948051948,4.074353687549563,17.202321428571427,41.88391304347826,2.172414376321353,2.172414376321353,6.023071636267512,20.884766269477545,25.43,61.91652173913044,0.029974152159696,0.0238755151401907,1.4019732205778717,0.280134054297623,6.757103574702108,1.2120963776430094,0.0,2.064516129032258,0.009407471998173,0.3138528138528138,0.0,0.0,0.0,0.5892857142857143,0.1395717684377478,0.0,0.0,26.34334057847929,0.0199916436119472,0.0130111524163568,-73.88957055214723,1294000000.0,7409000000.0,-20704000000.0,19345000000.0,1572000000.0,776000000.0,333000000.0,40.30134813639968,75.83249243188698,30.060544904137235,2.2331759149940966,1.1868263473053893,2.9939577039274923,0.0651162790697674,1.6196319018404908,2005-11-04,1.1,bmo,3301527272.0,2025-04-25,2005-09-30,0.1272727272727271,42.8134375,1523732.8125
2005-06-30,EIX,USD,827052,2005-08-09,2005-08-08 21:43:49,2005,Q2,2649000000.0,1142000000.0,1507000000.0,0.5688939222,0,0.0,0.0,0.0,1098000000.0,1098000000.0,2240000000.0,25000000.0,204000000.0,293000000.0,702000000.0,0.2650056625,409000000.0,0.154397886,-195000000.0,214000000.0,0.080785202,34000000.0,201000000.0,0.0758776897,0.61,0.61,326000000,331000000,https://www.sec.gov/Archives/edgar/data/827052/000082705205000123/0000827052-05-000123-index.htm,https://www.sec.gov/Archives/edgar/data/827052/000082705205000123/eix2qtr10q2005.htm,8.125766871165645,0.6165644171779141,1.5920245398773003,0.2668711656441718,7.021472392638037,21.650306748466257,21.650306748466257,20.70552147239264,30.552147239263803,13219300000.0,20686300000.0,16.44191542288557,4.990298225745565,25.470712909441232,151.94597701149425,1.9584148148148144,1.9584148148148144,7.809097772744432,29.46766381766382,39.857996146435454,237.7735632183908,0.0152050411141285,0.006581286452384,1.4453333333333334,0.2909025852044011,10.636752136752136,1.2008658008658009,2.0049019607843137,2.867403314917127,0.0083968137495933,0.5522388059701493,0.0,0.0,0.0,0.8323699421965318,0.1630804077010192,0.0,0.0,16.94819975771136,0.0115438640176096,0.0059933804454781,-70.35276073619632,928000000.0,7058000000.0,-20931000000.0,14725000000.0,1300000000.0,679000000.0,327000000.0,49.2638731596829,56.50612959719791,26.40105078809107,1.826896551724138,1.592747559274756,3.408955223880597,0.0297777777777777,1.3251533742331287,2005-08-09,0.51,bmo,2441235294.0,2025-04-25,2005-06-30,0.0784313725490196,37.15203125,1430509.375
2005-03-31,EIX,USD,827052,2005-05-09,2005-05-09 08:37:12,2005,Q1,2446000000.0,807000000.0,1639000000.0,0.6700735895,0,0.0,0.0,0.0,1191000000.0,1191000000.0,1998000000.0,0.0,0.0,281000000.0,729000000.0,0.2980376124,448000000.0,0.1831561733,-150000000.0,298000000.0,0.1218315617,104000000.0,201000000.0,0.0821749796,0.61,0.61,326000000,331000000,https://www.sec.gov/Archives/edgar/data/827052/000082705205000069/0000827052-05-000069-index.htm,https://www.sec.gov/Archives/edgar/data/827052/000082705205000069/eix1qtr10q2005.htm,7.503067484662576,0.6165644171779141,0.98159509202454,-0.1748466257668711,7.248466257668712,20.030674846625768,20.030674846625768,19.107361963190183,31.846625766871167,11318720000.0,19337720000.0,14.078009950248756,4.627440719542109,35.371,-198.5740350877193,1.817100658211591,1.817100658211591,7.905854456255111,26.52636488340192,60.430375,-339.2582456140351,0.0177581917389952,-0.0050359051200135,1.666720179804142,0.3102531153811672,11.0,1.2262222222222223,0.0,1.649484536082474,0.0097184133894998,0.5472636815920398,0.0,0.0,0.0,1.178125,0.1541291905151267,0.0,0.0,16.2809916339405,0.0097285101808402,0.0060066341929892,-72.23312883435582,1018000000.0,6530000000.0,-21415000000.0,14628000000.0,1158000000.0,695000000.0,311500000.0,42.31398201144727,71.48698884758365,35.57620817843866,2.1269565217391304,1.2589703588143526,2.529780564263323,0.0322684218975758,1.156441717791411,2005-05-09,0.34,bmo,2403734555.0,2025-04-25,2005-03-31,0.8823529411764705,32.60508196721312,1493609.836065574
2004-12-31,EIX,USD,827052,2005-03-16,2005-03-16 12:44:59,2004,Q4,2359000000.0,729000000.0,1630000000.0,0.6909707503,0,0.0,0.0,0.0,1183000000.0,1183000000.0,1912000000.0,0.0,0.0,290000000.0,737000000.0,0.3124205172,447000000.0,0.1894870708,-233000000.0,214000000.0,0.0907164053,-53000000.0,379000000.0,0.1606612972,1.15,1.15,326000000,330000000,https://www.sec.gov/Archives/edgar/data/827052/000082705205000050/0000827052-05-000050-index.htm,https://www.sec.gov/Archives/edgar/data/827052/000082705205000050/eix10k04.htm,7.236196319018405,1.1625766871165644,1.99079754601227,0.2484662576687116,8.245398773006135,19.91104294478528,19.91104294478528,18.950920245398773,33.17791411042945,10441780000.0,18569780000.0,6.887717678100264,4.426358626536668,16.089029275808937,128.91086419753086,1.6901553900938815,1.6901553900938815,7.871886392539212,25.196445047489824,28.61291217257319,229.25654320987653,0.0362964935097272,0.0077572980851923,1.7507283910650695,0.325107457392768,11.028493894165535,1.3497646767401537,0.0,2.421641791044776,0.0116838316838699,0.3218997361477572,0.0,0.0,0.0,0.8751926040061633,0.2407799915218312,0.0,0.0,22.264718878213657,0.018363701266929,0.0113919865340106,-70.74693251533742,1412000000.0,6491000000.0,-21329000000.0,14887000000.0,1474000000.0,956500000.0,308000000.0,44.48495125052988,92.46913580246914,37.53086419753087,2.023156089193825,0.973297730307076,2.398026315789474,0.0613467141469731,1.7423312883435582,2005-03-11,0.22,bmo,,2025-04-25,2004-12-31,0.9090909090909092,30.50578125,1465354.71875
2004-09-30,EIX,USD,827052,2004-11-08,2004-11-08 12:02:05,2004,Q3,3188000000.0,1330000000.0,1858000000.0,0.5828105395,0,0.0,0.0,0.0,1065000000.0,1065000000.0,2395000000.0,0.0,0.0,183000000.0,1051000000.0,0.3296737767,793000000.0,0.2487452949,-293000000.0,494000000.0,0.1549560853,181000000.0,813000000.0,0.2550188206,2.49,2.46,326000000,330000000,https://www.sec.gov/Archives/edgar/data/827052/000082705204000110/0000827052-04-000110-index.htm,https://www.sec.gov/Archives/edgar/data/827052/000082705204000110/eix3qtr10q2004.htm,9.779141104294478,2.4938650306748467,2.1533742331288344,0.9355828220858896,7.466257668711656,18.80981595092025,18.80981595092025,17.720858895705522,37.18711656441718,8642260000.0,18331260000.0,2.657521525215252,2.7108720200752825,12.310911680911682,28.33527868852459,1.495977150770296,1.495977150770296,5.750081555834379,17.441731684110373,26.112905982905986,60.10249180327869,0.0940726152649885,0.0352916945336057,2.0984940280422366,0.3593277609816824,9.21883920076118,1.1670074982958418,0.0,3.0,0.0150423616044877,0.1599015990159901,0.0,0.0,0.0,0.5655270655270656,0.1245294855708908,0.0,0.0,31.53335031445713,0.016565473226107,0.024097456873555,-72.63650306748467,735000000.0,6132000000.0,-22470000000.0,13800000000.0,1779000000.0,1197000000.0,337500000.0,50.30740276035131,78.76691729323308,21.11278195488721,1.7890011223344555,1.1426116838487972,4.262820512820513,0.1407304829496278,1.2177914110429449,2004-11-05,0.95,bmo,2986652631.0,2025-04-25,2004-09-30,0.0631578947368421,26.5109375,1867054.703125
2004-06-30,EIX,USD,827052,2004-08-06,2004-08-06 15:01:51,2004,Q2,2919000000.0,992000000.0,1927000000.0,0.6601575882,0,0.0,0.0,0.0,2207000000.0,2207000000.0,3199000000.0,0.0,0.0,329000000.0,-90000000.0,-0.0308324769,-280000000.0,-0.0959232614,-282000000.0,-611000000.0,-0.2093182597,-237000000.0,-374000000.0,-0.1281260706,-1.15,-1.15,326000000,326000000,https://www.sec.gov/Archives/edgar/data/827052/000082705204000087/0000827052-04-000087-index.htm,https://www.sec.gov/Archives/edgar/data/827052/000082705204000087/eix2q04.htm,8.95398773006135,-1.147239263803681,-1.6625766871165644,-2.978527607361963,7.99079754601227,18.319018404907972,15.699386503067483,15.693251533742332,47.72085889570552,8335820000.0,21287820000.0,-5.572072192513369,2.855710859883522,-15.379741697416977,-8.584778578784759,1.6293627834245503,1.6293627834245503,7.292846865364851,-236.5313333333333,-39.27642066420664,-21.92360453141092,-0.0448666118030379,-0.116485240804144,3.040852228303362,0.429359975712748,-143.9111111111111,1.149457058242843,0.0,1.4530831099195711,0.0107967782413727,-0.2406417112299465,0.0,0.0,0.0235696740540391,-0.7915129151291513,0.1469681397738951,0.0,0.0,,-0.0052743856602388,-0.0105712428276661,-80.19171779141104,757000000.0,5118000000.0,-24439000000.0,14524000000.0,1650000000.0,1133500000.0,351500000.0,54.7584789311408,111.59274193548389,32.93346774193549,1.6435810810810811,0.8065040650406504,2.7327823691460056,-0.0731039874902267,1.3159509202453987,2004-07-30,0.45,bmo,3762266666.0,2025-04-25,2004-06-30,-0.2888888888888889,23.80322580645161,1315627.4193548388
2004-03-31,EIX,USD,827052,2004-05-07,2004-05-07 14:50:34,2004,Q1,2510000000.0,922000000.0,1588000000.0,0.6326693227,0,0.0,0.0,0.0,1232000000.0,1232000000.0,2154000000.0,13000000.0,316000000.0,318000000.0,519000000.0,0.2067729084,356000000.0,0.1418326693,-145000000.0,165000000.0,0.0657370518,67000000.0,97000000.0,0.0386454183,0.3,0.3,326000000,330000000,https://www.sec.gov/Archives/edgar/data/827052/000082705204000052/0000827052-04-000052-index.htm,https://www.sec.gov/Archives/edgar/data/827052/000082705204000052/eix1qtr10q2004.htm,7.699386503067485,0.2975460122699386,0.9785276073619632,-0.0613496932515337,8.432515337423313,19.63496932515337,16.911042944785276,17.006134969325153,46.17484662576687,7918540000.0,19906540000.0,20.40860824742268,3.154796812749004,24.823009404388717,-395.927,1.4283080808080808,1.4283080808080808,7.930892430278885,38.35556840077072,62.40294670846395,-995.327,0.0122497329053083,-0.0025257181248058,2.658189033189033,0.4114411748282986,23.09826589595376,0.9367512332628612,1.1265822784810129,3.288659793814433,0.0082085839056189,0.6701030927835051,0.0,0.0,0.0247920040203249,1.0626959247648904,0.1350597609561753,0.0,0.0,10.6701650406898,0.00656531156438,0.0027769825365015,-77.7760736196319,-359000000.0,5513000000.0,-24100000000.0,13309000000.0,1321500000.0,792500000.0,342000000.0,54.64541832669323,101.22559652928418,33.18872017353579,1.646981627296588,0.8891031822565092,2.711764705882353,0.0174963924963924,1.039877300613497,2004-05-07,0.2,bmo,2070750000.0,2025-04-25,2004-03-31,0.4999999999999999,22.65322580645161,1379103.2258064516
2003-12-31,EIX,USD,827052,2004-03-15,2004-03-15 10:13:03,2003,Q4,2656000000.0,924000000.0,1732000000.0,0.6521084337,0,0.0,0.0,0.0,1406000000.0,1406000000.0,2330000000.0,13000000.0,262000000.0,385000000.0,711000000.0,0.2676957831,326000000.0,0.1227409639,-223000000.0,103000000.0,0.0387801205,-91000000.0,197000000.0,0.0741716867,0.6,0.6,317000000,326000000,https://www.sec.gov/Archives/edgar/data/827052/000082705204000042/0000827052-04-000042-index.htm,https://www.sec.gov/Archives/edgar/data/827052/000082705204000042/eix10k03.htm,8.378548895899053,0.6214511041009464,1.4700315457413249,0.3217665615141956,6.933753943217666,19.01892744479495,16.2807570977918,17.38801261829653,45.12302839116719,6951810000.0,18795810000.0,8.82209390862944,2.617398343373494,14.91804721030043,68.155,1.2612137155297534,1.2612137155297534,7.076735692771084,26.435738396624476,40.334356223175966,184.2726470588235,0.028337943643454,0.0146724378255447,2.547532656023222,0.4016360620101825,16.658227848101266,0.8187125020269175,1.2442748091603053,2.402061855670103,0.0046031177491904,0.1624365482233502,0.0,0.0,0.0248269549796922,0.7811158798283262,0.1370481927710843,0.0,0.0,15.592642235831462,0.0197268976892542,0.0057781427817211,-81.14747634069401,-1118000000.0,5161000000.0,-23884000000.0,12337000000.0,1468000000.0,796000000.0,337500000.0,37.917921686746986,53.37662337662338,33.506493506493506,2.373547810545129,1.686131386861314,2.686046511627907,0.0357402031930333,1.1482649842271293,2004-02-26,0.15,bmo,4621439999.0,2025-04-25,2003-12-31,2.933333333333333,20.37625,1312725.0
2003-09-30,EIX,USD,827052,2003-11-14,2003-11-14 08:19:15,2003,Q3,3833000000.0,1399000000.0,2434000000.0,0.6350117402,0,0.0,0.0,0.0,1509000000.0,1509000000.0,2908000000.0,21000000.0,316000000.0,312000000.0,1083000000.0,0.2825463084,925000000.0,0.2413253326,-110000000.0,787000000.0,0.2053222019,287000000.0,544000000.0,0.1419253848,1.67,1.65,329000000,329000000,https://www.sec.gov/Archives/edgar/data/827052/000082705203000149/0000827052-03-000149-index.htm,https://www.sec.gov/Archives/edgar/data/827052/000082705203000149/eix3q03.htm,11.650455927051672,1.6534954407294833,4.583586626139818,3.6565349544072943,9.866261398176292,17.696048632218844,15.300911854103344,16.237082066869302,42.653495440729486,6283900000.0,16754900000.0,2.887821691176471,1.6394208192016697,4.167042440318303,5.223524522028263,1.1763197304380382,1.1763197304380382,4.371223584659536,15.470821791320406,11.110676392572945,13.927597672485453,0.0865704419230095,0.1914416206495965,2.567764882066642,0.385071023524788,9.668513388734995,0.8520121159671138,2.9272151898734178,3.0526315789473686,0.0,0.0,0.0,0.0,0.0221211610802313,0.2022546419098143,0.0795721367075397,0.0,0.0,24.57801204912989,0.018935259508448,0.015616925991847,-76.0661094224924,-1026000000.0,5034000000.0,-23893000000.0,10297000000.0,1817000000.0,1050000000.0,336500000.0,42.66370988781633,67.16225875625447,21.293781272337384,2.1095211887727023,1.3400383141762453,4.2265861027190335,0.1018345189067764,0.9270516717325228,2003-11-05,1.09,bmo,3771461008.0,2025-04-25,2003-09-30,0.4036697247706421,17.65828125,1557206.265625
2003-06-30,EIX,USD,827052,2003-08-13,2003-08-13 06:04:33,2003,Q2,3133000000.0,1015000000.0,2118000000.0,0.6760293648,0,0.0,0.0,0.0,1890000000.0,1890000000.0,2905000000.0,0.0,0.0,279000000.0,502000000.0,0.1602298117,228000000.0,0.0727736993,-213000000.0,15000000.0,0.0047877434,-11000000.0,24000000.0,0.0076603894,0.07,0.07,326000000,329000000,https://www.sec.gov/Archives/edgar/data/827052/000082705203000114/0000827052-03-000114-index.htm,https://www.sec.gov/Archives/edgar/data/827052/000082705203000114/eix2qtr10q2003.htm,9.61042944785276,0.0736196319018405,2.003067484662577,1.0950920245398772,7.460122699386503,19.71472392638037,17.334355828220858,18.30674846625767,43.42944785276074,5356180000.0,17082180000.0,55.79354166666666,1.7096010213852535,8.202419601837672,15.00330532212885,0.8974832439678283,0.8974832439678283,5.452339610596872,34.02824701195219,26.159540581929555,47.84924369747899,0.0044808053500815,0.0666519795824636,2.372319034852547,0.4023073425778586,23.35856573705179,0.8506299734748011,0.0,26.12,0.0,0.0,0.0,0.0,0.0220504660150034,0.453292496171516,0.0944781359719119,0.0,0.0,5.50672878182893,0.0127648578811369,0.000697350069735,-76.0713190184049,-901000000.0,5651000000.0,-23634000000.0,10195000000.0,1672500000.0,1012500000.0,336000000.0,52.19597829556336,93.63546798029556,30.32512315270936,1.724270776004403,0.9611742424242424,2.967836257309941,0.0040214477211796,0.9079754601226994,2003-08-05,0.44,bmo,2420954545.0,2025-04-25,2003-06-30,0.2272727272727273,15.286507936507936,1620657.174603175
2003-03-31,EIX,USD,827052,2003-05-14,2003-05-14 11:40:26,2003,Q1,2532000000.0,786000000.0,1746000000.0,0.6895734597,0,0.0,0.0,0.0,1430000000.0,1430000000.0,2216000000.0,0.0,0.0,316000000.0,626000000.0,0.247235387,316000000.0,0.1248025276,-218000000.0,98000000.0,0.0387045814,32000000.0,57000000.0,0.0225118483,0.17,0.17,326000000,328000000,https://www.sec.gov/Archives/edgar/data/827052/000082705203000065/0000827052-03-000065-index.htm,https://www.sec.gov/Archives/edgar/data/827052/000082705203000065/eix1qtr10q2003.htm,7.766871165644171,0.1748466257668711,2.085889570552147,1.0950920245398772,7.156441717791411,19.358895705521476,17.10122699386503,18.012269938650306,43.8957055214724,4462940000.0,16439940000.0,19.574298245614035,1.7626145339652448,6.563147058823529,12.5012324929972,0.7600374659400545,0.7600374659400545,6.492867298578199,26.26188498402556,24.17638235294117,46.05025210084034,0.0127718499464478,0.0799921128224892,2.436989100817439,0.406718963165075,19.13258785942492,0.8321382007822686,0.0,11.929824561403509,0.0,0.0,0.0,0.0,0.0209185993633469,0.475,0.1275671406003159,0.0,0.0,8.417906745529955,0.0068462707585849,0.0016546679052484,-77.38957055214723,-1030000000.0,5575000000.0,-23767000000.0,9996000000.0,1538000000.0,877500000.0,339500000.0,54.312796208530806,110.95419847328245,37.78625954198473,1.6570680628272252,0.8111455108359134,2.381818181818182,0.0097070844686648,0.99079754601227,2003-05-07,0.26,bmo,3116307692.0,2025-04-25,2003-03-31,-0.2307692307692307,12.547868852459017,1276345.9016393442
2002-12-31,EIX,USD,827052,2003-03-31,2003-03-31 08:16:16,2002,Q4,1978000000.0,675000000.0,1303000000.0,0.6587462083,0,0.0,0.0,0.0,-103000000.0,-103000000.0,572000000.0,0.0,0.0,294000000.0,1700000000.0,0.8594539939,1406000000.0,0.7108190091,-1457000000.0,-51000000.0,-0.0257836198,-89000000.0,-24000000.0,-0.0121334681,-0.0736,-0.0736,326000000,326000000,https://www.sec.gov/Archives/edgar/data/827052/000082705203000030/0000827052-03-000030-index.htm,https://www.sec.gov/Archives/edgar/data/827052/000082705203000030/eix10k2002.htm,6.067484662576687,-0.0736196319018405,3.098159509202454,1.901840490797546,7.588957055214724,19.079754601226995,17.052147239263803,17.7760736196319,44.18711656441718,3863100000.0,15794100000.0,-40.240625,1.953033367037412,3.824851485148515,6.230806451612903,0.6666264020707506,0.6666264020707506,7.984883720930233,9.290647058823527,15.637722772277227,25.47435483870968,-0.0062126271647122,0.1604928684217338,2.4857635893011216,0.4327905299843769,7.018235294117647,0.820258491133153,0.0,26.57894736842105,0.0,0.0,0.0,0.0,0.019859391900012,0.3861386138613861,0.1971688574317492,0.0,0.0,,-0.0355494873642558,-0.0007356772828985,-71.33282208588957,-1196000000.0,5559000000.0,-21606000000.0,7712000000.0,1779500000.0,903000000.0,339500000.0,70.43478260869566,104.8,46.53333333333333,1.2777777777777777,0.8587786259541985,1.9340974212034383,-0.0041415012942191,1.196319018404908,2003-02-25,0.0225,bmo,12461400000.0,2025-04-25,2002-12-31,7.0,10.58140625,1643559.390625
2002-09-30,EIX,USD,827052,2002-11-14,2002-11-14 08:02:15,2002,Q3,3997000000.0,1142000000.0,2855000000.0,0.7142857143,0,0.0,0.0,0.0,2025000000.0,2025000000.0,3167000000.0,0.0,0.0,288000000.0,990000000.0,0.2476857643,830000000.0,0.2076557418,-184000000.0,526000000.0,0.131598699,175000000.0,352000000.0,0.0880660495,1.08,1.07,325925926,328971963,https://www.sec.gov/Archives/edgar/data/827052/000082705202000046/0000827052-02-000046-index.htm,https://www.sec.gov/Archives/edgar/data/827052/000082705202000046/thirdqeix.htm,12.263522724485563,1.0799999997545455,5.108522726111699,3.356590908328048,7.817727270950517,14.770227269370404,12.748295451648117,13.552159087829054,45.33238635333355,3259259260.0,15486259260.0,2.314814815340909,0.8154263847885914,1.957513069069069,2.9792132175502744,0.7378898030337333,0.7378898030337333,3.874470668001001,15.64268612121212,9.301056612612612,14.155630036563071,0.1079999999754545,0.3356590908328047,3.345030563731039,0.43618811442742,12.35050505050505,1.028991035666603,0.0,4.743589743589744,0.0,0.0,0.0,0.0,0.0194550231747999,0.3429429429429429,0.1428571428571428,0.0,0.0,18.147106264068693,0.0185448106739889,0.0105979406274462,-76.20673293722574,152000000.0,4155000000.0,-23664000000.0,8969000000.0,1913500000.0,1043000000.0,339500000.0,45.28146109582187,80.38528896672504,26.007005253940456,1.987568373943312,1.119607843137255,3.4606060606060605,0.0796920987095313,1.7519318177836518,2002-11-01,0.82,bmo,2729658536.0,2025-04-25,2002-09-30,0.3170731707317075,12.401875,2261768.75
2002-06-30,EIX,USD,827052,2002-08-14,2002-08-14 08:02:25,2002,Q2,2926000000.0,866000000.0,2060000000.0,0.7040328093,0,0.0,0.0,0.0,794000000.0,794000000.0,1660000000.0,62000000.0,317000000.0,290000000.0,1491000000.0,0.509569378,1266000000.0,0.4326725906,-257000000.0,951000000.0,0.3250170882,289000000.0,665000000.0,0.2272727273,2.04,2.02,325980392,329207921,https://www.sec.gov/Archives/edgar/data/827052/000082705202000029/0000827052-02-000029-index.htm,https://www.sec.gov/Archives/edgar/data/827052/000082705202000029/eix2qtr10q2002.htm,8.976000004319278,2.0400000009816543,1.911157895656497,1.0583458651709334,4.8867969948327445,18.07163910644049,15.973353391145071,16.823097752456228,47.619428594343184,5434093134.64,19047093134.64,2.042892155879699,1.857174687163363,8.722460890272874,15.75099459315942,0.9908995504449308,0.9908995504449308,6.509601208010936,12.774710351871226,30.57318320166934,55.208965607652175,0.1223755249539084,0.0634880542993961,2.772793581327498,0.4433494664411919,9.13011401743796,0.8711982411139612,3.993690851735016,0.9410876132930514,0.0,0.0,0.0,0.0,0.0199428538107178,0.4462279293739968,0.0950102529049897,0.0,0.0,27.78813032950069,0.0289864305479566,0.019783423573511,-77.54300755611092,-703000000.0,5207000000.0,-23652000000.0,7963000000.0,1684000000.0,1012000000.0,345500000.0,55.85782638414217,110.78521939953812,36.270207852194,1.6112334801762114,0.8123827392120075,2.481375358166189,0.1212618526622903,0.8528120304855636,2002-08-06,0.4,bmo,2896739998.0,2025-04-25,2002-06-30,0.4000000000000001,18.0753125,1699371.875
2002-03-31,EIX,USD,827052,2002-05-10,2002-05-09 19:43:20,2002,Q1,2587000000.0,520000000.0,2067000000.0,0.7989949749,0,0.0,0.0,0.0,1700000000.0,1700000000.0,2220000000.0,0.0,0.0,271000000.0,577000000.0,0.2230382683,367000000.0,0.141863162,-214000000.0,100000000.0,0.0386548125,16000000.0,84000000.0,0.0324700425,0.26,0.26,323076923,323076923,https://www.sec.gov/Archives/edgar/data/827052/000009210302000007/0000092103-02-000007-index.htm,https://www.sec.gov/Archives/edgar/data/827052/000009210302000007/eix1qtr10q2002.htm,8.007380954287472,0.2600000000619047,-3.00547619119178,-4.091904762879025,5.642619048962528,15.844523813296314,13.835714289008504,14.72714286064932,48.341428582938434,5437384614.089999,19232384614.09,16.182692303839282,2.1018108287939694,-5.599778181349124,-4.11299895165658,1.142787855,1.142787855,7.434242216501739,33.33168910587521,-19.80678127094748,-14.547946001580938,0.015448603687576,-0.243131596130661,3.282471626733922,0.4632084705044932,23.908145580589256,0.900918403391028,0.0,-11.55952380952381,0.0,0.0,0.0,0.0,0.0192484503366254,-0.3614830072090628,0.135678391959799,0.0,0.0,9.28190636428268,0.0103031315798268,0.0025402201524132,-78.74285716160544,-561000000.0,4470000000.0,-23497000000.0,8057000000.0,1631000000.0,2186000000.0,334500000.0,53.99304213374565,165.8076923076923,59.19230769230769,1.6668814432989691,0.5427974947807933,1.52046783625731,0.0176544766708701,1.0864285716872448,2002-05-03,0.2,bmo,1810900000.0,2025-04-25,2002-03-31,0.3,15.884166666666664,1488225.0
2001-12-31,EIX,USD,827052,2002-03-29,2002-03-29 00:00:00,2001,Q4,2304000000.0,548000000.0,1756000000.0,0.7621527778,0,0.0,0.0,0.0,-1293000000.0,-1293000000.0,-745000000.0,0.0,0.0,204000000.0,3253000000.0,1.4118923611,3049000000.0,1.3233506944,2821000000.0,5870000000.0,2.5477430556,2336000000.0,2167000000.0,0.9405381944,6.65,6.65,325325648,326000000,https://www.sec.gov/Archives/edgar/data/827052/000082705202000011/0000827052-02-000011-index.htm,https://www.sec.gov/Archives/edgar/data/827052/000082705202000011/eix10k01.htm,7.082134514030077,6.661018008638532,2.1947239770041125,1.5768815128895095,12.267707832245677,15.215523369986494,13.269780684491252,14.155047498745011,51.40387824571397,4912417284.8,17644417284.8,0.5667301897554222,2.132125557638889,6.880136253221289,9.575862153606238,1.0667572822584148,1.0667572822584148,7.658167224305555,5.424044661789117,24.71206902633053,34.39457560389864,0.4411270204396379,0.1044292392642059,3.631487513572204,0.4547506390384511,3.9139256071318784,0.7608805924723546,0.0,0.2020373514431239,0.0,0.0,0.0,0.0,0.0172132484907815,0.2815126050420168,0.0872395833333333,0.0,0.0,46.05928887641637,0.0592789849965687,0.0599596026673307,-81.10949801289568,-2357000000.0,4317000000.0,-24324000000.0,6289000000.0,1972500000.0,3490000000.0,397000000.0,66.796875,560.6934306569343,53.7043795620438,1.3473684210526315,0.1605155243116579,1.6758409785932722,0.4705754614549403,0.6178424641146031,2002-02-15,0.23,bmo,2203826086.0,2025-04-25,2001-12-31,0.0434782608695651,15.0503125,1065173.453125
2001-09-30,EIX,USD,827052,2001-11-14,2001-11-14 00:00:00,2001,Q3,4043000000.0,1162000000.0,2881000000.0,0.7125896611,0,0.0,0.0,0.0,3050000000.0,3050000000.0,4212000000.0,0.0,0.0,294000000.0,2044000000.0,0.5055651744,-169000000.0,-0.0418006431,1530000000.0,-600000000.0,-0.14840465,-187000000.0,-413000000.0,-0.1021518674,-1.27,-1.27,325196850,325196850,https://www.sec.gov/Archives/edgar/data/827052/000082705201500051/0000827052-01-500051-index.htm,https://www.sec.gov/Archives/edgar/data/827052/000082705201500051/eix3q01.htm,12.432469748707591,-1.2700000015375303,4.068305089671072,3.268789350204345,12.589297836064524,8.533292988539095,8.533292988539095,7.435496377040552,59.69000007226392,4373897632.5,19690897632.5,-2.647637792070217,1.0818445789018056,3.3060450736961444,4.114673219661336,1.808890666873449,1.808890666873449,4.870367952634182,9.633511561888454,14.883520508314437,18.52389241063029,-0.0944237919358758,0.2430326654427022,8.027708850289496,0.5237439965463278,7.493639921722114,0.6124991051614289,0.0,-3.2033898305084745,0.0,0.0,0.0,0.0,0.0,0.1965230536659108,0.0643086816720257,0.0,0.0,,-0.0038465820161805,-0.0111434892882197,-86.97270591643185,-5413000000.0,2775000000.0,-25731000000.0,2634000000.0,2069000000.0,3513000000.0,474500000.0,49.752658916646055,276.1962134251291,36.17039586919105,1.8089485458612973,0.3258553000560852,2.4882226980728053,-0.1708023159636063,0.799515739466726,2001-10-19,0.88,bmo,5023764705.0,2025-04-25,2001-09-30,-0.2272727272727272,13.613050847457629,1573315.2881355933
2001-06-30,EIX,USD,827052,2001-08-14,2001-08-14 00:00:00,2001,Q2,2627000000.0,1136000000.0,1491000000.0,0.5675675676,0,0.0,0.0,0.0,1270000000.0,1270000000.0,2406000000.0,0.0,0.0,287000000.0,677000000.0,0.2577084126,221000000.0,0.0841263799,-357000000.0,-164000000.0,-0.0624286258,-62000000.0,-102000000.0,-0.03882756,-0.31,-0.31,329032258,329032258,https://www.sec.gov/Archives/edgar/data/827052/000082705201500029/0000827052-01-500029-index.htm,https://www.sec.gov/Archives/edgar/data/827052/000082705201500029/eix2q01.htm,7.984019609408631,-0.3100000000607843,0.1306862745354287,-0.5166666667679739,9.813627452904631,9.72245098229852,9.72245098229852,8.67696078601509,59.00333334490261,3668709676.7,19853709676.7,-8.991935482107843,1.396539656147697,85.31882969069767,-21.580645157058825,1.285012145954466,1.285012145954466,7.557559831252379,29.32601133929099,461.714178527907,-116.78652751,-0.0278026905884111,-0.0463378176473519,6.8,0.519118669447564,23.906942392909897,0.4895174708818635,0.0,-0.4215686274509804,0.0,0.0,0.0,0.0,0.0,4.953488372093023,0.081081081081081,0.0,0.0,,0.0044239208082457,-0.0027274185785336,-89.05433825275576,-7670000000.0,3199000000.0,-26844000000.0,234000000.0,1683000000.0,3264500000.0,455000000.0,65.19604111153407,274.11971830985914,38.186619718309856,1.3804519180241723,0.3283236994219653,2.3568464730290457,-0.0357267950963222,0.6473529413034025,2001-07-20,0.3,bmo,3057500000.0,2025-04-25,2001-06-30,-0.2,10.843968253968251,1792890.507936508
2001-03-31,EIX,USD,827052,2001-05-15,2001-05-15 00:00:00,2001,Q1,2462000000.0,2053000000.0,409000000.0,0.1661251015,0,0.0,0.0,0.0,1089000000.0,1089000000.0,3142000000.0,0.0,0.0,280000000.0,-431000000.0,-0.1750609261,-680000000.0,-0.2761982128,-354000000.0,-1057000000.0,-0.4293257514,-440000000.0,-617000000.0,-0.2506092608,-1.89,-1.89,326455026,326455026,https://www.sec.gov/Archives/edgar/data/827052/000082705201500015/0000827052-01-500015-index.htm,https://www.sec.gov/Archives/edgar/data/827052/000082705201500015/eix1q01.htm,7.541620756054772,-1.8900000026343595,2.7385089179175326,1.945137766082364,8.987455442024654,9.027277160070437,9.027277160070437,8.975202605702876,57.11659651397127,4126391528.64,19838391528.64,-1.6719576696272287,1.6760323024532902,4.615650479463088,6.498254375811024,1.4083247538020478,1.4083247538020478,8.057835714313565,-46.02875064649652,22.190594551051458,31.2415614624252,-0.1495253166641107,0.1538874814938579,6.36382252559727,0.5141738363114935,-36.45475638051044,0.4942928414846171,0.0,-1.4489465153970826,0.0,0.0,0.0,0.0,0.0,0.2897091722595078,0.1051990251827782,0.0,0.0,,-0.0132802944530841,-0.0170141186851974,-89.05284858441726,-6690000000.0,2947000000.0,-26778000000.0,1281000000.0,1469500000.0,2148500000.0,429000000.0,53.48090982940698,134.5396980029225,18.762786166585485,1.6828434723171566,0.6689475399152819,4.796728971962617,-0.210580204778157,0.7933711518351688,2001-05-14,0.35,bmo,5489999999.0,2025-04-25,2001-03-31,-0.6,12.751774193548387,3948930.806451613
2000-12-31,EIX,USD,827052,2001-04-17,2001-04-17 00:00:00,2000,Q4,2591313000.0,1930494000.0,660819000.0,0.2550131922,0,0.0,0.0,0.0,2154953000.0,2154953000.0,4085447000.0,101262000.0,294658000.0,453054000.0,-1041080000.0,-0.401757719,-1494134000.0,-0.5765934104,-2558841000.0,-4052975000.0,-1.5640623113,-1503115000.0,-2549860000.0,-0.9840030903,-7.83,-7.83,325811000,325811000,https://www.sec.gov/Archives/edgar/data/827052/000082705201000036/0000827052-01-000036-index.htm,https://www.sec.gov/Archives/edgar/data/827052/000082705201000036/0000827052-01-000036-0001.txt,7.95342391754729,-7.826193713533306,-0.1217362213062174,-1.3615009929069306,6.0556580348729785,12.11745459791106,12.11745459791106,12.062207844425142,57.16399384919478,5092425930.0,21449425930.0,-0.4992848558352223,1.965191364377827,-128.3923538310264,-11.479976938267598,1.295782679389313,1.295782679389313,8.277435388932174,-20.603052531986016,-540.7918193278371,-48.35395122094177,-0.500716168492214,-0.0871081889255873,4.66412213740458,0.5222222222222223,-15.71156875552311,0.5246296296296297,-5.070739637138649,0.0155549716455021,0.0179427253839311,-0.0358341242264281,0.0,0.0,0.0,-10.18402541411391,0.1558781204740608,0.0,0.0,,-0.0308401866012068,-0.072645584045584,-85.50048954762117,-5134000000.0,3948000000.0,-25486000000.0,2685000000.0,1640384000.0,1092831500.0,441414500.0,51.26358722392856,57.24959518133701,20.046682351771103,1.7556321138211382,1.5720635179153095,4.489520930232558,-0.6488193384223918,1.2397647716007132,2001-04-17,0.31,bmo,7564000000.0,2025-04-25,2000-12-31,-1.2903225806451617,21.02126984126984,2195363.619047619
2000-09-30,EIX,USD,827052,2000-11-14,2000-11-14 00:00:00,2000,Q3,3653203000.0,2251202000.0,1402001000.0,0.383773089,0,0.0,0.0,0.0,440342000.0,440342000.0,2691544000.0,0.0,0.0,577284000.0,1538605000.0,0.4211660288,961659000.0,0.2632372195,-328888000.0,632771000.0,0.1732099202,272620000.0,360151000.0,0.0985849951,1.11,1.1,325811000,327410000,https://www.sec.gov/Archives/edgar/data/827052/000082705200000106/0000827052-00-000106-index.htm,https://www.sec.gov/Archives/edgar/data/827052/000082705200000106/0000827052-00-000106-0001.txt,11.212644754167291,1.105398528594799,0.9362943547025728,-0.1777533600768543,3.302828940704887,19.98377893932372,19.98377893932372,19.927114185831662,51.6392141456243,6291410410.0,22039936410.0,4.367203207821163,1.722162828071695,20.623856058743502,-108.63367078771972,0.9690314322446932,0.9690314322446932,6.033044539271429,14.324622895415002,72.2490580714953,-380.5631869668819,0.0572448746035628,-0.0092052490977138,2.5914045387635807,0.4437033955975411,10.235587431472016,0.4574400323327365,0.0,0.8470197222831535,0.01456398391279,0.2544155090503705,0.0,0.0,0.0,1.189847732376129,0.0993563730238916,0.0,0.0,22.26244732174732,0.0167790455617311,0.0094979966047294,-88.2462670075596,-5227466000.0,6510935000.0,-27000342000.0,2450396000.0,1683067000.0,807829500.0,474330000.0,44.46211174139515,38.28606673235009,18.10348871402921,2.024195353641022,2.350724628601084,4.971417466637517,0.0554720828257583,1.1140477147794274,2000-11-14,,amc,,2025-04-25,2000-09-30,,21.046666666666667,1335330.1587301588
2000-06-30,EIX,USD,827052,2000-08-11,2000-08-11 00:00:00,2000,Q2,2749164000.0,945578000.0,1803586000.0,0.6560488934,0,0.0,0.0,0.0,1246855000.0,1246855000.0,2192433000.0,0.0,0.0,533359000.0,1090000000.0,0.3964841676,556731000.0,0.2025091992,-327000000.0,229500000.0,0.0834799234,92333000.0,137000000.0,0.0498333312,0.41,0.41,334146341,334146341,https://www.sec.gov/Archives/edgar/data/827052/000082705200000063/0000827052-00-000063-index.htm,https://www.sec.gov/Archives/edgar/data/827052/000082705200000063/0000827052-00-000063-0001.txt,8.22742512089935,0.4100000005686131,1.6035638708370594,0.4362010954954614,2.586181244462588,19.024086814704937,19.024086814704937,18.98938944239404,47.91367444601167,6849999990.5,21996015990.5,12.499999982664232,2.491666554086988,12.784024617179115,46.996672433192686,1.079550243686798,1.079550243686798,8.000983568277483,20.179831183944955,41.05074602808753,150.9108846386059,0.0200000000277372,0.0212781022192907,2.5231814109327706,0.43354490322755,13.89542752293578,0.4121430741711765,0.0,3.906341129126327,0.0137226277562576,0.6861313868613139,0.0,0.0,0.0,0.7279802174217328,0.1418867699416986,0.0,0.0,13.235449287766222,0.0105801053632679,0.003709868062198,-84.65932894952753,-5055529000.0,6356829000.0,-27027306000.0,2477393000.0,1448982500.0,582039000.0,495164000.0,51.11478980519168,62.627979923390775,47.19313478105455,1.7607428367211788,1.4370573681298977,1.9070570416129689,0.0215910049036796,1.167362775341598,2000-10-23,0.8,bmo,2922560000.0,2025-04-25,2000-06-30,0.2499999999999999,19.778412698412694,1214247.619047619
2000-03-31,EIX,USD,827052,2000-05-12,2000-05-12 00:00:00,2000,Q1,2723320000.0,835725000.0,1887595000.0,0.6931227325,0,0.0,0.0,0.0,1364854000.0,1364854000.0,2200579000.0,0.0,0.0,537303000.0,1059000000.0,0.388863593,522741000.0,0.1919498994,-323000000.0,198705000.0,0.0729642495,89164000.0,110000000.0,0.0403918746,0.32,0.32,343750000,343750000,https://www.sec.gov/Archives/edgar/data/827052/000082705200000059/0000827052-00-000059-index.html,https://www.sec.gov/Archives/edgar/data/827052/000082705200000059/,7.922385454545455,0.32,1.768096,0.8050938181818181,2.6690152727272727,19.444584727272726,19.444584727272726,19.414464,50.39835636363637,5692500000.0,22099461000.0,12.937499999999998,2.090279511772396,9.366007275623042,20.569031367547,0.8529722994155285,0.8529722994155285,8.114896890560052,20.868235127478755,36.36077514507645,79.85322907595636,0.0193236714975845,0.0486167764602547,2.595917989991192,0.4751413958576357,15.492881019830028,0.4054724667582269,0.0,5.5484521777234095,0.0165129556433904,0.8545454545454545,0.0,0.0,0.0,0.5446549179559151,0.1215545730946051,0.0,0.0,11.823034331338128,0.0087624957779348,0.0030168691529818,-80.321144,-4356998000.0,6684076000.0,-26806058000.0,3014226000.0,1357299500.0,565541000.0,467248500.0,44.17178664277426,54.50043973795207,53.25284034820066,2.037499653972508,1.6513628226255823,1.6900506979819898,0.0164825565104449,0.963002181818182,2000-04-20,0.29,bmo,2467990624.0,2025-04-25,2000-03-31,0.103448275862069,23.88904761904762,1686155.5714285714
1999-12-31,EIX,USD,827052,2000-03-29,2000-03-29 00:00:00,1999,Q4,2509300000.0,1059000000.0,1450300000.0,0.5779699518,0,0.0,0.0,0.0,1328200000.0,1328200000.0,2387200000.0,0.0,0.0,1041500000.0,1163600000.0,0.4637149803,122100000.0,0.0486589886,-45900000.0,76200000.0,0.0303670346,-19900000.0,96100000.0,0.0382975332,0.28,0.28,345000000,345000000,https://www.sec.gov/Archives/edgar/data/827052/000082705200000050/0000827052-00-000050-index.html,https://www.sec.gov/Archives/edgar/data/827052/000082705200000050/,7.273333333333333,0.2785507246376811,0.7501449275362319,-11.64,1.472463768115942,19.93913043478261,19.93913043478261,19.91304347826087,49.00289855072464,9035550000.0,25433550000.0,23.505593132154008,3.600824931255729,34.913253477588874,-2.25,1.3152183406113538,1.3152183406113538,10.13571513968039,21.857640082502577,98.27492272024728,-6.333370685791125,0.0106357665001023,-0.4444444444444444,2.460844250363901,0.4666427447624831,14.092471639738742,0.3902367728734288,0.0,2.693028095733611,0.010403351207176,0.9781477627471384,0.0,0.0,0.0,16.517001545595054,1.7035029689554857,0.0,0.0,11.171518945011568,0.0046801716574681,0.0026525711446631,-79.96666666666667,-4172000000.0,6879000000.0,-26680000000.0,3159000000.0,1491050000.0,676200000.0,401000000.0,49.42414219104929,53.11614730878187,37.39376770538244,1.8209724238026124,1.6944,2.4068181818181817,0.0139883551673944,12.390144927536232,2000-01-18,0.49,bmo,2355669387.0,2025-04-25,1999-12-31,0.0612244897959184,26.6878125,1085300.0
1999-09-30,EIX,USD,827052,1999-11-10,1999-11-10 00:00:00,1999,Q3,2957000000.0,1315200000.0,1641800000.0,0.5552248901,0,0.0,0.0,0.0,1201000000.0,1201000000.0,2516200000.0,0.0,0.0,315900000.0,756700000.0,0.2559012513,440800000.0,0.1490700034,-39300000.0,401500000.0,0.1357795063,146200000.0,255300000.0,0.0863375042,0.74,0.73,345000000,349726027,https://www.sec.gov/Archives/edgar/data/827052/000082705299000105/0000827052-99-000105-index.html,https://www.sec.gov/Archives/edgar/data/827052/000082705299000105/,8.571014492753623,0.74,2.639710144927536,-4.734782608695652,3.5321739130434784,18.943478260869565,18.943478260869565,18.90753623188406,40.06811594202899,8386950000.0,20991850000.0,8.212837837837837,2.836303686168414,9.20934446030526,-5.134343434343434,1.285730710858334,1.285730710858334,7.099036185322962,27.74131095546452,23.05023608213462,-12.85084175084175,0.0304401480872069,-0.1947668699586858,2.1191611350431545,0.430065209004816,16.6577243293247,0.5881981850827389,0.0,3.5671758715236974,0.0111721185889983,0.3670191931061496,0.0,0.0,0.0,2.7936751949050183,0.8603990530943524,0.0,0.0,17.742899375831154,0.009825445958772,0.007942680786988,-66.68007246376811,-2545800000.0,6535500000.0,-21971000000.0,4874200000.0,1478600000.0,570450000.0,301000000.0,48.82279337166047,49.7764598540146,24.771897810218977,1.8434012842092136,1.80808358537256,3.633149171270718,0.0391378332387975,7.374492753623189,1999-10-13,0.7,bmo,2788028571.0,2025-04-25,1999-09-30,0.0571428571428572,25.51609375,512703.125
1999-06-30,EIX,USD,827052,1999-08-12,1999-08-12 00:00:00,1999,Q2,2116000000.0,638600000.0,1477400000.0,0.6982041588,0,0.0,0.0,0.0,1180700000.0,1180700000.0,1819300000.0,0.0,0.0,362700000.0,659400000.0,0.3116257089,296700000.0,0.1402173913,-101000000.0,195700000.0,0.0924858223,67300000.0,128400000.0,0.0606805293,0.37,0.37,347204000,347204000,https://www.sec.gov/Archives/edgar/data/827052/000082705299000075/0000827052-99-000075-index.html,https://www.sec.gov/Archives/edgar/data/827052/000082705299000075/,6.094399834103294,0.3698114077026762,1.362599509222244,0.4798331816453727,2.701293763896729,16.588230550339283,16.588230550339283,16.534083708713034,34.9592746627343,9287707000.0,20487807000.0,18.083541666666665,4.389275519848772,19.63159374339463,55.748541416566624,1.617870120368596,1.617870120368596,9.682328449905482,31.07037761601456,43.30544705136335,122.97603241296518,0.0138247255215953,0.0179376890334718,2.1143762955737104,0.4341170664015278,16.98528965726418,0.6969870609981516,0.0,3.684579439252337,0.0100993711364925,0.7305295950155763,0.0,0.0,0.0,0.647854576199535,0.1448487712665406,0.0,0.0,11.729283326629282,0.0077667864186945,0.0045922418294575,-57.97161035011117,-1639300000.0,5759500000.0,-18430000000.0,5683300000.0,1317800000.0,403400000.0,226950000.0,57.55151228733459,58.27591606639523,33.823989978077044,1.5638164215505137,1.5443772672309553,2.660833333333333,0.0223666103436863,0.8827663275768712,1999-07-16,0.4,bmo,2274700000.0,2025-04-25,1999-06-30,-0.075,26.12619047619048,792749.2063492064
1999-03-31,EIX,USD,827052,1999-05-13,1999-05-13 00:00:00,1999,Q1,2087700000.0,841300000.0,1246400000.0,0.5970206447,0,0.0,0.0,0.0,1126200000.0,1126200000.0,1967500000.0,0.0,0.0,173900000.0,294100000.0,0.1408727308,120200000.0,0.0575753221,116071000.0,228700000.0,0.1095463908,85500000.0,143211000.0,0.0685974996,0.41,0.41,349295122,349295122,https://www.sec.gov/Archives/edgar/data/827052/000009210399000006/0000092103-99-000006-index.html,https://www.sec.gov/Archives/edgar/data/827052/,5.976894232150198,0.4099999999427418,1.3467121937076465,-4.561472232641142,1.7480919759308864,15.933803965347105,15.933803965347105,15.891146627578728,32.3837903467773,7771816464.5,18472716464.5,13.567073172626404,3.7226691883412366,16.521718674532313,-4.877811124395908,1.4001506953177076,1.4001506953177076,8.848357745126215,62.81100463957837,39.27023057929422,-11.593997655494883,0.0184269662895614,-0.2050099879838715,2.037851081845533,0.4225817779703821,36.38524311458688,0.5188208760839872,0.0,3.2849162011173183,0.0117733094210282,0.6389174015962461,0.0,0.0,0.0,4.387117346938775,0.988504095416008,0.0,0.0,12.107676392229068,0.0031412315088428,0.005350162136314,-55.891347374728014,-3029600000.0,5565600000.0,-17935400000.0,4229300000.0,1299250000.0,441650000.0,190450000.0,55.288116108636295,42.07417092594794,22.88244383691905,1.6278362573099414,2.13907958301551,3.933146330060776,0.0258005296629253,5.908184426348789,1999-04-15,0.41,bmo,2087700000.0,2025-04-25,1999-03-31,0.0,26.383278688524587,811567.2131147541
1998-12-31,EIX,USD,827052,1999-03-24,1999-03-24 00:00:00,1998,Q4,2614900000.0,1307000000.0,1307900000.0,0.5001720907,0,0.0,0.0,0.0,1103200000.0,1103200000.0,2410200000.0,0.0,0.0,330900000.0,535600000.0,0.2048261884,204700000.0,0.0782821523,1400000.0,206100000.0,0.0788175456,43500000.0,162600000.0,0.0621821102,0.46,0.46,352571429,354590164,https://www.sec.gov/Archives/edgar/data/827052/000082705299000048/0000827052-99-000048-index.html,https://www.sec.gov/Archives/edgar/data/827052/,7.416653151438428,0.4611831436857579,0.7618314415374821,-0.2036466772240923,1.656401942881197,16.025121536436238,16.025121536436238,15.979740661288808,26.92504048590959,9829691440.52,18738691440.52,15.113301722816727,3.7591079737351336,36.5960217443038,-136.9037805086351,1.7447091658714944,1.7447091658714944,7.166121626264867,34.986354444585515,69.76430171451973,-260.9845604529248,0.0165417196443959,-0.0073044001873777,1.684948526801562,0.3843631063243987,16.633681852128454,0.7300513299113393,0.0,1.6519065190651907,0.0093695718280987,0.566420664206642,0.0,0.0,0.0,1.2673119880863737,0.1301770622203526,0.0,0.0,12.876944833801488,0.0073752334852886,0.0065835290306907,-49.33326574230154,-1157000000.0,5650000000.0,-15919000000.0,6097000000.0,1361600000.0,587950000.0,169500000.0,45.2942751156832,33.74139250191278,11.499617444529456,1.987006079027356,2.66734693877551,7.826347305389222,0.0288604898828541,0.9654781187615744,1999-01-22,0.4,bmo,2222665000.0,2025-04-25,1998-12-31,0.15,27.451875,1039792.1875
1998-09-30,EIX,USD,827052,1998-11-02,1998-11-02 00:00:00,1998,Q3,3440800000.0,2090800000.0,1350000000.0,0.3923506161,0,0.0,0.0,0.0,1262400000.0,1262400000.0,3353200000.0,28200000.0,188900000.0,-3300000.0,84300000.0,0.0245001163,87600000.0,0.0254591955,304300000.0,392100000.0,0.1139560567,175800000.0,216300000.0,0.0628632876,0.61,0.6,354590164,360500000,https://www.sec.gov/Archives/edgar/data/827052/000082705298000074/0000827052-98-000074-index.html,https://www.sec.gov/Archives/edgar/data/827052/,9.703596854423743,0.6099999998871937,1.2439713358772129,0.6114100784814775,3.3729079975269705,15.91555709368182,15.91555709368182,15.873254735853305,27.347628288978708,9109421313.16,17421721313.16,10.528688526537218,2.647471899895373,20.651601254046703,42.01762598321033,1.6184456450493028,1.6184456450493028,5.063276363973494,206.66336077295367,39.49608096386307,80.35849314188192,0.0237446477184582,0.0237995359471186,1.6893133161588345,0.3801039376374175,98.60379596678528,0.8165782079300655,0.4637374272101641,2.039297272306981,0.0101433446564287,0.4271844660194174,0.0,0.0,0.0,0.5085014735887554,0.0651883282957451,0.0,0.0,14.760095569111266,0.0022219305519246,0.0086468119128522,-48.03883956578108,-822500000.0,5643500000.0,-15709800000.0,6457100000.0,1285300000.0,564750000.0,169850000.0,36.80771913508487,29.525062177157068,7.403864549454754,2.445139283683911,3.0482577635223795,12.155813953488371,0.0384294216931686,0.6325612573957353,1998-10-16,0.69,bmo,3839733333.0,2025-04-25,1998-09-30,-0.1159420289855071,27.86875,694867.1875
1998-06-30,EIX,USD,827052,1998-08-13,1998-08-13 00:00:00,1998,Q2,2242700000.0,969500000.0,1273200000.0,0.5677085656,0,0.0,0.0,0.0,390100000.0,390100000.0,1359600000.0,0.0,0.0,946900000.0,1830000000.0,0.8159807375,883100000.0,0.3937664422,-615400000.0,244300000.0,0.108931199,99000000.0,145300000.0,0.0647879788,0.4,0.4,363250000,363250000,https://www.sec.gov/Archives/edgar/data/827052/000082705298000060/0000827052-98-000060-index.html,https://www.sec.gov/Archives/edgar/data/827052/,6.173984858912594,0.4,0.7132828630419821,0.1646249139710943,4.558568479008947,15.429593943565038,15.429593943565038,15.391328286304198,26.45175498967653,10737670000.0,18690370000.0,18.475,4.787831631515584,41.44218448475492,179.55969899665553,1.9205619846536337,1.9205619846536337,8.333869888973112,10.21331693989071,72.13573909687379,312.5479933110368,0.013531799729364,0.0055691784158015,1.7186141766084173,0.3908381669825826,4.345737704918033,0.910515618314078,0.0,1.7832071576049553,0.0088659830298379,0.6551961459050241,0.0,0.0,0.0,0.7692010806638364,0.0888660988986489,0.0,0.0,11.769535019563763,0.0241194800382046,0.0059102039488134,-45.058499655884376,-334600000.0,5604800000.0,-15575200000.0,6978700000.0,1031050000.0,436600000.0,176250000.0,46.68747491862487,41.17998968540485,15.567818463125322,1.9277118789754168,2.185527502254283,5.781156827668456,0.0259886601441628,0.5486579490708878,1998-07-17,0.37,bmo,2060859459.0,2025-04-25,1998-06-30,0.0810810810810811,29.367142857142856,745990.4761904762
1998-03-31,EIX,USD,827052,1998-05-12,1998-05-12 00:00:00,1998,Q1,1909600000.0,743800000.0,1165800000.0,0.6104943444,0,0.0,0.0,0.0,941300000.0,941300000.0,1685100000.0,0.0,0.0,210600000.0,435100000.0,0.2278487641,224500000.0,0.1175638877,122000000.0,280700000.0,0.1469941349,136700000.0,144000000.0,0.0754084625,0.39,0.38,369230769,378947368,https://www.sec.gov/Archives/edgar/data/827052/0000827052-98-000039-index.html,https://www.sec.gov/Archives/edgar/data/827052/0000827052-98-000039.txt,5.171833336565729,0.39000000024375,1.3357500008348435,0.7967916671646614,3.684958335636432,16.12406251007754,16.12406251007754,16.091562510057226,27.108791683609663,10847999993.22,19496799993.22,18.8333333215625,5.680770838510682,21.99513380620438,36.87287557178789,1.825801564120172,1.825801564120172,10.20988688375576,44.80992873642841,39.53122464156529,66.2705642189667,0.0132743362914823,0.0271202065066256,1.6846587562063453,0.4020759772317357,19.87772925764192,0.83876887146551,0.0,3.425,0.0086928466131026,0.6548611111111111,0.0,0.0,0.0,0.4034874290348743,0.104210305823209,0.0,0.0,11.882906257056996,0.0051326383913267,0.0057844566828551,-45.53730732012748,-579900000.0,5953500000.0,-15924000000.0,9917900000.0,987850000.0,435300000.0,187900000.0,42.35599078341014,51.981715514923366,22.36084969077709,2.12484700122399,1.7313780260707634,4.024891774891775,0.0242363039636455,0.5389583336701823,1998-04-16,0.38,bmo,1909600000.0,2025-04-25,1998-03-31,0.0,27.538360655737705,803027.868852459
1997-12-31,EIX,USD,827052,1998-03-25,1998-03-25 00:00:00,1997,Q4,2329300000.0,953300000.0,1376000000.0,0.5907354141,0,0.0,0.0,0.0,1026500000.0,1026500000.0,1979800000.0,0.0,0.0,274900000.0,624400000.0,0.2680633667,349500000.0,0.1500450779,-68800000.0,280700000.0,0.1205083072,141300000.0,139400000.0,0.0598463058,0.35,0.35,390071942,395428571,https://www.sec.gov/Archives/edgar/data/827052/000082705298000033/0000827052-98-000033-index.html,https://www.sec.gov/Archives/edgar/data/827052/,5.9714625667692856,0.3573699745879184,1.492545187984836,0.8039542613398223,4.888841761400004,15.753504259991097,15.753504259991097,15.730431593052137,25.813187045378413,10606056102.98,18768056102.980003,19.020904058428982,4.553323360228395,18.217203886946063,33.82033196103317,1.7284967573305086,1.7284967573305086,8.05738037306487,30.05774520016016,32.23644126241842,59.84711767531889,0.0131434341518175,0.0295680125538735,1.6409713168187745,0.4011393968367794,13.071748878923769,0.9648605150214592,0.0,4.176470588235294,0.0092022896213586,0.7001434720229556,0.0,0.0,0.0,0.4613534867743044,0.1153136135319623,0.0,0.0,11.246583419865152,0.0076898300272344,0.0055535636030437,-41.39172358108238,-131000000.0,6145000000.0,-15359000000.0,10808000000.0,1199600000.0,472250000.0,198400000.0,41.613360236981066,41.63432287842232,18.03209902444141,2.162766945218199,2.161678004535148,4.991099476439791,0.0227183833116036,0.6885909266450136,1998-01-16,0.32,bmo,1965346875.0,2025-04-25,1997-12-31,0.1562499999999999,26.18671875,840035.9375
1997-09-30,EIX,USD,827052,1997-11-13,1997-11-13 00:00:00,1997,Q3,2737800000.0,1363900000.0,1373900000.0,0.5018262839,0,0.0,0.0,0.0,902900000.0,902900000.0,2266800000.0,0.0,0.0,215400000.0,686400000.0,0.2507122507,471000000.0,0.1720359413,-8100000.0,462900000.0,0.1690773614,186100000.0,276800000.0,0.1011030755,0.7,0.7,395428571,395428571,https://www.sec.gov/Archives/edgar/data/827052/000082705297000030/0000827052-97-000030-index.html,https://www.sec.gov/Archives/edgar/data/827052/,6.923627175133989,0.7000000007586705,1.361813585290983,0.9359465328063004,1.4794075160542712,16.132369959681036,16.132369959681036,16.113656086828385,22.38153904159849,9984571417.75,18249871417.75,9.017857133083451,3.6469323609284814,18.541451100742805,26.978036794785197,1.5669938506779872,1.5669938506779872,6.665889187577617,26.58780800954254,33.89019761884865,49.31064960213456,0.027722772307274,0.0370671894180713,1.3889795662136288,0.3625715900990586,12.041520979020978,0.5634387351778656,0.0,1.9454479768786128,0.010075545137687,0.3634393063583815,0.0,0.0,0.0,0.3127205199628598,0.0615092409964204,0.0,0.0,15.930790427427278,0.0130049154083035,0.0113397078222681,-41.35019874423793,-1988100000.0,6379200000.0,-15464700000.0,9207300000.0,1210300000.0,458300000.0,210400000.0,43.46482577251808,33.22457658186084,13.580174499596746,2.070639842686432,2.7088381330685203,6.627308066083576,0.0434414137292444,0.4258670524846825,1997-10-17,0.65,bmo,2527200000.0,2025-04-25,1997-09-30,0.0769230769230768,25.18953125,738481.25
1997-06-30,EIX,USD,827052,1997-08-12,1997-08-12 00:00:00,1997,Q2,2167200000.0,782000000.0,1385200000.0,0.6391657438,0,0.0,0.0,0.0,946700000.0,946700000.0,1728700000.0,0.0,0.0,378900000.0,817400000.0,0.3771686969,438500000.0,0.2023348099,-186000000.0,252500000.0,0.1165097822,113500000.0,139000000.0,0.0641380583,0.34,0.34,408823529,408823529,https://www.sec.gov/Archives/edgar/data/827052/000082705297000028/0000827052-97-000028-index.html,https://www.sec.gov/Archives/edgar/data/827052/,5.301064753540641,0.340000000342446,1.002877698851819,0.5430215832807411,2.1909208655160355,16.123827354369322,16.123827354369322,16.106705052193803,21.882791388946696,10171529401.52,18222029401.52,18.29411762863309,4.693396733813215,24.80860829639024,45.81770000684685,1.5446983054185397,1.5446983054185397,8.408097730490956,22.292671154294105,44.44397415004878,82.08121352036036,0.0136655948690693,0.0218256263376503,1.3586137771838174,0.3658618376928236,9.848911181795938,0.6560966402416006,0.0,2.949640287769784,0.0101066413851822,0.739568345323741,0.0,0.0,0.0,0.4585365853658537,0.0867478774455518,0.0,0.0,11.100283499685284,0.0109542926538448,0.0056845135855785,-39.21887773734275,-1275400000.0,6591800000.0,-15427400000.0,9982100000.0,1022150000.0,392750000.0,213550000.0,45.61461794019934,47.54347826086957,24.74424552429668,1.9730517115804809,1.8930041152263373,3.637209302325582,0.0211092212367877,0.4598561155710781,1997-07-18,0.38,bmo,2422164705.0,2025-04-25,1997-06-30,-0.1052631578947368,22.73203125,1152489.078125
1997-03-31,EIX,USD,827052,1997-05-15,1997-05-15 00:00:00,1997,Q1,2000700000.0,828900000.0,1171800000.0,0.5856950067,0,0.0,0.0,0.0,806900000.0,806900000.0,1635800000.0,0.0,0.0,279700000.0,644600000.0,0.3221872345,364900000.0,0.1823861648,-124000000.0,240900000.0,0.1204078572,96100000.0,144800000.0,0.0723746689,0.35,0.35,413714286,413714286,https://www.sec.gov/Archives/edgar/data/827052/000082705297000025/0000827052-97-000025-index.html,https://www.sec.gov/Archives/edgar/data/827052/,4.835946129256944,0.3499999997582873,1.4582527614238583,1.0763466843395395,1.7727209932508834,18.39361186575027,18.39361186575027,16.71926794425465,19.796270704560587,9308571435.0,16765171435.0,16.071428582527624,4.652657287449393,15.429423893585282,20.904045441275542,1.3457527013155992,1.3457527013155992,8.379652839006347,26.008643243872168,27.789112274158796,37.649161093644736,0.0155555555448127,0.0478376304150906,1.1840393234061009,0.3420138308889854,11.567793980763264,0.6416455390558976,0.0,4.166436464088398,0.0114947820669541,0.738950276243094,0.0,0.0,0.0,0.2618929222608984,0.078972359674114,0.0,0.0,11.474503691666888,0.0101654507455061,0.0060468379380616,-35.74405211619886,-1187300000.0,7609700000.0,-14210800000.0,10374200000.0,1020450000.0,405200000.0,219050000.0,42.5506072874494,40.4343105320304,23.02931596091205,2.115128449096099,2.225832438238453,3.908062234794908,0.0209339308948966,0.381906077084319,1997-04-17,0.37,bmo,2108845945.0,2025-04-25,1997-03-31,-0.0540540540540541,21.412786885245904,1066509.836065574
1996-12-31,EIX,USD,827052,1997-10-17,1997-10-17 00:00:00,1996,Q4,2195400000.0,892100000.0,1303300000.0,0.5936503598,0,0.0,0.0,0.0,935600000.0,935600000.0,1827700000.0,0.0,0.0,290400000.0,658100000.0,0.2997631411,367700000.0,0.1674865628,-154900000.0,212800000.0,0.0969299444,95400000.0,117400000.0,0.0534754487,0.27,0.27,426133429,439365079,https://www.sec.gov/Archives/edgar/data/827052/000082705297000029/0000827052-97-000029-index.html,https://www.sec.gov/Archives/edgar/data/827052/,5.151907479194739,0.2755005639325236,0.7563358752593897,0.4355443327587425,2.1049744961454318,18.334632930194264,18.334632930194264,16.67552817124798,19.862323450808173,8471532568.52,16038532568.52,18.03989047810903,3.8587649487656006,26.2846185805771,45.64403323556034,1.1921661368589922,1.1921661368589922,7.30551724902979,24.3709657628324,49.76274455017065,86.41450737349138,0.0138581772601873,0.0219086686498361,1.1911061075147762,0.3446394397166008,11.498252545205895,0.748109365910413,0.0,2.745315161839864,0.0127839914589291,0.9224872231686542,0.0,0.0,0.0,0.4241390009308098,0.0622665573471804,0.0,0.0,10.166987844915464,0.0091749004465029,0.0047803249317968,-35.00018769942594,-866000000.0,7813000000.0,-14174000000.0,10837000000.0,1163650000.0,435550000.0,228000000.0,44.889314020224106,44.18787131487502,22.80013451406793,2.004931506849315,2.03675799086758,3.947345132743363,0.0165212496481846,0.3207915425006471,1997-01-17,0.32,bmo,2264006250.0,2025-04-25,1996-12-31,-0.03125,19.46125,1120062.5
1996-09-30,EIX,USD,827052,1996-11-13,1996-11-13 00:00:00,1996,Q3,2568200000.0,1188000000.0,1380200000.0,0.5374192041,0,0.0,0.0,0.0,750000000.0,750000000.0,1938000000.0,14200000.0,164500000.0,296000000.0,926200000.0,0.3606416946,630200000.0,0.2453858734,-125000000.0,505200000.0,0.1967136516,228400000.0,276800000.0,0.1077797679,0.63,0.63,439365079,439365079,https://www.sec.gov/Archives/edgar/data/827052/000082705296000041/0000827052-96-000041-index.html,https://www.sec.gov/Archives/edgar/data/827052/,5.845252895030376,0.6300000005234827,1.5542882960891846,1.161448700387042,2.3934537592142138,17.989595390670544,17.989595390670544,16.394338886454833,19.132153195088133,7855847612.52,15045747612.52,7.095238089342485,3.058892458733743,11.503657362014936,15.394567141916518,1.090620373522511,1.090620373522511,5.858479718292968,16.244599020211616,22.032138838072925,29.48412230554576,0.0352348993581366,0.0649579810059866,1.144160153267343,0.3313325667971922,7.762794212912977,0.7563208369659983,3.8310030395136776,2.4671242774566475,0.0139895788997803,0.3970375722543353,0.0,0.0,0.0,0.2527456435788549,0.0672066038470524,0.0,0.0,15.24433514157294,0.015798954369123,0.011128175027539,-33.86471913941071,-1006200000.0,7904000000.0,-13846800000.0,10859500000.0,993050000.0,398850000.0,243550000.0,43.184720816135815,32.81060606060606,17.424242424242426,2.084070437393492,2.7430154698683906,5.165217391304348,0.038427899098999,0.3928395957021427,1996-10-18,0.65,bmo,2736606557.0,2025-04-25,1996-09-30,-0.0615384615384615,16.80046875,817517.1875
1996-06-30,EIX,USD,827052,1996-08-14,1996-08-14 00:00:00,1996,Q2,1813700000.0,723200000.0,1090500000.0,0.6012570987,0,0.0,0.0,0.0,832300000.0,832300000.0,1555500000.0,0.0,0.0,141700000.0,399900000.0,0.2204885042,258200000.0,0.1423609197,25200000.0,283400000.0,0.156255169,127700000.0,155700000.0,0.0858466119,0.35,0.35,444857143,444857143,https://www.sec.gov/Archives/edgar/data/827052/000082705296000037/0000827052-96-000037-index.html,https://www.sec.gov/Archives/edgar/data/827052/,4.077039176596969,0.3499999998876044,0.9483943478007724,0.4936416183385865,1.737186897322676,17.63172767577658,17.63172767577658,16.084264606267094,18.309698131564,7896214288.25,15268614288.25,12.678571432642904,4.353649604813365,18.7158432999526,35.95725996470856,1.103563043415977,1.103563043415977,8.418489434994761,38.18108099087272,36.19012630540412,69.52920896288707,0.0197183098528227,0.0278107953993569,1.1383609123434706,0.3396649722061209,18.43560890222556,0.6746363693114427,0.0,2.709698137443802,0.0140447049626078,0.7122671804752729,0.0,0.0,0.0,0.4794975112585921,0.1115399459668081,0.0,0.0,11.254491713697153,0.0065380964129655,0.0064928836827202,-32.97642901959652,-1042400000.0,7843600000.0,-13975100000.0,10941600000.0,858650000.0,355350000.0,259350000.0,37.40530407454375,45.3733407079646,31.99529867256637,2.4060758821968693,1.9835436094349967,2.812913263321665,0.0217603980322003,0.454752729462186,1996-07-18,0.37,amc,,2025-04-25,1996-06-30,0.0540540540540541,16.26301587301587,843504.7619047619
1996-03-31,EIX,USD,827052,1996-05-10,1996-05-10 00:00:00,1996,Q1,1967700000.0,670600000.0,1297100000.0,0.6591960157,0,0.0,0.0,0.0,738200000.0,738200000.0,1408800000.0,0.0,0.0,411900000.0,970800000.0,0.4933678914,558900000.0,0.2840372008,-280300000.0,278600000.0,0.141586624,111500000.0,167100000.0,0.0849214819,0.38,0.37,439736842,451621622,https://www.sec.gov/Archives/edgar/data/827052/000082705296000032/0000827052-96-000032-index.html,https://www.sec.gov/Archives/edgar/data/827052/,4.474721724589999,0.3800000000909635,1.7508198687614172,1.2223219631890656,1.6434829447381167,17.73492519873966,17.73492519873966,16.20355476150893,18.36985039338596,7532692103.46,14887892103.46,11.26973683940754,3.828171013599634,9.78398766522925,14.01431089015814,1.0571754316955075,1.0571754316955075,7.566139199806881,15.335694379336628,19.33743616503442,27.69840391341395,0.0221833041500854,0.0713556312427942,1.133692616451237,0.3324977567031357,7.57643180881747,0.6874661497676805,0.0,4.607420706163974,0.0147224921020016,0.6636744464392579,0.0,0.0,0.0,0.301857384075854,0.1181074350764852,0.0,0.0,11.770318315324564,0.0154861609266993,0.0068780716702477,-33.92887194109608,-1096400000.0,7798700000.0,-14084200000.0,10998600000.0,1009250000.0,383050000.0,263800000.0,44.06921786857753,46.44944825529377,35.10885773933791,2.042241826673586,1.9375902918231724,2.5634556574923546,0.0234516441412993,0.5284979055723514,1996-04-18,0.34,amc,,2025-04-25,1996-03-31,0.1176470588235293,17.798095238095236,967690.4761904762
1995-12-31,EIX,USD,827052,1996-03-27,1996-03-27 00:00:00,1995,Q4,2052100000.0,804600000.0,1247500000.0,0.6079138444,0,0.0,0.0,0.0,800000000.0,800000000.0,1604600000.0,0.0,0.0,346600000.0,794100000.0,0.3869694459,447500000.0,0.2180692949,-200700000.0,246800000.0,0.1202670435,108800000.0,138000000.0,0.0672481848,0.31,0.31,442461538,442461538,https://www.sec.gov/Archives/edgar/data/827052/000082705296000030/0000827052-96-000030-index.html,https://www.sec.gov/Archives/edgar/data/827052/,4.637917251013127,0.3118915163197756,0.8635778868535235,-1.9931675959594928,1.1458623099574363,17.400382493811247,17.400382493811247,15.976529919307923,17.95636302290302,7800596914.94,15238596914.94,14.131516150253622,3.801275237532283,20.415066513844543,-8.845217048350152,1.1034936928759371,1.1034936928759371,7.425854936377369,19.18977070260672,39.88117486244438,-17.27927986726386,0.0176909538468392,-0.1130554507067211,1.123921346725138,0.331788190094379,9.366578516559628,0.7402557856272838,0.0,2.7688405797101447,0.0143065974587482,0.808695652173913,0.0,0.0,0.0,3.3080345459303846,0.6159543881877102,0.0,0.0,10.58849579479433,0.0116861037040984,0.0057629666750187,-33.48483139793272,-853000000.0,7699000000.0,-13816000000.0,11295000000.0,1150000000.0,406800000.0,270550000.0,46.26967496710687,46.97986577181208,29.75391498881432,1.9451184834123223,1.9157142857142857,3.024812030075188,0.0195218559909463,2.8567454828130168,1996-01-18,0.33,amc,,2025-04-25,1995-12-31,-0.0606060606060606,16.847301587301587,1009711.1587301588
1995-09-30,EIX,USD,827052,1995-11-13,1995-11-13 00:00:00,1995,Q3,2670000000.0,1131100000.0,1538900000.0,0.5763670412,0,0.0,0.0,0.0,741500000.0,741500000.0,1872600000.0,0.0,0.0,445800000.0,1243200000.0,0.4656179775,797400000.0,0.2986516854,-307200000.0,490200000.0,0.1835955056,202600000.0,287600000.0,0.1077153558,0.65,0.65,442461538,442461538,https://www.sec.gov/Archives/edgar/data/827052/000082705295000026/0000827052-95-000026-index.html,https://www.sec.gov/Archives/edgar/data/827052/,6.03442281575218,0.650000000678025,1.7185674565909952,1.167107094402407,1.230615439392158,17.438125887452845,17.438125887452845,15.997096678717416,16.33475314638535,7853692299.5,14536692299.5,6.826923069801809,2.941457790074906,10.328369673198315,15.208544344500387,1.1095763410378492,1.1095763410378492,5.444454044756554,11.692963561373874,19.11716504405576,28.15006254744384,0.0366197183480577,0.0657525123606989,1.0211073593195914,0.3105143087914968,5.375643500643501,0.796563737605336,0.0,2.643949930458971,0.0142098767998722,0.388038942976356,0.0,0.0,0.0,0.3208837453971594,0.0913857677902621,0.0,0.0,15.295670602176518,0.0229400125002591,0.0123561280122358,-31.51550768238753,-683200000.0,7715700000.0,-12885100000.0,11528600000.0,1096250000.0,341500000.0,282200000.0,41.966292134831455,31.31818583679604,21.889311289894792,2.144578313253012,2.873729674796748,4.111595783351508,0.0406323730944745,0.5514603621885887,1995-10-19,0.64,amc,,2025-04-25,1995-09-30,0.03125,16.927142857142854,642301.5873015873
1995-06-30,EIX,USD,827052,1995-08-14,1995-08-14 00:00:00,1995,Q2,1860800000.0,688700000.0,1172100000.0,0.6298903697,0,0.0,0.0,0.0,740100000.0,740100000.0,1428800000.0,0.0,0.0,295100000.0,727100000.0,0.3907459157,432000000.0,0.2321582115,-167300000.0,264700000.0,0.1422506449,104800000.0,159900000.0,0.0859307825,0.36,0.36,444166667,444166667,https://www.sec.gov/Archives/edgar/data/827052/000082705295000023/0000827052-95-000023-index.html,https://www.sec.gov/Archives/edgar/data/827052/,4.189418383347529,0.3599999997298311,0.8190619130813794,0.3007879922695775,1.3371106931804049,16.762176347645646,16.762176347645646,15.432270157274091,16.96097559702741,7608575005.709999,14548175005.71,11.895833342260786,4.0888730684168095,20.91416988925233,56.95041171938622,1.1100116719979576,1.1100116719979576,7.818236782948194,20.00849264985559,39.98948599700385,108.89352549184132,0.0210157618055943,0.0175591355674009,1.099059012327668,0.3328164484263726,9.544216751478476,0.7687985865724382,0.0,2.275171982489056,0.0146939472787082,0.6991869918699187,0.0,0.0,0.0,0.6327652556349642,0.1237102321582115,0.0,0.0,11.18040196862843,0.0127580751205771,0.0070640937284631,-30.937091909240458,-654300000.0,7445200000.0,-13014700000.0,11629100000.0,910250000.0,306450000.0,286350000.0,45.82706362854686,37.81907942500363,37.80601132568608,1.963905013192612,2.379751209398756,2.380573798824749,0.0233277409001385,0.5182739208118019,1995-07-20,0.35,amc,,2025-04-25,1995-06-30,0.0571428571428572,16.867460317460317,747111.1111111111
1995-03-31,EIX,USD,827052,1995-05-11,1995-05-11 00:00:00,1995,Q1,1822000000.0,651600000.0,1170400000.0,0.6423710209,0,0.0,0.0,0.0,712300000.0,712300000.0,1363900000.0,0.0,0.0,310900000.0,769000000.0,0.4220636663,458100000.0,0.2514270033,-192900000.0,265200000.0,0.1455543359,111700000.0,153500000.0,0.084248079,0.34,0.34,451470588,451470588,https://www.sec.gov/Archives/edgar/data/827052/000082705295000022/0000827052-95-000022-index.html,https://www.sec.gov/Archives/edgar/data/827052/,4.035700327836196,0.3400000001771987,1.3837003264540455,0.839257329427626,0.6306058635208369,16.60218893373404,16.60218893373404,15.279400659429005,15.579752451116484,7056485290.440001,13805585290.44,11.492647052833876,3.8729337488693742,11.29579844795902,18.623608578622328,1.0229458830477516,1.0229458830477516,7.577159874006586,17.952646671573472,22.09954424594205,36.43596012256532,0.0217530390388482,0.0536952865916587,1.0196573019048447,0.3176950420278138,8.776462938881664,0.6451253067598721,0.0,4.06970684039088,0.0158719242498437,0.7296416938110749,0.0,0.0,0.0,0.3934688650552265,0.134906695938529,0.0,0.0,10.811448335239382,0.0132861727374488,0.0069331213499487,-30.04304236093449,-954400000.0,7495400000.0,-12909700000.0,11396100000.0,924000000.0,368250000.0,264700000.0,43.12294182217344,44.68232044198895,39.14364640883978,2.087056128293242,2.014219474497682,2.299223712067749,0.0222521817285668,0.5444429970264199,1995-04-20,0.33,amc,,2025-04-25,1995-03-31,0.0606060606060604,15.748571428571427,810590.4761904762
1994-12-31,EIX,USD,827052,1995-03-29,1995-03-29 00:00:00,1994,Q4,2042100000.0,837000000.0,1205100000.0,0.5901278096,0,0.0,0.0,0.0,856600000.0,856600000.0,1693600000.0,0.0,0.0,223800000.0,572300000.0,0.2802507223,348500000.0,0.1706576563,-129300000.0,219200000.0,0.1073404828,85300000.0,133900000.0,0.0655697566,0.3,0.3,446777394,447377049,https://www.sec.gov/Archives/edgar/data/827052/000082705295000019/0000827052-95-000019-index.html,https://www.sec.gov/Archives/edgar/data/827052/,4.570732600674062,0.2997018242153944,0.7316842892906081,0.0969162732526256,1.1952260950785707,16.713021071070575,16.713021071070575,15.365593900214208,16.61677627315226,6536353274.22,13426353274.22,12.203796255078418,3.200799801292787,19.99496260085653,150.95504097505776,0.9521272067327022,0.9521272067327022,6.574777569276725,23.46034120954045,41.07174449134292,310.0774428226328,0.0204854288595621,0.0066244889441302,1.081427530954115,0.3315765966949531,12.039140311025688,0.6759581881533101,0.0,2.4413741598207617,0.018221169359028,0.8894697535474234,0.0,0.0,0.0,0.8675435913123279,0.1388766465892953,0.0,0.0,10.179129223369774,0.0104817280150369,0.0059803483698079,-30.29416927034585,-1023000000.0,7467000000.0,-12789000000.0,11394000000.0,1107450000.0,418450000.0,248750000.0,42.97047157338034,44.40860215053763,26.451612903225808,2.0944615384615384,2.026634382566586,3.402439024390244,0.0195047341587764,0.6347680160379824,1995-01-19,0.3,amc,,2025-04-25,1994-12-31,0.1333333333333334,13.959206349206353,949506.380952381
1994-09-30,EIX,USD,827052,1994-11-10,1994-11-10 00:00:00,1994,Q3,2678100000.0,1197200000.0,1480900000.0,0.5529666555,0,0.0,0.0,0.0,733800000.0,733800000.0,1931000000.0,0.0,0.0,414200000.0,1161300000.0,0.4336283186,747100000.0,0.2789664314,-278500000.0,468600000.0,0.1749747956,195700000.0,272900000.0,0.1019006012,0.61,0.61,447377049,447377049,https://www.sec.gov/Archives/edgar/data/827052/000082705294000033/0000827052-94-000033-index.html,https://www.sec.gov/Archives/edgar/data/827052/,5.986225726121234,0.6100000002458776,1.7678600226986612,1.0688970323106584,0.8433602055433111,16.349743502376224,16.349743502376224,15.10046171367186,16.175617448806587,5762216391.12,12621516391.12,5.27868852246244,2.151606135364624,7.285644697332153,12.049804247427854,0.8529540516193973,0.8529540516193973,4.712862249774093,10.8684374331525,15.958422545353391,26.39380257448766,0.0473602484662948,0.0829889000241194,1.0712001894724377,0.3215094943176265,5.906570223025919,0.6511667278011343,0.0,2.8981311835837302,0.01943696529214,0.4104067423964822,0.0,0.0,0.0,0.395372360601846,0.1167618834248161,0.0,0.0,14.396313316390616,0.0219020547261177,0.0121244701930851,-30.758674435263664,-1236300000.0,7314500000.0,-12885900000.0,11143400000.0,1093950000.0,391700000.0,252950000.0,41.66797356334715,31.866855997327097,18.906615436017372,2.159932252601016,2.824251002594952,4.760238568588469,0.0403961158150275,0.6989629903880027,1994-10-20,0.59,amc,,2025-04-25,1994-09-30,0.0338983050847458,13.15296875,831031.265625
1994-06-30,EIX,USD,827052,1994-08-11,1994-08-11 00:00:00,1994,Q2,1858500000.0,736000000.0,1122500000.0,0.6039817057,0,0.0,0.0,0.0,755700000.0,755700000.0,1491700000.0,0.0,0.0,258400000.0,625200000.0,0.3364003228,366800000.0,0.1973634652,-127900000.0,251000000.0,0.135055152,109200000.0,141800000.0,0.0762980899,0.32,0.32,443125000,443125000,https://www.sec.gov/Archives/edgar/data/827052/000082705294000020/0000827052-94-000020-index.html,https://www.sec.gov/Archives/edgar/data/827052/,4.19407616361072,0.32,0.8679266572637517,0.2748660084626234,1.2204231311706628,14.88203102961918,14.88203102961918,14.88203102961918,17.294668547249646,5707450000.0,12830350000.0,10.0625,3.0709981167608285,14.839963598543942,46.85919540229885,0.8654732660055198,0.8654732660055198,6.903605057842346,20.52199296225208,33.36024440977639,105.33949096880131,0.0248447204968944,0.0213405286073465,1.162117490067631,0.3562920742366199,11.39299424184261,0.6040785035265256,0.0,2.7122708039492243,0.0278408045624578,1.120592383638928,0.0,0.0,0.0,0.6833073322932918,0.1414043583535109,0.0,0.0,10.351358529838397,0.0105709429102615,0.0065924052516085,-30.54668547249647,-1291100000.0,6594600000.0,-12945100000.0,11041400000.0,878850000.0,357050000.0,241350000.0,45.907990314769975,43.96059782608695,31.10869565217391,1.960443037974684,2.047287899860918,2.893081761006289,0.0215024413914414,0.5930606488011283,1994-07-21,0.33,amc,,2025-04-25,1994-06-30,-0.0303030303030303,14.708064516129031,1153366.1290322582
1994-03-31,EIX,USD,827052,1994-05-12,1994-05-12 00:00:00,1994,Q1,1728700000.0,681900000.0,1046800000.0,0.6055417366,0,0.0,0.0,0.0,696600000.0,696600000.0,1378500000.0,0.0,0.0,257000000.0,607200000.0,0.3512466015,350200000.0,0.2025799734,-137000000.0,223200000.0,0.1291143634,90800000.0,132400000.0,0.0765893446,0.3,0.3,441333333,441333333,https://www.sec.gov/Archives/edgar/data/827052/000082705294000017/0000827052-94-000017-index.html,https://www.sec.gov/Archives/edgar/data/827052/,3.9169939606623823,0.3000000002265861,1.2407854994265752,0.6111027194947906,0.977945620073977,14.874924482533933,14.874924482533933,14.874924482533933,16.889048351124657,7281999994.5,14304099994.5,13.749999989614803,4.212413949499624,13.298027747443388,27.00037076195773,1.1092493289209115,1.1092493289209115,8.274483712905651,23.557476934288538,26.12143899653032,53.03707821468298,0.0181818181955506,0.0370365284542297,1.1354039727029004,0.3518834120940596,11.564723320158103,0.5582562231200313,0.0,4.13595166163142,0.0218346608239619,1.200906344410876,0.0,0.0,0.0,0.5074872169466764,0.1607566379360213,0.0,0.0,10.020266480136105,0.0107490531073858,0.0062505015980323,-30.50862917712132,-1355800000.0,6564800000.0,-12904100000.0,10955900000.0,,,,42.15479840342454,46.801583809942805,30.13198416190057,2.134988267259479,1.9230118443316413,2.9868593955321945,0.0201681696319766,0.6296827799317846,1994-04-21,0.31,amc,,2025-04-25,1994-03-31,-0.032258064516129,18.55,1029147.619047619
1993-12-31,EIX,USD,827052,1994-03-21,1994-03-21 00:00:00,1993,Q4,1844400000.0,0.0,1844400000.0,1.0,0,0.0,0.0,0.0,0.0,0.0,0.0,0.0,0.0,0.0,1844400000.0,1.0,1844400000.0,1.0,-1844400000.0,0.0,0.0,-137700000.0,137700000.0,0.0746584255,0.31,0.31,444644730,449574468,https://www.sec.gov/Archives/edgar/data/827052/000095015094000418/0000950150-94-000418-index.html,https://www.sec.gov/Archives/edgar/data/827052/,4.148030721065783,0.309685442577943,,,,,,,,8892894600.0,,16.14541503267974,4.821565061808719,0.0,0.0,0.0,0.0,,,0.0,0.0,0.0154842721288971,,0.0,0.0,,0.0,0.0,0.0,0.01775,1.1463244673202615,0.0,0.0,0.0,0.0,,0.0,,,0.0,0.0,,,,,,,,,,0.0,0.0,0.0,0.0,0.0,0.0,,1994-01-21,0.36,amc,,2025-04-25,1993-12-31,-0.111111111111111,21.0375,1418637.5
1993-09-30,EIX,USD,827052,1993-09-30,1993-09-29 20:00:00,1993,Q3,2423900000.0,0.0,2423900000.0,1.0,0,0.0,0.0,0.0,0.0,0.0,0.0,0.0,0.0,0.0,2423900000.0,1.0,2423900000.0,1.0,-2423900000.0,0.0,0.0,-211300000.0,211300000.0,0.0871735633,0.47,0.47,449574468,449574468,,,5.391542831120027,0.470000000088973,,,,,,,,10511051061.84,,12.436170210411737,4.336421082486901,0.0,0.0,0.0,0.0,,,0.0,0.0,0.0201026518429843,,0.0,0.0,,0.0,0.0,0.0,0.0151839178785286,0.755319148793185,0.0,0.0,0.0,0.0,,0.0,,,0.0,0.0,,,,,,,,,,0.0,0.0,0.0,0.0,0.0,0.0,,1993-10-22,0.65,amc,,2025-04-25,1993-09-30,-0.0769230769230769,24.4521875,474946.875
1993-06-30,EIX,USD,827052,1993-06-30,1993-06-29 20:00:00,1993,Q2,1767700000.0,0.0,1767700000.0,1.0,0,0.0,0.0,0.0,0.0,0.0,0.0,0.0,0.0,0.0,1767700000.0,1.0,1767700000.0,1.0,-1767700000.0,0.0,0.0,-141100000.0,141100000.0,0.0798212366,0.32,0.32,440937500,440937500,,,4.0089581856839125,0.32,,,,,,,,10692734375.0,,18.9453125,6.048953088759405,0.0,0.0,0.0,0.0,,,0.0,0.0,0.0131958762886597,,0.0,0.0,,0.0,0.0,0.0,0.0290721649484536,2.203125,0.0,0.0,0.0,0.0,,0.0,,,0.0,0.0,,,,,,,,,,0.0,0.0,0.0,0.0,0.0,0.0,,1993-07-16,0.35,amc,,2025-04-25,1993-06-30,-0.0857142857142856,24.072222222222223,478934.9206349207
1993-03-31,EIX,USD,827052,1993-03-31,1993-03-30 19:00:00,1993,Q1,1785000000.0,0.0,1785000000.0,1.0,0,0.0,0.0,0.0,0.0,0.0,0.0,0.0,0.0,0.0,1785000000.0,1.0,1785000000.0,1.0,-1785000000.0,0.0,0.0,-148900000.0,148900000.0,0.0834173669,0.34,0.34,437941176,437941176,,,4.075889863345482,0.3400000003653459,,,,,,,,10348549988.88,,17.37499998132975,5.797506996571428,0.0,0.0,0.0,0.0,,,0.0,0.0,0.0143884892240941,,0.0,0.0,,0.0,0.0,0.0,0.0148116800677105,1.0294117635997313,0.0,0.0,0.0,0.0,,0.0,,,0.0,0.0,,,,,,,,,,0.0,0.0,0.0,0.0,0.0,0.0,,1993-05-04,0.36,amc,,2025-04-25,1993-03-31,-0.0555555555555554,23.305,597603.2258064516
1992-12-31,EIX,USD,827052,1992-12-31,1992-12-30 19:00:00,1992,Q4,1954100000.0,0.0,1954100000.0,1.0,0,0.0,0.0,0.0,0.0,0.0,0.0,0.0,0.0,0.0,1954100000.0,1.0,1954100000.0,1.0,-1954100000.0,0.0,0.0,-152000000.0,152000000.0,0.0777851696,0.34,0.34,446393443,446393443,,,4.377528457558459,0.3405067936896196,,,,,,,,9820655746.0,,16.152394319078947,5.025666929021033,0.0,0.0,0.0,0.0,,,0.0,0.0,0.0154775815313463,,0.0,0.0,,0.0,0.0,0.0,0.0159090909090909,1.027879638486842,0.0,0.0,0.0,0.0,,0.0,,,0.0,0.0,,,,,,,,,,0.0,0.0,0.0,0.0,0.0,0.0,,1992-12-30,,amc,,2025-04-25,1992-12-31,,22.095,496425.0
1992-09-30,EIX,USD,827052,1992-09-30,1992-09-29 20:00:00,1992,Q3,2550000000.0,0.0,2550000000.0,1.0,0,0.0,0.0,0.0,0.0,0.0,0.0,0.0,0.0,0.0,2550000000.0,1.0,2550000000.0,1.0,-2550000000.0,0.0,0.0,-272300000.0,272300000.0,0.1067843137,0.61,0.61,446393443,446393443,,,5.712449499398224,0.6099999994847595,,,,,,,,10101883615.09,,9.274590171768269,3.961522986309804,0.0,0.0,0.0,0.0,,,0.0,0.0,0.026955368956463,,0.0,0.0,,0.0,0.0,0.0,0.0154661953159522,0.5737704922879177,0.0,0.0,0.0,0.0,,0.0,,,0.0,0.0,,,,,,,,,,0.0,0.0,0.0,0.0,0.0,0.0,,1993-01-22,0.38,amc,,2025-04-25,1992-09-30,-0.0263157894736842,23.18578125,470934.375
1992-06-30,EIX,USD,827052,1992-06-30,1992-06-29 20:00:00,1992,Q2,1765500000.0,0.0,1765500000.0,1.0,0,0.0,0.0,0.0,0.0,0.0,0.0,0.0,0.0,0.0,1765500000.0,1.0,1765500000.0,1.0,-1765500000.0,0.0,0.0,-158100000.0,158100000.0,0.0895497026,0.36,0.36,439166667,439166667,,,4.02011384894109,0.3599999997267552,,,,,,,,9718758340.71,,15.368055567220113,5.504819224418012,0.0,0.0,0.0,0.0,,,0.0,0.0,0.0162675101548466,,0.0,0.0,,0.0,0.0,0.0,0.0249435155896972,1.5333333344971538,0.0,0.0,0.0,0.0,,0.0,,,0.0,0.0,,,,,,,,,,0.0,0.0,0.0,0.0,0.0,0.0,,1992-06-29,,amc,,2025-04-25,1992-06-30,,21.64047619047619,498876.1904761905
1992-03-31,EIX,USD,827052,1992-03-31,1992-03-30 19:00:00,1992,Q1,1714400000.0,0.0,1714400000.0,1.0,0,0.0,0.0,0.0,0.0,0.0,0.0,0.0,0.0,0.0,1714400000.0,1.0,1714400000.0,1.0,-1714400000.0,0.0,0.0,-156600000.0,156600000.0,0.0913439104,0.36,0.36,435000000,435000000,,,3.941149425287356,0.36,,,,,,,,8865300000.0,,14.152777777777777,5.171080261315912,0.0,0.0,0.0,0.0,,,0.0,0.0,0.0176643768400392,,0.0,0.0,,0.0,0.0,0.0,0.0099116781157998,0.5611111111111111,0.0,0.0,0.0,0.0,,0.0,,,0.0,0.0,,,,,,,,,,0.0,0.0,0.0,0.0,0.0,0.0,,1992-03-30,,amc,,2025-04-25,1992-03-31,,21.02952380952381,632326.9841269841
1991-12-31,EIX,USD,827052,1991-12-31,1991-12-30 19:00:00,1991,Q4,1886600000.0,0.0,1886600000.0,1.0,0,0.0,0.0,0.0,0.0,0.0,0.0,0.0,0.0,0.0,1886600000.0,1.0,1886600000.0,1.0,-1886600000.0,0.0,0.0,-114900000.0,114900000.0,0.0609032121,0.26,0.26,435614035,435614035,,,4.330898108000584,0.2637656061747414,,,,,,,,10184656138.3,,22.159826236510007,5.398418391974981,0.0,0.0,0.0,0.0,,,0.0,0.0,0.0112816769108101,,0.0,0.0,,0.0,0.0,0.0,0.0290846877673225,2.5780465082680597,0.0,0.0,0.0,0.0,,0.0,,,0.0,0.0,,,,,,,,,,0.0,0.0,0.0,0.0,0.0,0.0,,1991-12-30,,amc,,2025-04-25,1991-12-31,,22.5465625,473881.25
1991-09-30,EIX,USD,827052,1991-09-30,1991-09-29 20:00:00,1991,Q3,2250800000.0,0.0,2250800000.0,1.0,0,0.0,0.0,0.0,0.0,0.0,0.0,0.0,0.0,0.0,2250800000.0,1.0,2250800000.0,1.0,-2250800000.0,0.0,0.0,-248300000.0,248300000.0,0.110316332,0.57,0.57,435614035,435614035,,,5.166959324439581,0.5700000001147805,,,,,,,,9666275436.65,,9.73245613839106,4.294595449018127,0.0,0.0,0.0,0.0,,,0.0,0.0,0.0256872465126084,,0.0,0.0,,0.0,0.0,0.0,,,0.0,0.0,0.0,0.0,,0.0,,,0.0,0.0,,,,,,,,,,0.0,0.0,0.0,0.0,0.0,0.0,,1991-09-29,,amc,,2025-04-25,1991-09-30,,21.12875,550468.75
1991-06-30,EIX,USD,827052,1991-06-30,1991-06-29 20:00:00,1991,Q2,1695100000.0,0.0,1695100000.0,1.0,0,0.0,0.0,0.0,0.0,0.0,0.0,0.0,0.0,0.0,1695100000.0,1.0,1695100000.0,1.0,-1695100000.0,0.0,0.0,-167500000.0,167500000.0,0.0988142292,0.39,0.39,429487179,429487179,,,3.9468000044769673,0.3900000004423881,,,,,,,,8456602554.51,,12.621794857477612,4.988851722323167,0.0,0.0,0.0,0.0,,,0.0,0.0,0.0198070086562919,,0.0,0.0,,0.0,0.0,0.0,0.0340274250888776,1.717948716,0.0,0.0,0.0,0.0,,0.0,,,0.0,0.0,,,,,,,,,,0.0,0.0,0.0,0.0,0.0,0.0,,1991-06-29,,amc,,2025-04-25,1991-06-30,,19.5015625,552084.375
1991-03-31,EIX,USD,827052,1991-03-31,1991-03-30 19:00:00,1991,Q1,1670000000.0,0.0,1670000000.0,1.0,0,0.0,0.0,0.0,0.0,0.0,0.0,0.0,0.0,0.0,1670000000.0,1.0,1670000000.0,1.0,-1670000000.0,0.0,0.0,-171800000.0,171800000.0,0.1028742515,0.4,0.4,429500000,429500000,,,3.8882421420256112,0.4,,,,,,,,8293644999.999999,,12.068749999999998,4.966254491017963,0.0,0.0,0.0,0.0,,,0.0,0.0,0.0207146556188503,,0.0,0.0,,0.0,0.0,0.0,,,0.0,0.0,0.0,0.0,,0.0,,,0.0,0.0,,,,,,,,,,0.0,0.0,0.0,0.0,0.0,0.0,,1991-03-30,,amc,,2025-04-25,1991-03-31,,19.071803278688524,601780.3278688524
1990-12-31,EIX,USD,827052,1990-12-31,1990-12-30 19:00:00,1990,Q4,1755300000.0,0.0,1755300000.0,1.0,0,0.0,0.0,0.0,0.0,0.0,0.0,0.0,0.0,0.0,1755300000.0,1.0,1755300000.0,1.0,-1755300000.0,0.0,0.0,-182400000.0,182400000.0,0.1039138609,0.42,0.42,433333333,433333333,,,4.050692310808225,0.4209230772468639,,,,,,,,8207333327.02,,11.249086248656798,4.6757439338118845,0.0,0.0,0.0,0.0,,,0.0,0.0,0.0222240273097605,,0.0,0.0,,0.0,0.0,0.0,0.0348468848996832,1.5679824549342107,0.0,0.0,0.0,0.0,,0.0,,,0.0,0.0,,,,,,,,,,0.0,0.0,0.0,0.0,0.0,0.0,,1990-12-30,,amc,,2025-04-25,1990-12-31,,19.24078125,661006.25
1990-09-30,EIX,USD,827052,1990-09-30,1990-09-29 20:00:00,1990,Q3,2257600000.0,0.0,2257600000.0,1.0,0,0.0,0.0,0.0,0.0,0.0,0.0,0.0,0.0,0.0,2257600000.0,1.0,2257600000.0,1.0,-2257600000.0,0.0,0.0,-286000000.0,286000000.0,0.1266832034,0.66,0.66,433333333,433333333,,,5.209846157853728,0.6600000005076923,,,,,,,,7882333327.27,,6.8901515098514,3.4914658607680726,0.0,0.0,0.0,0.0,,,0.0,0.0,0.0362836723753541,,0.0,0.0,,0.0,0.0,0.0,,,0.0,0.0,0.0,0.0,,0.0,,,0.0,0.0,,,,,,,,,,0.0,0.0,0.0,0.0,0.0,0.0,,1990-09-29,,amc,,2025-04-25,1990-09-30,,18.24936507936508,551266.6666666666
1990-06-30,EIX,USD,827052,1990-06-30,1990-06-29 20:00:00,1990,Q2,1594800000.0,0.0,1594800000.0,1.0,0,0.0,0.0,0.0,0.0,0.0,0.0,0.0,0.0,0.0,1594800000.0,1.0,1594800000.0,1.0,-1594800000.0,0.0,0.0,-146400000.0,146400000.0,0.0917983446,0.34,0.34,430588235,430588235,,,3.7037704943331766,0.3400000002322404,,,,,,,,8073529406.25,,13.786764696465164,5.062408707204665,0.0,0.0,0.0,0.0,,,0.0,0.0,0.0181333333457194,,0.0,0.0,,0.0,0.0,0.0,0.0346666666666666,1.9117647045765027,0.0,0.0,0.0,0.0,,0.0,,,0.0,0.0,,,,,,,,,,0.0,0.0,0.0,0.0,0.0,0.0,,1990-06-29,,amc,,2025-04-25,1990-06-30,,18.95873015873016,436546.0317460318
1990-03-31,EIX,USD,827052,1990-03-31,1990-03-30 19:00:00,1990,Q1,1590800000.0,0.0,1590800000.0,1.0,0,0.0,0.0,0.0,0.0,0.0,0.0,0.0,0.0,0.0,1590800000.0,1.0,1590800000.0,1.0,-1590800000.0,0.0,0.0,-171600000.0,171600000.0,0.107870254,0.4,0.4,429000000,429000000,,,3.708158508158508,0.4,,,,,,,,7992270000.0,,11.64375,5.024057078199648,0.0,0.0,0.0,0.0,,,0.0,0.0,0.0214707461084272,,0.0,0.0,,0.0,0.0,0.0,0.0171765968867418,0.8,0.0,0.0,0.0,0.0,,0.0,,,0.0,0.0,,,,,,,,,,0.0,0.0,0.0,0.0,0.0,0.0,,1990-03-30,,amc,,2025-04-25,1990-03-31,,19.034920634920635,564707.9365079365
1989-12-31,EIX,USD,827052,1989-12-31,1989-12-30 19:00:00,1989,Q4,1239700000.0,0.0,1239700000.0,1.0,0,0.0,0.0,0.0,0.0,0.0,0.0,0.0,0.0,0.0,1239700000.0,1.0,1239700000.0,1.0,-1239700000.0,0.0,0.0,-118800000.0,118800000.0,0.0958296362,0.27,0.27,435760870,435760870,,,2.844908952013061,0.2726265899000982,,,,,,,,8771866313.1,,18.459314631944444,7.075797622892636,0.0,0.0,0.0,0.0,,,0.0,0.0,0.0135432980576303,,0.0,0.0,,0.0,0.0,0.0,0.0158966716343765,1.1737666531986533,0.0,0.0,0.0,0.0,,0.0,,,0.0,0.0,,,,,,,,,,0.0,0.0,0.0,0.0,0.0,0.0,,1989-12-30,,amc,,2025-04-25,1989-12-31,,,
1989-09-30,EIX,USD,827052,1989-09-30,1989-09-29 20:00:00,1989,Q3,2182200000.0,0.0,2182200000.0,1.0,0,0.0,0.0,0.0,0.0,0.0,0.0,0.0,0.0,0.0,2182200000.0,1.0,2182200000.0,1.0,-2182200000.0,0.0,0.0,-400900000.0,400900000.0,0.1837136834,0.92,0.92,435760870,435760870,,,5.007792461952814,0.9199999990820652,,,,,,,,7791404355.599999,,4.858695657021701,3.570435503436898,0.0,0.0,0.0,0.0,,,0.0,0.0,0.0514541386511222,,0.0,0.0,,0.0,0.0,0.0,0.017897091722595,0.347826087303567,0.0,0.0,0.0,0.0,,0.0,,,0.0,0.0,,,,,,,,,,0.0,0.0,0.0,0.0,0.0,0.0,,1989-09-29,,amc,,2025-04-25,1989-09-30,,,
1989-06-30,EIX,USD,827052,1989-06-30,1989-06-29 20:00:00,1989,Q2,1572200000.0,0.0,1572200000.0,1.0,0,0.0,0.0,0.0,0.0,0.0,0.0,0.0,0.0,0.0,1572200000.0,1.0,1572200000.0,1.0,-1572200000.0,0.0,0.0,-141000000.0,141000000.0,0.0896832464,0.33,0.33,427272727,427272727,,,3.679617023625288,0.3300000002106383,,,,,,,,7425999995.259999,,13.166666658262413,4.723317641050756,0.0,0.0,0.0,0.0,,,0.0,0.0,0.0189873417842714,,0.0,0.0,,0.0,0.0,0.0,0.0362485615650172,1.9090909078723404,0.0,0.0,0.0,0.0,,0.0,,,0.0,0.0,,,,,,,,,,0.0,0.0,0.0,0.0,0.0,0.0,,1989-06-29,,amc,,2025-04-25,1989-06-30,,,
1989-03-31,EIX,USD,827052,1989-03-31,1989-03-30 19:00:00,1989,Q1,1530000000.0,0.0,1530000000.0,1.0,0,0.0,0.0,0.0,0.0,0.0,0.0,0.0,0.0,0.0,1530000000.0,1.0,1530000000.0,1.0,-1530000000.0,0.0,0.0,0.0,0.0,0.0,0.27,0.27,436904000,436904000,,,3.501913463827294,0.0,,,,,,,,6964249760.0,,0.0,4.55179722875817,0.0,0.0,0.0,0.0,,,0.0,0.0,0.0,,0.0,0.0,,0.0,0.0,0.0,0.0194479297365119,0.0,0.0,0.0,0.0,0.0,,0.0,,,0.0,0.0,,,,,,,,,,0.0,0.0,0.0,0.0,0.0,0.0,,1989-03-30,,amc,,2025-04-25,1989-03-31,,,
1988-12-31,EIX,USD,827052,1988-12-31,1988-12-30 19:00:00,1988,Q4,1538700000.0,0.0,1538700000.0,1.0,0,0.0,0.0,0.0,0.0,0.0,0.0,0.0,0.0,0.0,1538700000.0,1.0,1538700000.0,1.0,-1538700000.0,0.0,0.0,0.0,0.0,0.0,0.0,0.0,436904000,436904000,,,3.521826305092194,0.0,,,,,,,,7073475760.000001,,0.0,4.597046701761228,0.0,0.0,0.0,0.0,,,0.0,0.0,0.0,,0.0,0.0,,0.0,0.0,0.0,0.019147621988882,0.0,0.0,0.0,0.0,0.0,,0.0,,,0.0,0.0,,,,,,,,,,0.0,0.0,0.0,0.0,0.0,0.0,,1988-12-30,,amc,,2025-04-25,1988-12-31,,,
1988-09-30,EIX,USD,827052,1988-09-30,1988-09-29 20:00:00,1988,Q3,2029000000.0,0.0,2029000000.0,1.0,0,0.0,0.0,0.0,0.0,0.0,0.0,0.0,0.0,0.0,2029000000.0,1.0,2029000000.0,1.0,-2029000000.0,0.0,0.0,0.0,0.0,0.0,0.9,0.9,436904000,436904000,,,4.644040796147437,0.0,,,,,,,,7156487520.0,,0.0,3.5271007984228686,0.0,0.0,0.0,0.0,,,0.0,0.0,0.0,,0.0,0.0,,0.0,0.0,0.0,0.0189255189255189,0.0,0.0,0.0,0.0,0.0,,0.0,,,0.0,0.0,,,,,,,,,,0.0,0.0,0.0,0.0,0.0,0.0,,1988-09-29,,amc,,2025-04-25,1988-09-30,,,
1988-06-30,EIX,USD,827052,1988-06-30,1988-06-29 20:00:00,1988,Q2,1353000000.0,0.0,1353000000.0,1.0,0,0.0,0.0,0.0,0.0,0.0,0.0,0.0,0.0,0.0,1353000000.0,1.0,1353000000.0,1.0,-1353000000.0,0.0,0.0,0.0,0.0,0.0,0.34,0.34,436904000,436904000,,,3.096790141541391,0.0,,,,,,,,7156487520.0,,0.0,5.28934776053215,0.0,0.0,0.0,0.0,,,0.0,0.0,0.0,,0.0,0.0,,0.0,0.0,0.0,0.0378510378510378,0.0,0.0,0.0,0.0,0.0,,0.0,,,0.0,0.0,,,,,,,,,,0.0,0.0,0.0,0.0,0.0,0.0,,1988-06-29,,amc,,2025-04-25,1988-06-30,,,
1988-03-31,EIX,USD,827052,1988-03-31,1988-03-30 19:00:00,1988,Q1,1332000000.0,0.0,1332000000.0,1.0,0,0.0,0.0,0.0,0.0,0.0,0.0,0.0,0.0,0.0,1332000000.0,1.0,1332000000.0,1.0,-1332000000.0,0.0,0.0,0.0,0.0,0.0,0.27,0.27,436584000,436584000,,,3.050959265570887,0.0,,,,,,,,6714661920.0,,0.0,5.041037477477477,0.0,0.0,0.0,0.0,,,0.0,0.0,0.0,,0.0,0.0,,0.0,0.0,0.0,0.0193433029908972,0.0,0.0,0.0,0.0,0.0,,0.0,,,0.0,0.0,,,,,,,,,,0.0,0.0,0.0,0.0,0.0,0.0,,1988-03-30,,amc,,2025-04-25,1988-03-31,,,
1987-12-31,EIX,USD,827052,1987-12-31,1987-12-30 19:00:00,1987,Q4,1346000000.0,0.0,1346000000.0,1.0,0,0.0,0.0,0.0,0.0,0.0,0.0,0.0,0.0,0.0,1346000000.0,1.0,1346000000.0,1.0,-1346000000.0,0.0,0.0,0.0,0.0,0.0,0.0,0.0,433936000,433936000,,,3.1018399026584564,0.0,,,,,,,,6617524000.0,,0.0,4.916436849925706,0.0,0.0,0.0,0.0,,,0.0,0.0,0.0,,0.0,0.0,,0.0,0.0,0.0,0.0195081967213114,0.0,0.0,0.0,0.0,0.0,,0.0,,,0.0,0.0,,,,,,,,,,0.0,0.0,0.0,0.0,0.0,0.0,,1987-12-30,,amc,,2025-04-25,1987-12-31,,,
1987-09-30,EIX,USD,827052,1987-09-30,1987-09-29 20:00:00,1987,Q3,1487500000.0,0.0,1487500000.0,1.0,0,0.0,0.0,0.0,0.0,0.0,0.0,0.0,0.0,0.0,1487500000.0,1.0,1487500000.0,1.0,-1487500000.0,0.0,0.0,0.0,0.0,0.0,0.49,0.49,433936000,433936000,,,3.4279248552781976,0.0,,,,,,,,6808455840.0,,0.0,4.577113169747899,0.0,0.0,0.0,0.0,,,0.0,0.0,0.0,,0.0,0.0,,0.0,0.0,0.0,0.0189611217335882,0.0,0.0,0.0,0.0,0.0,,0.0,,,0.0,0.0,,,,,,,,,,0.0,0.0,0.0,0.0,0.0,0.0,,1987-09-29,,amc,,2025-04-25,1987-09-30,,,
1987-06-30,EIX,USD,827052,1987-06-30,1987-06-29 20:00:00,1987,Q2,1331600000.0,0.0,1331600000.0,1.0,0,0.0,0.0,0.0,0.0,0.0,0.0,0.0,0.0,0.0,1331600000.0,1.0,1331600000.0,1.0,-1331600000.0,0.0,0.0,0.0,0.0,0.0,0.43,0.43,433890000,433890000,,,3.068980617207126,0.0,,,,,,,,6673228200.0,,0.0,5.011436016821868,0.0,0.0,0.0,0.0,,,0.0,0.0,0.0,,0.0,0.0,,0.0,0.0,0.0,0.0378738621586475,0.0,0.0,0.0,0.0,0.0,,0.0,,,0.0,0.0,,,,,,,,,,0.0,0.0,0.0,0.0,0.0,0.0,,1987-06-29,,amc,,2025-04-25,1987-06-30,,,
1987-03-31,EIX,USD,827052,1987-03-31,1987-03-30 19:00:00,1987,Q1,1283700000.0,0.0,1283700000.0,1.0,0,0.0,0.0,0.0,0.0,0.0,0.0,0.0,0.0,0.0,1283700000.0,1.0,1283700000.0,1.0,-1283700000.0,0.0,0.0,0.0,0.0,0.0,0.39,0.39,433814000,433814000,,,2.959102288077379,0.0,,,,,,,,6941024000.0,,0.0,5.407045259795902,0.0,0.0,0.0,0.0,,,0.0,0.0,0.0,,0.0,0.0,,0.0,0.0,0.0,0.0178125,0.0,0.0,0.0,0.0,0.0,,0.0,,,0.0,0.0,,,,,,,,,,0.0,0.0,0.0,0.0,0.0,0.0,,1987-03-30,,amc,,2025-04-25,1987-03-31,,,
1986-12-31,EIX,USD,827052,1986-12-31,1986-12-30 19:00:00,1986,Q4,1274800000.0,0.0,1274800000.0,1.0,0,0.0,0.0,0.0,0.0,0.0,0.0,0.0,0.0,0.0,1274800000.0,1.0,1274800000.0,1.0,-1274800000.0,0.0,0.0,0.0,0.0,0.0,0.0,0.0,433364000,433364000,,,2.941637976389363,0.0,,,,,,,,7341186160.000001,,0.0,5.758696391590839,0.0,0.0,0.0,0.0,,,0.0,0.0,0.0,,0.0,0.0,,0.0,0.0,0.0,0.0168240850059031,0.0,0.0,0.0,0.0,0.0,,0.0,,,0.0,0.0,,,,,,,,,,0.0,0.0,0.0,0.0,0.0,0.0,,1986-12-30,,amc,,2025-04-25,1986-12-31,,,
1986-09-30,EIX,USD,827052,1986-09-30,1986-09-29 20:00:00,1986,Q3,1550000000.0,0.0,1550000000.0,1.0,0,0.0,0.0,0.0,0.0,0.0,0.0,0.0,0.0,0.0,1550000000.0,1.0,1550000000.0,1.0,-1550000000.0,0.0,0.0,0.0,0.0,0.0,0.47,0.47,433364000,433364000,,,3.5766699587413813,0.0,,,,,,,,7042165000.0,,0.0,4.543332258064516,0.0,0.0,0.0,0.0,,,0.0,0.0,0.0,,0.0,0.0,,0.0,0.0,0.0,0.0175384615384615,0.0,0.0,0.0,0.0,0.0,,0.0,,,0.0,0.0,,,,,,,,,,0.0,0.0,0.0,0.0,0.0,0.0,,1986-09-29,,amc,,2025-04-25,1986-09-30,,,
1986-06-30,EIX,USD,827052,1986-06-30,1986-06-29 20:00:00,1986,Q2,1210700000.0,0.0,1210700000.0,1.0,0,0.0,0.0,0.0,0.0,0.0,0.0,0.0,0.0,0.0,1210700000.0,1.0,1210700000.0,1.0,-1210700000.0,0.0,0.0,0.0,0.0,0.0,0.42,0.42,433354000,433354000,,,2.793789834638656,0.0,,,,,,,,6799324260.0,,0.0,5.616027306516891,0.0,0.0,0.0,0.0,,,0.0,0.0,0.0,,0.0,0.0,,0.0,0.0,0.0,0.0181644359464627,0.0,0.0,0.0,0.0,0.0,,0.0,,,0.0,0.0,,,,,,,,,,0.0,0.0,0.0,0.0,0.0,0.0,,1986-06-29,,amc,,2025-04-25,1986-06-30,,,
1986-03-31,EIX,USD,827052,1986-03-31,1986-03-30 19:00:00,1986,Q1,1240000000.0,0.0,1240000000.0,1.0,0,0.0,0.0,0.0,0.0,0.0,0.0,0.0,0.0,0.0,1240000000.0,1.0,1240000000.0,1.0,-1240000000.0,0.0,0.0,0.0,0.0,0.0,0.42,0.42,433354000,433354000,,,2.8614019946741003,0.0,,,,,,,,6773323020.0,,0.0,5.462357274193549,0.0,0.0,0.0,0.0,,,0.0,0.0,0.0,,0.0,0.0,,0.0,0.0,0.0,,0.0,0.0,0.0,0.0,0.0,,0.0,,,0.0,0.0,,,,,,,,,,0.0,0.0,0.0,0.0,0.0,0.0,,1986-03-30,,amc,,2025-04-25,1986-03-31,,,
1985-12-31,EIX,USD,827052,1985-12-31,1985-12-30 19:00:00,1985,Q4,1272300000.0,0.0,1272300000.0,1.0,0,0.0,0.0,0.0,0.0,0.0,0.0,0.0,0.0,0.0,1272300000.0,1.0,1272300000.0,1.0,-1272300000.0,0.0,0.0,0.0,0.0,0.0,0.0,0.0,430610000,430610000,,,2.954645735119946,0.0,,,,,,,,5731419100.0,,0.0,4.504770179988996,0.0,0.0,0.0,0.0,,,0.0,0.0,0.0,,0.0,0.0,,0.0,0.0,0.0,0.0405709992486852,0.0,0.0,0.0,0.0,0.0,,0.0,,,0.0,0.0,,,,,,,,,,0.0,0.0,0.0,0.0,0.0,0.0,,1985-12-30,,amc,,2025-04-25,1985-12-31,,,
1985-09-30,EIX,USD,827052,1985-09-30,1985-09-29 20:00:00,1985,Q3,1451700000.0,0.0,1451700000.0,1.0,0,0.0,0.0,0.0,0.0,0.0,0.0,0.0,0.0,0.0,1451700000.0,1.0,1451700000.0,1.0,-1451700000.0,0.0,0.0,0.0,0.0,0.0,0.45,0.45,430610000,430610000,,,3.371264020807692,0.0,,,,,,,,5007994300.0,,0.0,3.449744644210236,0.0,0.0,0.0,0.0,,,0.0,0.0,0.0,,0.0,0.0,,0.0,0.0,0.0,,0.0,0.0,0.0,0.0,0.0,,0.0,,,0.0,0.0,,,,,,,,,,0.0,0.0,0.0,0.0,0.0,0.0,,1985-09-29,,amc,,2025-04-25,1985-09-30,,,
