date,symbol,reportedCurrency,cik,fillingDate,acceptedDate,calendarYear,period,revenue,costOfRevenue,grossProfit,grossProfitRatio,researchAndDevelopmentExpenses,generalAndAdministrativeExpenses,sellingAndMarketingExpenses,sellingGeneralAndAdministrativeExpenses,otherExpenses,operatingExpenses,costAndExpenses,interestIncome,interestExpense,depreciationAndAmortization,ebitda,ebitdaratio,operatingIncome,operatingIncomeRatio,totalOtherIncomeExpensesNet,incomeBeforeTax,incomeBeforeTaxRatio,incomeTaxExpense,netIncome,netIncomeRatio,eps,epsdiluted,weightedAverageShsOut,weightedAverageShsOutDil,link,finalLink,revenuePerShare,netIncomePerShare,operatingCashFlowPerShare,freeCashFlowPerShare,cashPerShare,bookValuePerShare,tangibleBookValuePerShare,shareholdersEquityPerShare,interestDebtPerShare,marketCap,enterpriseValue,peRatio,priceToSalesRatio,pocfratio,pfcfRatio,pbRatio,ptbRatio,evToSales,enterpriseValueOverEBITDA,evToOperatingCashFlow,evToFreeCashFlow,earningsYield,freeCashFlowYield,debtToEquity,debtToAssets,netDebtToEBITDA,currentRatio,interestCoverage,incomeQuality,dividendYield,payoutRatio,salesGeneralAndAdministrativeToRevenue,researchAndDdevelopementToRevenue,intangiblesToTotalAssets,capexToOperatingCashFlow,capexToRevenue,capexToDepreciation,stockBasedCompensationToRevenue,grahamNumber,roic,returnOnTangibleAssets,grahamNetNet,workingCapital,tangibleAssetValue,netCurrentAssetValue,investedCapital,averageReceivables,averagePayables,averageInventory,daysSalesOutstanding,daysPayablesOutstanding,daysOfInventoryOnHand,receivablesTurnover,payablesTurnover,inventoryTurnover,roe,capexPerShare,report_date,epsEstimated,time,revenueEstimated,updatedFromDate,fiscalDateEnding,surprise(%),QuarterAvgPrice,QuarterAvgVolume
2025-03-31,EL,USD,1001250,2025-05-01,2025-05-01 12:01:58,2025,Q3,3550000000.0,889000000.0,2661000000.0,0.7495774648,0,0.0,0.0,2258000000.0,97000000.0,2355000000.0,3244000000.0,27000000.0,87000000.0,-22000000.0,306000000.0,0.0861971831,306000000.0,0.0861971831,-65000000.0,241000000.0,0.0678873239,82000000.0,159000000.0,0.0447887324,0.44,0.44,360300000,361400000,https://www.sec.gov/Archives/edgar/data/1001250/000100125025000060/0001001250-25-000060-index.htm,https://www.sec.gov/Archives/edgar/data/1001250/000100125025000060/el-20250331.htm,9.852900360810436,0.4412989175686928,0.7882320288648349,0.4496253122398002,7.302248126561199,12.0593949486539,12.0593949486539,12.0593949486539,26.28087704690536,23779800000.0,30530800000.0,37.38962264150943,6.698535211267606,83.73169014084506,146.7888888888889,5.472911392405063,5.472911392405063,8.600225352112677,99.77385620915032,107.50281690140844,188.46172839506173,0.0066863472358892,0.006812504730906,2.1592635212888376,0.471789198431057,22.062091503267972,1.4135777598710717,3.5172413793103448,1.7861635220125789,0.0052986147907047,0.7924528301886793,0.0,0.0,0.0,0.4295774647887324,0.0343661971830985,0.5754716981132075,0.0211267605633802,10.942598118862009,0.0135292733834195,0.0079955747762244,-29.382459061892867,2053000000.0,4345000000.0,-8524000000.0,6987000000.0,1701500000.0,1173500000.0,1980500000.0,45.43098591549296,122.90213723284587,198.32395950506185,1.9810267857142856,0.7322899505766063,0.4538029606942317,0.0365937859608745,0.3386067166250347,2025-05-01,0.29,bmo,3375338240.0,2025-05-11,2025-03-31,1.2413793103448278,,
2024-12-31,EL,USD,1001250,2025-02-04,2025-02-04 12:47:06,2025,Q2,4004000000.0,957000000.0,3047000000.0,0.760989011,0,0.0,0.0,2585000000.0,1042000000.0,3627000000.0,3627000000.0,23000000.0,90000000.0,203000000.0,-353000000.0,-0.0881618382,-580000000.0,-0.1448551449,-70000000.0,-650000000.0,-0.1623376623,-60000000.0,-590000000.0,-0.1473526474,-1.64,-1.64,360000000,360000000,https://www.sec.gov/Archives/edgar/data/1001250/000100125025000011/0001001250-25-000011-index.htm,https://www.sec.gov/Archives/edgar/data/1001250/000100125025000011/el-20241231.htm,11.122222222222222,-1.6388888888888888,2.936111111111111,2.5694444444444446,7.183333333333334,11.580555555555556,-5.727777777777778,11.580555555555556,26.31388888888889,26992800000.0,33789800000.0,-11.437627118644068,6.741458541458542,25.53718070009461,29.181405405405407,6.474646198129048,6.474646198129048,8.439010989010988,-95.72181303116147,31.967644276253548,36.52951351351352,-0.0218576805666696,0.0342683974985922,2.2506596306068603,0.4748481781376518,-19.254957507082157,1.3707016497714173,-6.444444444444445,-1.7915254237288136,0.0046679114430514,-0.2135593220338983,0.0,0.0,0.315334008097166,0.1248817407757805,0.0329670329670329,0.6502463054187192,0.0264735264735264,,-0.0347958716762418,-0.0436100229137408,-29.98819444444445,1865000000.0,-2062000000.0,-8695000000.0,13036000000.0,1794000000.0,1134000000.0,2128500000.0,36.21128871128871,106.55172413793105,188.2758620689655,2.485412787088765,0.8446601941747572,0.478021978021978,-0.1415207483809067,0.3666666666666666,2025-02-04,0.31,bmo,3977468681.0,2025-05-04,2024-12-31,1.0,57.60357142857144,4888760.678571428
2024-09-30,EL,USD,1001250,2024-10-31,2024-10-31 12:02:53,2025,Q1,3361000000.0,928000000.0,2433000000.0,0.7238916989,0,0.0,0.0,2298000000.0,256000000.0,2554000000.0,3482000000.0,35000000.0,92000000.0,204000000.0,157000000.0,0.046712288,-121000000.0,-0.0360011901,-59000000.0,-180000000.0,-0.0535554894,-24000000.0,-156000000.0,-0.0464147575,-0.43,-0.43,359600000,359600000,https://www.sec.gov/Archives/edgar/data/1001250/000100125024000177/0001001250-24-000177-index.htm,https://www.sec.gov/Archives/edgar/data/1001250/000100125024000177/el-20240930.htm,9.346496106785317,-0.4338153503893214,-1.8631813125695216,-2.2552836484983314,6.53503893214683,14.137931034482758,-6.354282536151279,14.137931034482758,28.092324805339267,35848524000.0,43508524000.0,-57.44955769230769,10.666029157988694,-53.50525970149253,-44.20286559802712,7.051243902439024,7.051243902439024,12.945112764058315,277.1243566878981,-64.93809552238805,-53.64799506781751,-0.0043516435990502,-0.0226229676848062,1.9689221085759243,0.4695782708636299,48.789808917197455,1.3151658767772512,-1.315217391304348,4.294871794871795,0.0066948363062311,-1.5384615384615383,0.0,0.0,0.3456865412581508,-0.2104477611940298,0.0419518000595061,0.6911764705882353,0.0220172567688188,,-0.0061250316375601,-0.0111843991970174,-31.348025583982203,1729000000.0,-2285000000.0,-9018000000.0,14304000000.0,1852000000.0,1287500000.0,2215000000.0,52.93960130913418,110.07543103448276,218.69612068965515,1.7000505816894285,0.8176211453744493,0.411529933481153,-0.030684500393391,0.3921023359288098,2024-10-31,0.08869,bmo,3370422368.0,2025-04-25,2024-09-30,0.5785319652722968,72.33166666666666,3868026.35
2024-06-30,EL,USD,1001250,2024-08-19,2024-08-19 12:59:14,2024,Q4,3871000000.0,1093000000.0,2778000000.0,0.7176440196,360000000,0.0,0.0,2444000000.0,567000000.0,3011000000.0,4104000000.0,41000000.0,91000000.0,207000000.0,26000000.0,0.0067166107,-233000000.0,-0.0601911651,-46000000.0,-279000000.0,-0.0720743994,7000000.0,-284000000.0,-0.0733660553,-0.79,-0.79,359400000,359400000,https://www.sec.gov/Archives/edgar/data/1001250/000100125024000116/0001001250-24-000116-index.htm,https://www.sec.gov/Archives/edgar/data/1001250/000100125024000116/el-20240630.htm,10.77072899276572,-0.7902058987200891,2.473567056204786,1.8697829716193657,9.44629938786867,14.785754034501949,-5.598219254312744,14.785754034501949,27.593210907067338,37873572000.0,44304572000.0,-33.339411971830984,9.783924567295273,42.602443194600674,56.35948214285714,7.12713059841927,7.12713059841927,11.44525238956342,1704.022,49.83641394825647,65.92942261904761,-0.007498632555704,0.0177432432303982,1.849077907414377,0.4320070345130798,247.34615384615384,1.389337074710628,-2.56043956043956,-3.1083916083916083,0.0062576616750065,-0.8345070422535211,0.0,0.0929992250064582,0.3220927676412398,0.2440944881889764,0.0560578661844484,1.028436018957346,0.0126582278481012,,-0.0130838607579403,-0.0184188339062196,-32.42417918753478,2220000000.0,-2012000000.0,-9509000000.0,14515000000.0,1790500000.0,1318500000.0,2241000000.0,40.15241539653836,118.57273559011894,179.0942360475755,2.24145917776491,0.7590277777777777,0.5025287356321839,-0.0534437335340609,0.6037840845854201,2024-08-19,0.2721,bmo,3806595211.0,2025-04-25,2024-06-30,1.3520764424843807,78.97046875,4574068.96875
2024-03-31,EL,USD,1001250,2024-05-01,2024-05-01 13:06:35,2024,Q3,3940000000.0,1107000000.0,2833000000.0,0.719035533,0,0.0,0.0,2284000000.0,18000000.0,2302000000.0,3409000000.0,45000000.0,94000000.0,206000000.0,759000000.0,0.1926395939,531000000.0,0.1347715736,-45000000.0,486000000.0,0.1233502538,151000000.0,330000000.0,0.0837563452,0.92,0.91,359100000,360800000,https://www.sec.gov/Archives/edgar/data/1001250/000100125024000049/0001001250-24-000049-index.htm,https://www.sec.gov/Archives/edgar/data/1001250/000100125024000049/el-20240331.htm,10.971874129768867,0.9189640768588136,1.4870509607351712,0.9997215260373156,10.306321358952935,18.33472570314676,-3.639654692286271,15.995544416597047,27.663603453077137,54593973000.0,60732973000.0,41.35907045454546,13.856338324873096,102.23590449438204,152.07234818941504,9.50452176183844,9.50452176183844,15.414460152284263,80.01709222661397,113.73215917602997,169.17262674094707,0.0060446232773716,0.0065758174441709,1.713091922005571,0.4334801762114537,8.088274044795783,1.575701624815362,5.648936170212766,1.594029850746269,0.0043228214953324,0.7151515151515152,0.0,0.0,0.3476211453744493,0.3277153558052434,0.0444162436548223,0.8495145631067961,0.0220812182741116,18.186119458110788,0.019768756063652,0.0222837463704504,-27.48816485658591,3118000000.0,-1307000000.0,-7582000000.0,15978000000.0,1803000000.0,1224500000.0,2455000000.0,42.3502538071066,97.3170731707317,187.5609756097561,2.1251348435814457,0.924812030075188,0.4798439531859558,0.0574512534818941,0.4873294346978557,2024-05-01,0.49,bmo,3915649100.0,2025-04-25,2024-03-31,0.979591836734694,94.79671875,4006957.171875
2023-12-31,EL,USD,1001250,2024-02-05,2024-02-05 12:01:24,2024,Q2,4279000000.0,1154000000.0,3125000000.0,0.7303108203,0,0.0,0.0,2544000000.0,7000000.0,2551000000.0,3705000000.0,40000000.0,146000000.0,200000000.0,865000000.0,0.2021500351,574000000.0,0.1341434915,-55000000.0,519000000.0,0.121290021,195000000.0,313000000.0,0.0731479318,0.87,0.87,358700000,360000000,https://www.sec.gov/Archives/edgar/data/1001250/000100125024000007/0001001250-24-000007-index.htm,https://www.sec.gov/Archives/edgar/data/1001250/000100125024000007/el-20231231.htm,11.929188737106218,0.8725954836911067,3.749651519375522,3.102871480345693,10.98132143852802,18.29383886255924,-4.151101198773349,15.924170616113743,28.845832171731253,52459875000.0,58721875000.0,41.90085862619809,12.259844589857444,39.00362453531599,47.13376010781671,9.184151785714286,9.184151785714286,13.723270623977564,67.88656069364161,43.65938661710037,52.759995507637015,0.0059664648457511,0.0212162152502269,1.785889355742297,0.4381308250654984,7.239306358381503,1.356099787039854,3.9315068493150687,4.151234567901234,0.0045368007453315,0.7603833865814696,0.0,0.0,0.3457887729244513,0.1724907063197026,0.0542182752979668,1.1317073170731706,0.0254732414115447,17.681786833513694,0.0189184974455206,0.0205488445378151,-28.34262614998606,2341000000.0,-1489000000.0,-7806000000.0,15431000000.0,1830500000.0,1254500000.0,2733000000.0,36.84973124561813,97.64298093587522,203.00693240901217,2.442351598173516,0.9217252396166136,0.4433346139070303,0.054796918767507,0.64678003902983,2024-02-05,0.55,bmo,4193990000.0,2025-04-25,2023-12-31,0.5999999999999999,131.1747619047619,2820054.73015873
2023-09-30,EL,USD,1001250,2023-11-01,2023-11-01 12:19:24,2024,Q1,3518000000.0,1070000000.0,2448000000.0,0.6958499147,0,0.0,0.0,2349000000.0,1000000.0,2350000000.0,3420000000.0,41000000.0,95000000.0,198000000.0,310000000.0,0.088118249,98000000.0,0.0278567368,-52000000.0,46000000.0,0.0130756111,10000000.0,31000000.0,0.0088118249,0.09,0.09,358400000,360500000,https://www.sec.gov/Archives/edgar/data/1001250/000100125023000177/0001001250-23-000177-index.htm,https://www.sec.gov/Archives/edgar/data/1001250/000100125023000177/el-20230930.htm,9.815848214285714,0.0864955357142857,-1.1383928571428572,-1.9614955357142856,8.621651785714286,17.209821428571427,-5.027901785714286,14.905133928571429,28.53515625,51806720000.00001,58848720000.00001,417.7961290322581,14.726185332575328,-126.9772549019608,-73.69376955903273,9.698000748783228,9.698000748783228,16.727890847072203,189.8345806451613,-144.23705882352942,-83.71083926031295,0.0005983779710431,-0.0135696681820427,1.896667914638712,0.4473289183222958,22.716129032258063,1.451640175853906,1.0315789473684212,-11.333333333333334,0.0045553935860058,7.612903225806452,0.0,0.0,0.3518763796909492,-0.7230392156862745,0.0838544627629334,1.4532019704433496,0.0227401932916429,5.385872235860376,0.0041580727662734,0.0021117166212534,-29.377092633928573,2671000000.0,-1802000000.0,-7897000000.0,15531000000.0,1680500000.0,1463500000.0,2921000000.0,48.83740761796475,105.72897196261682,240.8130841121495,1.842849659507596,0.8512330946698489,0.3737338456164862,0.0058030700112317,0.8231026785714286,2023-11-01,-0.2,bmo,3534160000.0,2025-04-25,2023-09-30,-1.5499999999999998,141.86049180327868,2812512.229508197
2023-06-30,EL,USD,1001250,2023-08-18,2023-08-18 14:09:00,2023,Q4,3609000000.0,1163000000.0,2446000000.0,0.6777500693,344000000,7155000000.0,-4735000000.0,2420000000.0,31000000.0,2451000000.0,3614000000.0,53000000.0,99000000.0,203000000.0,237000000.0,0.0656691604,-5000000.0,-0.0013854253,-43000000.0,-48000000.0,-0.0133000831,-16000000.0,-33000000.0,-0.0091438071,-0.0921,-0.0921,358300000,358300000,https://www.sec.gov/Archives/edgar/data/1001250/000100125023000112/0001001250-23-000112-index.htm,https://www.sec.gov/Archives/edgar/data/1001250/000100125023000112/el-20230630.htm,10.072564889757189,-0.09210159084566,1.9927435110242813,-5.367010884733464,11.244766955065588,15.587496511303376,-6.985766117778398,15.587496511303376,28.657549539492045,70362954000.0,76502954000.0,-533.0526818181818,19.496523690773067,98.54755462184876,-36.59019968798752,12.598559355416294,12.598559355416294,21.19782599057911,322.7972742616034,107.1469943977591,-39.7831274050962,-0.0004689967962402,-0.0273297223990908,1.8207699194270368,0.4342942558189195,25.90717299578059,1.4645833333333331,-0.0505050505050505,-22.3125,0.0033824617425811,-7.212121212121212,1.982543640897756,0.0953172623995566,0.345419602818706,3.69327731092437,0.7306733167082294,13.45408163265306,0.0091438071487946,,-0.0001764975819831,-0.0021530632217655,-31.321518280770302,2899000000.0,-2503000000.0,-8691000000.0,16320000000.0,1678000000.0,1595000000.0,3038000000.0,36.209476309226936,129.23473774720551,230.53310404127257,2.4855371900826446,0.6964071856287425,0.3903994629070157,-0.0059086839749328,7.359754395757744,2023-08-18,0.0175,bmo,3472000000.0,2025-04-25,2023-06-30,3.0,132.72317460317458,2814711.365079365
2023-03-31,EL,USD,1001250,2023-05-03,2023-05-03 12:50:49,2023,Q3,3751000000.0,1159000000.0,2592000000.0,0.6910157291,0,0.0,0.0,2281000000.0,14000000.0,2295000000.0,3454000000.0,37000000.0,58000000.0,189000000.0,527000000.0,0.1404958678,297000000.0,0.0791788856,-17000000.0,280000000.0,0.0746467609,125000000.0,156000000.0,0.0415889096,0.44,0.43,357900000,361200000,https://www.sec.gov/Archives/edgar/data/1001250/000100125023000054/0001001250-23-000054-index.htm,https://www.sec.gov/Archives/edgar/data/1001250/000100125023000054/el-20230331.htm,10.480581167924,0.4358759430008382,0.7432243643475831,0.069851913942442,15.454037440625871,18.70913663034367,3.3053925677563565,16.42078792958927,26.599608829281923,88208034000.0,92139034000.0,141.35902884615385,23.515871500933084,331.60915037593986,3528.32136,15.009023991832567,15.009023991832567,24.563858704345503,174.83687666034157,346.38734586466165,3685.56136,0.0017685463888697,0.0002834208956522,1.610005104645227,0.4165529385868369,7.459203036053131,1.4606493506493508,5.120689655172414,1.7161290322580645,0.0026754932549567,1.5128205128205128,0.0,0.0,0.2427030596522122,0.9060150375939848,0.0642495334577446,1.2751322751322751,0.0183950946414289,12.690236188960249,0.0093335631158509,0.0090687129403557,-20.98770606314613,3547000000.0,1183000000.0,-4772000000.0,13929000000.0,1918000000.0,1513500000.0,3083000000.0,45.68381764862704,118.0327868852459,240.4918032786885,1.970063025210084,0.7625,0.3742331288343558,0.0265441551812149,0.6733724504051412,2023-05-03,0.51,bmo,3533260000.0,2025-04-25,2023-03-31,-0.0784313725490196,166.73079365079363,2516455.301587302
2022-12-31,EL,USD,1001250,2023-02-02,2023-02-02 12:04:19,2023,Q2,4620000000.0,1219000000.0,3401000000.0,0.7361471861,0,2630000000.0,0.0,2630000000.0,215000000.0,2845000000.0,4064000000.0,26000000.0,52000000.0,175000000.0,755000000.0,0.1634199134,556000000.0,0.1203463203,-24000000.0,532000000.0,0.1151515152,135000000.0,394000000.0,0.0852813853,1.1,1.09,357700000,360400000,https://www.sec.gov/Archives/edgar/data/1001250/000100125023000010/0001001250-23-000010-index.htm,https://www.sec.gov/Archives/edgar/data/1001250/000100125023000010/el-20221231.htm,12.915851272015656,1.1014816885658374,3.916689963656696,3.1702544031311155,10.42773273693039,18.789488398098964,3.217780262790048,16.499860218059826,21.04836455129997,88748947000.0,92500947000.0,56.312783629441626,19.209728787878788,63.34685724482512,78.26185802469136,15.03709708573365,15.03709708573365,20.02185,122.5178105960265,66.0249443254818,81.5705,0.0044394892933208,0.0127776163924513,1.266858691968824,0.3606675992475037,4.96953642384106,1.6564102564102563,10.692307692307692,3.5289672544080606,0.0026591864802632,0.5989847715736041,0.5692640692640693,0.0,0.2686797549563455,0.1905781584582441,0.0577922077922077,1.4751381215469612,0.0242424242424242,20.22181031997379,0.0258768725480909,0.0259877316799683,-20.39837852949399,3712000000.0,1151000000.0,-4643000000.0,14037000000.0,2044000000.0,1449500000.0,3043500000.0,37.63636363636363,111.26333059885152,226.58736669401148,2.391304347826087,0.8088918380889184,0.3971977842945585,0.0667570315147407,0.7464355605255801,2023-02-02,1.29,bmo,4579853738.0,2025-04-25,2022-12-31,0.193798449612403,212.15274193548387,2315816.7580645164
2022-09-30,EL,USD,1001250,2022-11-02,2022-11-02 12:05:49,2023,Q1,3930000000.0,1023000000.0,2907000000.0,0.7396946565,0,2244000000.0,0.0,2244000000.0,2000000.0,2246000000.0,3269000000.0,15000000.0,46000000.0,172000000.0,812000000.0,0.2066157761,661000000.0,0.1681933842,-28000000.0,633000000.0,0.1610687023,143000000.0,489000000.0,0.1244274809,1.37,1.35,357900000,361400000,https://www.sec.gov/Archives/edgar/data/1001250/000100125022000182/0001001250-22-000182-index.htm,https://www.sec.gov/Archives/edgar/data/1001250/000100125022000182/el-20220930.htm,10.980720871751886,1.366303436714166,-1.8161497625034928,-2.24084939927354,8.208996926515786,17.672534227437833,2.0117351215423303,15.414920368818104,21.067337245040516,77270610000.0,81826610000.0,39.5044018404908,19.66173282442748,-118.87786153846154,-96.3473940149626,14.005910821098423,14.005910821098423,20.821020356234097,100.77168719211822,-125.88709230769231,-102.02819201995013,0.0063284086925158,-0.0103791079169686,1.358346927678086,0.374906198409125,5.610837438423645,1.682033769683172,14.369565217391305,-1.326530612244898,0.0027824291797359,0.4396728016359918,0.5709923664122137,0.0,0.2804042223222772,-0.2338461538461538,0.038676844783715,0.8539325842696629,0.0134860050890585,21.768849768035658,0.0326656387615437,0.033996106785317,-21.23498183850237,3595000000.0,720000000.0,-4798000000.0,13712000000.0,1892500000.0,1607000000.0,2969000000.0,49.37404580152672,122.4633431085044,265.5131964809384,1.822820037105752,0.7349137931034483,0.3389662027833002,0.0886351277868406,0.4246996367700475,2022-11-02,1.31,bmo,3934117145.0,2025-04-25,2022-09-30,0.0458015267175572,254.04967741935485,1431084.8709677418
2022-06-30,EL,USD,1001250,2022-08-24,2022-08-24 12:21:37,2022,Q4,3561000000.0,1031000000.0,2530000000.0,0.7104745858,307000000,2334000000.0,0.0,2334000000.0,117000000.0,2451000000.0,3482000000.0,11000000.0,42000000.0,175000000.0,220000000.0,0.0617803988,26000000.0,0.0073013199,-31000000.0,48000000.0,0.0134793597,-2000000.0,52000000.0,0.0146026397,0.15,0.14,357900000,361600000,https://www.sec.gov/Archives/edgar/data/1001250/000100125022000122/0001001250-22-000122-index.htm,https://www.sec.gov/Archives/edgar/data/1001250/000100125022000122/el-20220630.htm,9.94970662196144,0.1452919810002794,2.9924559932942163,1.9251187482537024,11.123218776194468,17.971500419111482,1.3495389773679798,15.618887957530037,21.478066499022077,91146393000.0,94834393000.0,438.2038125,25.59572957034541,85.10400840336133,132.2879433962264,16.30525813953488,16.30525813953488,26.631393709632125,431.06542272727273,88.54751914098973,137.64062844702468,0.0005705107825824,0.0075592678692178,1.3676207513416816,0.3656145384983261,16.763636363636362,1.5989681857265692,0.6190476190476191,21.42,0.0023698140199579,4.153846153846154,0.6554338668913227,0.0862117382757652,0.2845050215208034,0.3566760037348273,0.1072732378545352,2.110497237569061,0.0134793597304128,7.145574251125399,0.0016829263240746,0.0034757034957556,-21.8364068175468,3483000000.0,483000000.0,-5180000000.0,14031000000.0,1919000000.0,1646000000.0,2875000000.0,41.171019376579615,159.04946653734237,254.89815712900096,2.1860036832412524,0.5658616904500549,0.3530821917808219,0.0093023255813953,1.067337245040514,2022-08-18,0.32,bmo,3422699318.0,2025-04-25,2022-06-30,0.3124999999999999,223.3415873015873,2041920.365079365
2022-03-31,EL,USD,1001250,2022-05-03,2022-05-03 13:22:48,2022,Q3,4245000000.0,994000000.0,3251000000.0,0.7658421673,0,2275000000.0,0.0,2275000000.0,238000000.0,2513000000.0,3507000000.0,5000000.0,41000000.0,178000000.0,881000000.0,0.2075382803,738000000.0,0.1738515901,-35000000.0,703000000.0,0.165606596,130000000.0,558000000.0,0.1314487633,1.55,1.53,359200000,363600000,https://www.sec.gov/Archives/edgar/data/1001250/000100125022000055/0001001250-22-000055-index.htm,https://www.sec.gov/Archives/edgar/data/1001250/000100125022000055/el-20220331.htm,11.81792873051225,1.5534521158129175,0.3424276169265033,-0.2115812917594654,10.707126948775056,19.629732739420938,2.2884187082405347,17.121380846325167,21.809576837416483,97817344000.0,101774344000.0,43.82497491039427,23.042955005889283,795.2629593495934,-1287.0703157894736,15.90525918699187,15.90525918699187,23.975110482921085,115.52138933030648,827.4336910569106,-1339.1361052631578,0.0057045098259875,-0.0007769583275538,1.2671544715447154,0.3648579053326466,4.491486946651532,1.754710011082379,18.0,0.2146596858638743,0.0021979742161062,0.3853046594982078,0.535924617196702,0.0,0.2916335034411723,1.6178861788617886,0.0468786808009422,1.0934065934065933,0.021436984687868,24.46299285207471,0.0354048109631889,0.0368803701255783,-20.57419265033408,4086000000.0,822000000.0,-4808000000.0,14842000000.0,2144000000.0,1554500000.0,2721000000.0,46.833922261484105,133.09859154929578,256.2374245472837,1.9216840199185152,0.6761904761904762,0.3512367491166078,0.0907317073170731,0.5540089086859689,2022-05-03,1.67,bmo,4312784987.0,2025-04-25,2022-03-31,0.1377245508982036,255.29671875,1241082.53125
2021-12-31,EL,USD,1001250,2022-02-03,2022-02-03 12:06:29,2022,Q2,5539000000.0,1223000000.0,4316000000.0,0.779202022,0,2885000000.0,0.0,2885000000.0,13000000.0,2898000000.0,4121000000.0,10000000.0,42000000.0,175000000.0,1598000000.0,0.2884997292,1418000000.0,0.2560028886,-30000000.0,1388000000.0,0.2505867485,298000000.0,1088000000.0,0.1964253475,3.02,2.97,360600000,366000000,https://www.sec.gov/Archives/edgar/data/1001250/000100125022000006/0001001250-22-000006-index.htm,https://www.sec.gov/Archives/edgar/data/1001250/000100125022000006/el-20211231.htm,15.36051026067665,3.017193566278425,5.343871325568497,4.63948973932335,12.781475318912925,19.66722129783694,1.7665002773155851,17.243483083749307,22.179700499168053,133494120000.0,136847120000.0,30.674200367647057,24.100761870373717,69.27562013492475,79.79325762104004,21.46898037954326,21.46898037954326,24.706105795269902,85.63649561952441,71.01563051375194,81.79744172145845,0.0081501717079373,0.0125323871942824,1.2795110968156964,0.3603587281456654,2.098247809762203,1.7276987157237071,33.76190476190476,1.7678899082568806,0.0016255397616014,0.1994485294117647,0.5208521393753385,0.0,0.2923724975088323,0.131811105345096,0.0458566528254197,1.4033149171270718,0.0204007943672142,34.21411755345567,0.0640639211718903,0.0696409140369967,-20.831253466444817,4193000000.0,637000000.0,-5031000000.0,15201000000.0,2172000000.0,1562000000.0,2622500000.0,33.78046578804838,120.61324611610794,192.21586263287,2.664261664261664,0.7461866992068334,0.4682235834609494,0.1749758764876166,0.704381586245147,2022-02-03,2.64,bmo,5490085855.0,2025-04-25,2021-12-31,0.140151515151515,253.6953225806452,1705520.241935484
2021-09-30,EL,USD,1001250,2021-11-02,2021-11-02 12:34:02,2022,Q1,4392000000.0,1057000000.0,3335000000.0,0.7593351548,0,2394000000.0,0.0,2394000000.0,6000000.0,2400000000.0,3457000000.0,4000000.0,42000000.0,175000000.0,1104000000.0,0.2513661202,935000000.0,0.2128870674,-38000000.0,897000000.0,0.2042349727,202000000.0,692000000.0,0.1575591985,1.91,1.88,362200000,367900000,https://www.sec.gov/Archives/edgar/data/1001250/000100125021000174/0001001250-21-000174-index.htm,https://www.sec.gov/Archives/edgar/data/1001250/000100125021000174/el-20210930.htm,12.125897294312535,1.9105466593042515,-0.2236333517393705,-0.7896189950303699,11.05466593042518,19.2076200993926,1.2672556598564328,16.789066813914964,22.18111540585312,108634646000.0,112631646000.0,39.246620664739886,24.73466438979964,-1341.1684691358023,-379.8414195804196,17.864602203584937,17.864602203584937,25.644728142076502,102.02141847826088,-1390.5141481481485,-393.8169440559441,0.0063699751918922,-0.0026326776082098,1.3142575234336458,0.3703429101019462,3.6204710144927534,1.7834179357021998,22.261904761904763,-0.116546762589928,0.0017673919607562,0.2774566473988439,0.5450819672131147,0.0,0.301112140871177,-2.5308641975308643,0.0466757741347905,1.1202185792349726,0.0179872495446265,26.864784552804903,0.0419140584586385,0.0458825089510675,-20.99323578133628,4167000000.0,459000000.0,-5137000000.0,15136000000.0,1983500000.0,1588500000.0,2569000000.0,46.41393442622951,126.44276253547775,224.1911069063387,1.9390728476821195,0.7117845117845117,0.4014432206608431,0.1137970728498602,0.5659856432909994,2021-11-02,1.7,bmo,4254870000.0,2025-04-25,2021-09-30,0.1117647058823529,300.9151612903226,1653064.9032258063
2021-06-30,EL,USD,1001250,2021-08-27,2021-08-27 10:19:09,2021,Q4,3936000000.0,986000000.0,2950000000.0,0.7494918699,0,2610000000.0,0.0,2610000000.0,106000000.0,2716000000.0,3702000000.0,11000000.0,42000000.0,169000000.0,1261000000.0,0.3203760163,234000000.0,0.0594512195,816000000.0,1050000000.0,0.2667682927,35000000.0,1018000000.0,0.2586382114,2.81,2.76,362900000,368500000,https://www.sec.gov/Archives/edgar/data/1001250/000100125021000127/0001001250-21-000127-index.htm,https://www.sec.gov/Archives/edgar/data/1001250/000100125021000127/el-20210630.htm,10.845963075227337,2.8051804904932487,2.3532653623587767,1.6616147699090658,13.703499586662993,19.145770184623863,0.6530724717553045,16.784238082116286,22.433177183797188,115431232000.0,118572232000.0,28.34755206286837,29.327040650406506,135.1653770491803,191.4282454394693,18.951113446067968,18.951113446067968,30.12505894308943,94.03031879460744,138.8433629976581,196.63720066334992,0.0088191036547197,0.0052238894929233,1.329666721392218,0.368622274816804,2.490880253766852,1.8437146092865235,5.571428571428571,0.8413793103448276,0.0016633279977467,0.1886051080550098,0.663109756097561,0.0,0.3054480906649675,0.2939110070257611,0.063770325203252,1.4261363636363635,0.0182926829268292,32.54786302285136,0.0129531008417797,0.0667103538663171,-20.724717553044915,4470000000.0,237000000.0,-5255000000.0,15651000000.0,1718500000.0,1484500000.0,2319500000.0,38.91768292682927,154.4421906693712,228.65111561866124,2.3125734430082256,0.58274231678487,0.3936127744510978,0.167131833853226,0.6916505924497106,2021-08-19,0.51,bmo,4254870000.0,2025-04-25,2021-06-30,0.5294117647058824,339.39984375,1197086.6875
2021-03-31,EL,USD,1001250,2021-05-03,2021-05-03 12:52:51,2021,Q3,3864000000.0,939000000.0,2925000000.0,0.7569875776,0,2145000000.0,0.0,2145000000.0,164000000.0,2309000000.0,3248000000.0,9000000.0,43000000.0,154000000.0,776000000.0,0.2008281573,616000000.0,0.1594202899,-36000000.0,580000000.0,0.1501035197,122000000.0,456000000.0,0.1180124224,1.25,1.24,363600000,369000000,https://www.sec.gov/Archives/edgar/data/1001250/000100125021000062/0001001250-21-000062-index.htm,https://www.sec.gov/Archives/edgar/data/1001250/000100125021000062/el-20210331.htm,10.627062706270626,1.2541254125412542,2.197469746974697,1.8234323432343231,17.618261826182618,15.286028602860286,5.211771177117712,15.203520352035204,23.572607260726077,105753060000.00002,107882060000.00002,57.97865131578948,27.36880434782609,132.35677096370463,159.50687782805431,19.13043777134588,19.13043777134588,27.91978778467909,139.0232731958763,135.02135168961203,162.7180392156863,0.0043119319667913,0.0062693221359268,1.5426917510853837,0.4285427135678392,2.743556701030928,2.1160284779680585,14.325581395348838,1.744541484716157,0.0018250062929621,0.4232456140350877,0.5551242236024845,0.0,0.1840703517587939,0.1702127659574468,0.0351966873706004,0.8553459119496856,0.0222567287784679,20.71256207607955,0.0305583356079216,0.0280840056660713,-15.31284378437844,5800000000.0,1895000000.0,-3345000000.0,13781000000.0,1853500000.0,1288000000.0,2125000000.0,40.411490683229815,122.3961661341853,204.53674121405749,2.2270893371757925,0.735317149569303,0.4400187441424555,0.0824891461649783,0.374037403740374,2021-05-03,1.32,bmo,2985818181.0,2025-04-25,2021-03-31,0.2272727272727273,326.67109375,961931.453125
2020-12-31,EL,USD,1001250,2021-02-05,2021-02-05 11:53:40,2021,Q2,4853000000.0,1084000000.0,3769000000.0,0.7766330105,0,2590000000.0,0.0,2590000000.0,116000000.0,2706000000.0,3790000000.0,17000000.0,43000000.0,160000000.0,1339000000.0,0.2759118071,1063000000.0,0.2190397692,-33000000.0,1030000000.0,0.2122398516,153000000.0,873000000.0,0.1798887286,2.4,2.37,363000000,368000000,https://www.sec.gov/Archives/edgar/data/1001250/000100125021000010/0001001250-21-000010-index.htm,https://www.sec.gov/Archives/edgar/data/1001250/000100125021000010/el-20201231.htm,13.36914600550964,2.4049586776859506,4.462809917355372,4.09366391184573,15.305785123966942,15.030303030303031,4.493112947658402,15.030303030303031,22.38842975206612,96626970000.0,99165970000.0,27.67095360824742,19.910770657325365,59.646277777777776,65.02487886944819,17.710221774193545,17.710221774193545,20.433952194518856,74.05972367438387,61.21356172839506,66.7334925975774,0.0090347446473795,0.0153787291477731,1.4816715542521994,0.4125542230160755,1.8961911874533235,1.898708487084871,24.72093023255814,1.847206385404789,0.002007721032751,0.2222222222222222,0.5336905007212034,0.0,0.1952028578719061,0.082716049382716,0.0276117865237997,0.8375,0.0216361013805893,28.518648254641665,0.0587001788865962,0.0553582752060875,-16.65564738292011,4871000000.0,1631000000.0,-3848000000.0,13163000000.0,1892000000.0,1238500000.0,2160000000.0,36.57119307644756,107.85055350553506,175.68265682656826,2.460953346855984,0.8344880677444187,0.5122873345935728,0.1600073313782991,0.3691460055096419,2021-02-05,1.69,bmo,3648364792.0,2025-04-25,2020-12-31,0.5443786982248521,303.1768253968254,1206892.126984127
2020-09-30,EL,USD,1001250,2020-11-02,2020-11-02 13:13:14,2021,Q1,3562000000.0,825000000.0,2737000000.0,0.7683885458,0,2026000000.0,0.0,2026000000.0,6000000.0,2032000000.0,2857000000.0,14000000.0,45000000.0,156000000.0,864000000.0,0.2425603593,705000000.0,0.1979225154,-34000000.0,671000000.0,0.1883773161,146000000.0,523000000.0,0.1468276249,1.44,1.42,362100000,367200000,https://www.sec.gov/Archives/edgar/data/1001250/000100125020000107/0001001250-20-000107-index.htm,https://www.sec.gov/Archives/edgar/data/1001250/000100125020000107/el-20200930.htm,9.83706158519746,1.444352388842861,0.9886771610052472,0.668323667495167,11.819939243302954,12.375034520850594,1.9386909693454848,12.375034520850594,22.47721623860812,79028325000.0,82855325000.0,37.77644598470364,22.18650336889388,220.7495111731844,326.563326446281,17.63631443874135,17.63631443874135,23.26089977540708,95.89736689814816,231.43945530726256,342.3773760330578,0.0066178803612502,0.0030621932073088,1.806293238116492,0.4521029994972909,4.429398148148148,1.853920741989882,15.666666666666666,0.6819047619047619,0.0022017422234369,0.3326959847036329,0.5687815833801235,0.0,0.2110819415740378,0.3240223463687151,0.0325659741718135,0.7435897435897436,0.0179674340258281,20.054001848124408,0.0382260628162267,0.0370291702067403,-18.450704225352112,4051000000.0,702000000.0,-4627000000.0,12229000000.0,1503000000.0,1177500000.0,2133000000.0,45.78326782706345,128.50909090909093,240.43636363636367,1.965783664459161,0.700339558573854,0.3743194192377495,0.1167150189689801,0.3203534935100801,2020-11-02,0.9,bmo,2226250000.0,2025-04-25,2020-09-30,0.5999999999999999,273.7936065573771,1498698.213114754
2020-06-30,EL,USD,1001250,2020-08-28,2020-08-28 16:07:12,2020,Q4,2430000000.0,767000000.0,1663000000.0,0.6843621399,228000000,1884000000.0,0.0,1884000000.0,322000000.0,2206000000.0,2973000000.0,7000000.0,49000000.0,164000000.0,-372000000.0,-0.1530864198,-543000000.0,-0.2234567901,-62000000.0,-605000000.0,-0.2489711934,-146000000.0,-462000000.0,-0.1901234568,-1.28,-1.28,359885117,360600000,https://www.sec.gov/Archives/edgar/data/1001250/000100125020000065/0001001250-20-000065-index.htm,https://www.sec.gov/Archives/edgar/data/1001250/000100125020000065/el-20200630.htm,6.752154743870667,-1.2837430006865218,0.9308526087229108,0.5001596106570865,13.996133104887468,11.009068763463205,0.619642184314057,11.009068763463205,24.557836883262944,67903123875.560005,71670123875.56,-36.74411465127706,27.943672376773662,202.69589216585075,377.23957708644446,17.138597646532055,17.138597646532055,29.493878138090533,-192.66162332139783,213.94066828525376,398.1673548642222,-0.0068038106883958,0.0026508353331412,2.218324078748107,0.4942916596366908,-10.126344086021506,1.7169337709982622,-11.081632653061224,-0.7298474945533769,1.4726862961895698e-05,-0.0021645021645021,0.7753086419753087,0.0938271604938271,0.2102806366346099,0.4626865671641791,0.0637860082304526,0.945121951219512,0.0012345679012345,,-0.0282669125477613,-0.032901296111665,-19.049134504775868,3713000000.0,223000000.0,-4927000000.0,11789000000.0,1520000000.0,1169500000.0,2074500000.0,44.22222222222222,138.10951760104302,241.9556714471969,2.0351758793969847,0.6516567544604928,0.3719689621726479,-0.1166077738515901,0.4306929980658244,2020-08-20,-0.19,bmo,871132075.0,2025-04-25,2020-06-30,1.7894736842105263,240.58046875,1168226.71875
2020-03-31,EL,USD,1001250,2020-05-01,2020-05-01 12:59:31,2020,Q3,3345000000.0,836000000.0,2509000000.0,0.7500747384,0,2030000000.0,0.0,2030000000.0,370000000.0,2400000000.0,3236000000.0,14000000.0,42000000.0,160000000.0,589000000.0,0.176083707,109000000.0,0.0325859492,-29000000.0,80000000.0,0.023916293,84000000.0,-6000000.0,-0.001793722,-0.0167,-0.0167,360200000,360200000,https://www.sec.gov/Archives/edgar/data/1001250/000100125020000033/0001001250-20-000033-index.htm,https://www.sec.gov/Archives/edgar/data/1001250/000100125020000033/el-20200331.htm,9.286507495835648,-0.0166574125485841,1.915602443087174,1.4242087729039423,13.575791227096058,12.0988339811216,1.4852859522487507,12.018323153803443,24.714047751249307,57394268000.0,61378268000.0,-2391.4278333333336,17.158226606875935,83.18009855072464,111.87966471734892,13.258089166089166,13.258089166089166,18.349257997010465,104.2075857385399,88.9540115942029,119.64574658869395,-0.0001045400561603,0.0089381748017066,2.0466620466620467,0.4824919675434297,6.764006791171477,1.6252420348530188,2.595238095238096,-172.5,0.0029968149432622,-28.666666666666668,0.6068759342301944,0.0,0.2081903828350487,0.2565217391304348,0.052914798206278,1.10625,0.0212257100149476,,-0.0003645241120995,-0.0004126547455295,-18.564686285397,3552000000.0,535000000.0,-4772000000.0,11913000000.0,2035500000.0,1149500000.0,2072500000.0,49.668161434977584,125.09569377990432,224.677033492823,1.8120260021668475,0.7194492254733219,0.4005749880210829,-0.0013860013860013,0.4913936701832315,2020-05-01,0.72,bmo,2872764705.0,2025-04-25,2020-03-31,0.1805555555555555,205.7571875,1189441.28125
2019-12-31,EL,USD,1001250,2020-02-06,2020-02-06 15:05:03,2020,Q2,4624000000.0,1041000000.0,3583000000.0,0.7748702422,0,2538000000.0,0.0,2538000000.0,784000000.0,3322000000.0,4363000000.0,13000000.0,38000000.0,144000000.0,1181000000.0,0.2554065744,261000000.0,0.0564446367,550000000.0,811000000.0,0.1753892734,250000000.0,557000000.0,0.1204584775,1.55,1.52,360200000,366700000,https://www.sec.gov/Archives/edgar/data/1001250/000110465920011857/0001104659-20-011857-index.htm,https://www.sec.gov/Archives/edgar/data/1001250/000110465920011857/el-20191231x10qd9aa32.htm,12.837312604108828,1.546363131593559,3.956135480288729,3.495280399777901,9.991671293725709,12.773459189339256,0.9411438089950028,12.698500832870629,21.957245974458637,74395708000.0,78670708000.0,33.391251346499104,16.089037197231836,52.20751438596491,59.0911104050834,16.264912111937036,16.264912111937036,17.01356141868512,66.61363928873836,55.20751438596491,62.4866624305004,0.0074869910506127,0.0169230192687997,1.7208132925229558,0.438813625466912,3.619813717188823,1.6854431657581264,6.868421052631579,2.5401069518716577,0.002338844601089,0.3123877917414722,0.5488754325259516,0.0,0.2376094107152812,0.1164912280701754,0.0358996539792387,1.1527777777777777,0.0179498269896193,21.019541005344955,0.0126750753383603,0.0407312614259597,-19.542615213770127,3395000000.0,339000000.0,-4988000000.0,12260000000.0,2259500000.0,1104000000.0,2056500000.0,43.306660899653984,98.29971181556196,177.9250720461095,2.0782022471910118,0.9155672823218998,0.5058309037900874,0.1217752514210756,0.4608550805108273,2020-02-06,1.91,bmo,4163791469.0,2025-04-25,2019-12-31,0.1047120418848167,178.67650793650796,1772338.0476190476
2019-09-30,EL,USD,1001250,2019-10-31,2019-10-31 12:46:25,2020,Q1,3895000000.0,908000000.0,2987000000.0,0.7668806162,0,2185000000.0,0.0,2185000000.0,23000000.0,2208000000.0,3116000000.0,14000000.0,32000000.0,143000000.0,944000000.0,0.2423620026,779000000.0,0.2,-19000000.0,760000000.0,0.1951219512,162000000.0,595000000.0,0.1527599487,1.65,1.61,361400000,368600000,https://www.sec.gov/Archives/edgar/data/1001250/000110465919058209/0001104659-19-058209-index.htm,https://www.sec.gov/Archives/edgar/data/1001250/000110465919058209/el-20190930x10q815441.htm,10.777531820697288,1.6463752075262867,-0.4703929164360819,-0.8162700608743774,6.261759822910902,12.612064194798007,4.14775871610404,12.534587714443829,16.956281128943,71900530000.0,75737530000.0,30.210306722689072,18.459699614890887,-422.9442941176471,-243.7306101694915,15.872081677704196,15.872081677704196,19.44480872913992,80.2304343220339,-445.5148823529412,-256.73738983050845,0.0082753214753771,-0.0041028904793886,1.3456953642384106,0.3950489274836368,4.064618644067797,1.5298474945533769,24.34375,-0.2842809364548495,0.002169664117914,0.2621848739495798,0.5609756097560976,0.0,0.1982373144967921,-0.7352941176470589,0.0320924261874197,0.8741258741258742,0.014377406931964,21.548184961071264,0.0508545590309466,0.048092466860653,-16.22025456557831,2432000000.0,1499000000.0,-3851000000.0,10025000000.0,2062500000.0,1280500000.0,2030500000.0,53.00641848523749,106.15638766519824,203.68942731277536,1.6979075850043592,0.8478057889822596,0.4418491484184915,0.1313465783664459,0.3458771444382955,2019-10-31,1.6,bmo,3731736526.0,2025-04-25,2019-09-30,0.0437499999999999,192.9558064516129,2437178.790322581
2019-06-30,EL,USD,1001250,2019-08-23,2019-08-23 13:01:04,2019,Q4,3590000000.0,835000000.0,2755000000.0,0.7674094708,202000000,2422000000.0,0.0,2422000000.0,117000000.0,2539000000.0,3374000000.0,16000000.0,32000000.0,153000000.0,468000000.0,0.130362117,216000000.0,0.0601671309,-17000000.0,199000000.0,0.0554317549,41000000.0,157000000.0,0.0437325905,0.43,0.43,361800000,369100000,https://www.sec.gov/Archives/edgar/data/1001250/000110465919047085/0001104659-19-047085-index.htm,https://www.sec.gov/Archives/edgar/data/1001250/000110465919047085/a19-11548_110k.htm,9.92260917634052,0.4339414040906578,2.103372028745163,1.265892758430072,8.264234383637369,12.191818684355995,3.703703703703704,12.191818684355995,9.519071310116086,65930814000.0,66355814000.0,104.98537261146495,18.365129247910865,86.63707490144547,143.9537423580786,14.946908637497168,14.946908637497168,18.48351364902507,141.78592735042736,87.1955505913272,144.88168995633188,0.0023812841139804,0.0069466759503378,0.7735207435955566,0.259349346305868,0.908119658119658,1.5661237785016286,6.75,4.816455696202532,0.0023661166992417,0.9936305732484076,0.6746518105849583,0.056267409470752,0.2334296138643964,0.3981603153745072,0.0844011142061281,1.9803921568627447,0.0116991643454039,10.91040950936002,0.0189144686706943,0.0155676747645017,-9.338723051409618,2607000000.0,1340000000.0,-1533000000.0,7746000000.0,1933500000.0,1279000000.0,1910000000.0,45.90250696378831,160.5988023952096,216.21556886227543,1.9606772255598035,0.5604026845637584,0.4162512462612163,0.0355928360915892,0.8374792703150912,2019-08-19,0.53,bmo,2972968750.0,2025-04-25,2019-06-30,0.2075471698113207,194.24234375,1502210.9375
2019-03-31,EL,USD,1001250,2019-05-01,2019-05-01 12:28:37,2019,Q3,3744000000.0,819000000.0,2925000000.0,0.78125,0,2170000000.0,0.0,2170000000.0,81000000.0,2251000000.0,3070000000.0,15000000.0,32000000.0,135000000.0,901000000.0,0.2406517094,674000000.0,0.1800213675,53000000.0,727000000.0,0.1941773504,170000000.0,555000000.0,0.1482371795,1.53,1.51,361900000,368300000,https://www.sec.gov/Archives/edgar/data/1001250/000110465919025836/0001104659-19-025836-index.htm,https://www.sec.gov/Archives/edgar/data/1001250/000110465919025836/a19-7309_110q.htm,10.345399281569494,1.5335728101685548,1.334622823984526,0.9229068803536888,8.01878972091738,12.757667864050845,4.247029566178503,12.67753523072672,9.48051948051948,59630263000.0,60127263000.0,26.860478828828832,15.926886485042736,123.45810144927536,178.53372155688623,12.997005884917176,12.997005884917176,16.05963221153846,66.73392119866814,124.48708695652174,180.02174550898204,0.0093073545558569,0.0056011827417229,0.7408456843940715,0.2628567009512025,0.5516093229744728,1.6922713306546917,21.0625,0.8671454219030521,0.0026161212805652,0.2810810810810811,0.5795940170940171,0.0,0.2381873018328049,0.3084886128364389,0.0397970085470085,1.1037037037037036,0.0186965811965811,20.91514463063595,0.0560322696966223,0.0563394579230535,-8.228792484111633,2929000000.0,1537000000.0,-1154000000.0,7900000000.0,2018000000.0,1031500000.0,1732500000.0,48.94230769230769,117.36263736263736,199.34065934065933,1.8388998035363453,0.7668539325842697,0.4514884233737596,0.1209677419354838,0.4117159436308372,2019-05-01,1.3,bmo,3140129032.0,2025-04-25,2019-03-31,0.1923076923076923,191.21265625,1577436.390625
2018-12-31,EL,USD,1001250,2019-02-05,2019-02-05 12:17:28,2019,Q2,4005000000.0,910000000.0,3095000000.0,0.77278402,0,2257000000.0,0.0,2257000000.0,67000000.0,2324000000.0,3234000000.0,12000000.0,35000000.0,137000000.0,975000000.0,0.2434456929,771000000.0,0.1925093633,-23000000.0,748000000.0,0.1867665418,171000000.0,573000000.0,0.143071161,1.58,1.55,363300000,369900000,https://www.sec.gov/Archives/edgar/data/1001250/000110465919005765/0001104659-19-005765-index.htm,https://www.sec.gov/Archives/edgar/data/1001250/000110465919005765/a18-41566_110q.htm,11.02394715111478,1.5772089182493807,3.831544178364988,3.380126617120837,6.608863198458574,11.926782273603084,3.272777319020093,11.852463528764106,9.430222956234516,47265330000.0,48780330000.0,20.62187172774869,11.801580524344567,33.95497844827586,38.489682410423455,10.976620993961914,10.976620993961914,12.17985767790262,50.03110769230769,35.04334051724138,39.72339576547231,0.0121230508704794,0.0259809886020048,0.7875058058522991,0.2675134111707163,1.553846153846154,1.7055084745762712,22.02857142857143,2.412478336221837,0.0033005164673556,0.2722513089005235,0.56354556803995,0.0,0.2480277690123067,0.1178160919540229,0.0409488139825218,1.197080291970803,0.0182272159800249,20.50879693126406,0.0666900626384419,0.0601133025597985,-9.95458298926507,2664000000.0,1189000000.0,-1903000000.0,7667000000.0,2107000000.0,954000000.0,1666000000.0,44.943820224719104,98.4065934065934,163.28571428571428,2.0025,0.914572864321608,0.5511811023622047,0.1330701346957733,0.4514175612441508,2019-02-05,1.55,bmo,3567672413.0,2025-04-25,2018-12-31,0.1225806451612902,170.8457142857143,1409771.380952381
2018-09-30,EL,USD,1001250,2018-10-31,2018-10-31 13:10:41,2019,Q1,3524000000.0,823000000.0,2701000000.0,0.7664585698,0,2008000000.0,0.0,2008000000.0,41000000.0,2049000000.0,2872000000.0,15000000.0,34000000.0,132000000.0,825000000.0,0.2341089671,652000000.0,0.1850170261,-19000000.0,633000000.0,0.1796254257,131000000.0,500000000.0,0.1418842225,1.36,1.34,366800000,374400000,https://www.sec.gov/Archives/edgar/data/1001250/000110465918065017/0001104659-18-065017-index.htm,https://www.sec.gov/Archives/edgar/data/1001250/000110465918065017/a18-30065_110q.htm,9.60741548527808,1.3631406761177751,-0.3244274809160305,-0.673391494002181,5.433478735005453,12.07742639040349,3.372410032715376,12.011995637949836,9.7546346782988,53472104000.0,55573104000.0,26.736052,15.173695800227014,-449.3454117647059,-216.48625101214577,12.136201543349978,12.136201543349978,15.769893303064698,67.36133818181818,-467.00087394957984,-224.99232388663967,0.0093506700241307,-0.0046192309919205,0.8043576940535633,0.2825480347604241,2.546666666666667,1.7538591074936851,19.176470588235293,-0.2370517928286852,0.0026368889468048,0.282,0.5698070374574348,0.0,0.2545642988120864,-1.0756302521008403,0.0363223609534619,0.9696969696969696,0.0164585698070374,19.194163090569248,0.0564299825919165,0.053475935828877,-9.86641221374046,2686000000.0,1237000000.0,-1864000000.0,7717000000.0,1850500000.0,1047500000.0,1649500000.0,56.543700340522136,99.84204131227216,183.82746051032808,1.5916892502258355,0.9014238773274916,0.4895895300416419,0.1134816159782115,0.3489640130861505,2018-10-31,1.22,bmo,3049134751.0,2025-04-25,2018-09-30,0.1557377049180327,146.862131147541,2117850.5081967213
2018-06-30,EL,USD,1001250,2018-08-24,2018-08-24 13:53:14,2018,Q4,3295000000.0,697000000.0,2598000000.0,0.7884673748,181000000,2288000000.0,0.0,2288000000.0,33000000.0,2321000000.0,3018000000.0,16000000.0,32000000.0,142000000.0,427000000.0,0.1295902883,277000000.0,0.0840667678,-16000000.0,261000000.0,0.0792109256,73000000.0,186000000.0,0.0564491654,0.51,0.49,367200000,375800000,https://www.sec.gov/Archives/edgar/data/1001250/000110465918053494/0001104659-18-053494-index.htm,https://www.sec.gov/Archives/edgar/data/1001250/000110465918053494/a18-14745_110k.htm,8.973311546840959,0.5065359477124183,1.7483660130718954,1.037581699346405,7.393790849673203,12.826797385620916,4.106753812636166,12.826797385620916,9.738562091503267,52395768000.0,53758768000.0,70.42441935483872,15.901598786039454,81.61334579439252,137.52170078740158,11.124366878980892,11.124366878980892,16.315255842185127,125.89875409836066,83.73639875389408,141.09912860892388,0.0035499050228636,0.0072715796436078,0.7524416135881105,0.2820084347895281,3.1920374707259955,1.8634441087613296,8.65625,3.4148936170212765,0.0026528860117099,0.7473118279569892,0.6943854324734446,0.0549317147192716,0.2547943025383942,0.4065420560747663,0.0792109256449165,1.8380281690140845,0.0121396054628224,12.090813220020184,0.0211361127345931,0.0198611852642819,-8.762935729847495,2858000000.0,1508000000.0,-1689000000.0,7883000000.0,1624000000.0,1033000000.0,1575500000.0,40.61608497723824,152.62553802008608,208.9239598278336,2.2158708809683927,0.5896785109983079,0.430778739184178,0.0394904458598726,0.7107843137254902,2018-08-20,0.56,bmo,3024918032.0,2025-04-25,2018-06-30,0.0892857142857141,135.835873015873,2305431.714285714
2018-03-31,EL,USD,1001250,2018-05-02,2018-05-02 13:47:43,2018,Q3,3370000000.0,683000000.0,2687000000.0,0.7973293769,0,2093000000.0,0.0,2093000000.0,97000000.0,2189000000.0,2872000000.0,16000000.0,33000000.0,133000000.0,727000000.0,0.215727003,497000000.0,0.1474777448,-18000000.0,480000000.0,0.1424332344,106000000.0,372000000.0,0.1103857567,1.01,0.99,367900000,375700000,https://www.sec.gov/Archives/edgar/data/1001250/000110465918029710/0001104659-18-029710-index.htm,https://www.sec.gov/Archives/edgar/data/1001250/000110465918029710/a18-8697_110q.htm,9.160097852677358,1.011144332699103,1.3074204946996466,1.022016852405545,6.860559934764882,12.8757814623539,4.112530578961675,12.8757814623539,10.035335689045937,55081988000.0,56600988000.0,37.017465053763445,16.34480356083086,114.51556756756756,146.49464893617022,11.628032087819294,11.628032087819294,16.795545400593472,77.85555433287483,117.67357172557172,150.5345425531915,0.0067535688799031,0.0068261879001171,0.7724298078952924,0.2864860632633886,2.0894085281980743,1.8208382526564344,15.06060606060606,1.286096256684492,0.0025416657074904,0.3763440860215054,0.6210682492581603,0.0,0.2524271844660194,0.2182952182952183,0.0311572700296735,0.7894736842105263,0.0189910979228486,17.115304634491746,0.0400047348484848,0.0389610389610389,-9.306197336232673,2781000000.0,1513000000.0,-1866000000.0,7731000000.0,1730000000.0,811000000.0,1489000000.0,47.02967359050445,116.48609077598827,202.00585651537332,1.9136854060193071,0.7726244343891403,0.4455316373124592,0.0785307156428119,0.2854036422941016,2018-05-02,1.07,bmo,3081965811.0,2025-04-25,2018-03-31,0.0934579439252335,138.8347619047619,2045611.380952381
2017-12-31,EL,USD,1001250,2018-02-02,2018-02-02 11:10:29,2018,Q2,3744000000.0,753000000.0,2991000000.0,0.7988782051,0,2214000000.0,0.0,2214000000.0,67000000.0,2281000000.0,3034000000.0,12000000.0,32000000.0,129000000.0,906000000.0,0.2419871795,710000000.0,0.1896367521,-20000000.0,690000000.0,0.1842948718,565000000.0,123000000.0,0.0328525641,0.33,0.33,368700000,376100000,https://www.sec.gov/Archives/edgar/data/1001250/000110465918006059/0001104659-18-006059-index.htm,https://www.sec.gov/Archives/edgar/data/1001250/000110465918006059/a17-27582_110q.htm,10.154597233523187,0.3336045565500407,3.680499050718741,3.281800922158937,6.77786818551668,12.446433414700298,3.6913479793870354,12.381339842690537,10.358014646053702,46913388000.0,48595388000.0,95.35241463414634,12.530285256410256,34.571398673544586,38.77139504132232,10.276755312157722,10.276755312157722,12.979537393162394,53.637293598234,35.81089756816507,40.161477685950416,0.0026218528493401,0.0257922109569234,0.8295728368017524,0.3004601713741669,1.8565121412803527,1.7558037026153397,22.1875,10.856,0.0030055386321704,1.146341463414634,0.5913461538461539,0.0,0.2561091716915265,0.1083271923360353,0.0392628205128205,1.1395348837209305,0.0200320512820512,9.640311521087524,0.0133787381324939,0.0131186006825938,-9.54502305397342,2572000000.0,1361000000.0,-2040000000.0,7528000000.0,1749000000.0,708500000.0,1481500000.0,40.84134615384615,88.20717131474103,172.70916334661354,2.20364920541495,1.0203252032520325,0.5211072664359861,0.0269441401971522,0.3986981285598047,2018-02-02,1.44,bmo,3546947368.0,2025-04-25,2017-12-31,0.0555555555555556,147.998125,1962793.5
2017-09-30,EL,USD,1001250,2017-11-01,2017-11-01 13:27:28,2018,Q1,3274000000.0,711000000.0,2563000000.0,0.7828344533,0,1961000000.0,0.0,1961000000.0,34000000.0,1994000000.0,2705000000.0,12000000.0,31000000.0,127000000.0,737000000.0,0.2251069029,568000000.0,0.173488088,-20000000.0,549000000.0,0.1676847892,119000000.0,427000000.0,0.1304215027,1.16,1.14,368400000,375400000,https://www.sec.gov/Archives/edgar/data/1001250/000110465917065144/0001104659-17-065144-index.htm,https://www.sec.gov/Archives/edgar/data/1001250/000110465917065144/a17-21413_110q.htm,8.887079261672095,1.1590662323561347,0.252442996742671,-0.0624321389793702,4.95385450597177,12.90173724212812,4.1150922909880565,12.842019543973942,10.765472312703585,39728256000.0,42219256000.0,23.26010304449649,12.134470372632864,427.1855483870968,-1727.3154782608697,8.39743310082435,8.39743310082435,12.895313378130728,57.28528629579376,453.9704946236559,-1835.6198260869564,0.0107480177332727,-0.0005789330394971,0.8317480448108222,0.3224881167021799,3.379918588873813,1.7527052832590706,18.32258064516129,0.2162790697674418,0.0031715462163755,0.2950819672131147,0.5989615149664019,0.0,0.2652843796099,1.2473118279569892,0.0354306658521686,0.9133858267716536,0.0174098961514966,18.30046180278653,0.0462839786635861,0.0476296709425543,-9.54329533116178,2365000000.0,1516000000.0,-1942000000.0,7297000000.0,1597000000.0,757000000.0,1498500000.0,49.45326817348809,85.9493670886076,192.1518987341772,1.819899944413563,1.0471281296023565,0.4683794466403162,0.0902557598816317,0.3148751357220412,2017-11-01,0.97,bmo,2624611570.0,2025-04-25,2017-09-30,0.2474226804123711,138.4739344262295,1799542.786885246
2017-06-30,EL,USD,1001250,2017-08-25,2017-08-25 11:13:53,2017,Q4,2894000000.0,613000000.0,2281000000.0,0.7881824464,179000000,1947000000.0,0.0,1947000000.0,104000000.0,2051000000.0,2664000000.0,9000000.0,32000000.0,127000000.0,467000000.0,0.1613683483,230000000.0,0.0794747754,-23000000.0,207000000.0,0.0715272979,-23000000.0,229000000.0,0.0791292329,0.62,0.61,368100000,374000000,https://www.sec.gov/Archives/edgar/data/1001250/000110465917053604/0001104659-17-053604-index.htm,https://www.sec.gov/Archives/edgar/data/1001250/000110465917053604/a17-15494_110k.htm,7.861994023363216,0.6221135560988862,1.4887258897038849,0.9779951100244498,4.729693018201576,11.958706873132302,3.148600923662048,11.958706873132302,9.790817712578104,35330238000.0,37766238000.0,38.5701288209607,12.208098825155494,64.47123722627737,98.13955,8.025951385733757,8.025951385733757,13.049840359364202,80.8698886509636,68.91649270072993,104.90621666666668,0.0064816998968419,0.0101895718902318,0.8114493412085416,0.3087828492392808,5.2162740899357605,1.7584130357775416,7.1875,2.382608695652174,0.0035380457952193,0.5458515283842795,0.6727712508638563,0.0618521078092605,0.2803423236514523,0.3430656934306569,0.0649619903248099,1.4803149606299213,0.0152038700760193,12.938031431857857,0.0286048304852871,0.0275075075075075,-9.886579733768,2141000000.0,1159000000.0,-2202000000.0,7055000000.0,1461500000.0,716000000.0,1394500000.0,43.38286109191431,122.59380097879284,217.1451876019576,2.074551971326165,0.7341317365269461,0.4144692359702501,0.0520218082689686,0.5107307796794349,2017-08-18,0.43,bmo,2440039215.0,2025-04-25,2017-06-30,0.186046511627907,120.13460317460316,1730933.3333333333
2017-03-31,EL,USD,1001250,2017-05-03,2017-05-03 11:37:31,2017,Q3,2857000000.0,591000000.0,2266000000.0,0.793139657,0,1780000000.0,0.0,1780000000.0,59000000.0,1839000000.0,2430000000.0,8000000.0,28000000.0,119000000.0,619000000.0,0.216660833,427000000.0,0.1494574729,-20000000.0,407000000.0,0.1424571229,107000000.0,298000000.0,0.1043052153,0.81,0.8,367000000,372300000,https://www.sec.gov/Archives/edgar/data/1001250/000110465917029271/0001104659-17-029271-index.htm,https://www.sec.gov/Archives/edgar/data/1001250/000110465917029271/a17-7355_110q.htm,7.784741144414169,0.8119891008174387,1.1662125340599454,0.8719346049046321,5.013623978201635,11.267029972752043,2.332425068119891,11.223433242506813,10.692098092643052,31117930000.000004,33874930000.000004,26.105645973154363,10.891820091004552,72.70544392523365,97.24353125000002,7.554729303228939,7.554729303228939,11.856818340917048,54.725250403877226,79.14703271028039,105.85915625,0.0095764724710159,0.0102834603715607,0.9458606457878126,0.3404106596767147,4.453957996768982,1.7384615384615385,15.25,1.4266666666666667,0.0040169767076409,0.4194630872483221,0.6230311515575779,0.0,0.2865006553079947,0.2523364485981308,0.0378018900945047,0.907563025210084,0.0143507175358767,14.319545139424726,0.0345718381746501,0.0364927749204016,-9.997275204359672,2112000000.0,856000000.0,-2338000000.0,6967000000.0,1518000000.0,607000000.0,1294000000.0,48.13440672033602,90.91370558375634,199.49238578680203,1.8697643979057592,0.9899497487437184,0.4511450381679389,0.0723476571983491,0.2942779291553133,2017-05-03,0.73,bmo,2291879120.0,2025-04-25,2017-03-31,0.2465753424657535,102.62031746031748,2188468.5555555555
2016-12-31,EL,USD,1001250,2017-02-02,2017-02-02 12:18:37,2017,Q2,3208000000.0,637000000.0,2571000000.0,0.8014339152,0,1917000000.0,0.0,1917000000.0,37000000.0,1954000000.0,2591000000.0,5000000.0,22000000.0,112000000.0,750000000.0,0.2337905237,617000000.0,0.1923316708,-17000000.0,600000000.0,0.187032419,170000000.0,428000000.0,0.1334164589,1.17,1.15,366900000,372600000,https://www.sec.gov/Archives/edgar/data/1001250/000110465917006054/0001104659-17-006054-index.htm,https://www.sec.gov/Archives/edgar/data/1001250/000110465917006054/a16-22889_110q.htm,8.743526846552195,1.166530389751976,2.6546742981738896,2.319433088034887,4.565276642136822,10.37884982284001,1.4200054510765876,10.37884982284001,11.052057781411827,28064181000.0,30835181000.0,16.392629088785043,8.748186097256857,28.81332751540041,32.97788601645124,7.369795430672269,7.369795430672269,9.6119641521197,41.113574666666665,31.658296714579052,36.234055229142186,0.0152507568277157,0.0303233506083787,1.0590861344537814,0.3597038886906885,3.6946666666666665,1.0742485419470615,28.045454545454547,2.265116279069768,0.0044540761763188,0.2920560747663551,0.597568578553616,0.0,0.2931680342490189,0.1262833675564681,0.0383416458852867,1.0982142857142858,0.0143391521197007,16.504938167192044,0.0497002735004308,0.0540063091482649,-10.790406105205776,331000000.0,521000000.0,-2615000000.0,5181000000.0,1566000000.0,581500000.0,1287000000.0,42.30673316708229,87.17425431711146,180.5651491365777,2.127320954907162,1.032414910858995,0.4984350547730829,0.1123949579831932,0.3352412101390024,2017-02-02,1.17,bmo,3076524590.0,2025-04-25,2016-12-31,0.0427350427350427,91.765873015873,1680675.3015873015
2016-09-30,EL,USD,1001250,2016-11-02,2016-11-02 16:41:49,2017,Q1,2865000000.0,596000000.0,2269000000.0,0.7919720768,0,1825000000.0,0.0,1825000000.0,26000000.0,1851000000.0,2447000000.0,6000000.0,21000000.0,106000000.0,545000000.0,0.1902268761,418000000.0,0.1458987784,-15000000.0,403000000.0,0.1406631763,107000000.0,294000000.0,0.102617801,0.8,0.79,366400000,373300000,https://www.sec.gov/Archives/edgar/data/1001250/000110465916154197/0001104659-16-154197-index.htm,https://www.sec.gov/Archives/edgar/data/1001250/000110465916154197/a16-17860_110q.htm,7.8193231441048034,0.8024017467248908,-0.4093886462882096,-0.6413755458515283,3.245087336244542,10.030021834061136,5.747816593886463,9.98089519650655,6.880458515283843,32448384000.0,34284384000.0,27.592163265306123,11.325788481675392,-216.32256,-138.07822978723405,8.872951599671863,8.872951599671863,11.966626178010472,62.90712660550459,-228.56256,-145.89099574468085,0.0090605436622051,-0.0072422712946197,0.6836204539239814,0.2674368848951647,3.368807339449541,1.622787610619469,19.904761904761905,-0.5067567567567568,0.0034208175051182,0.3775510204081632,0.6369982547993019,0.0,0.1678433889602054,-0.5666666666666667,0.0296684118673647,0.8018867924528302,0.0307155322862129,13.423690779364142,0.0424761164536589,0.0377940609332819,-7.145196506550218,1689000000.0,2106000000.0,-1272000000.0,4827000000.0,1441150000.0,631350000.0,1279700000.0,51.01570680628272,82.4496644295302,195.7046979865772,1.7641625615763548,1.0915750915750917,0.4598765432098765,0.0803937653814602,0.2319868995633187,2016-11-02,0.8,bmo,2728571428.0,2025-04-25,2016-09-30,0.0499999999999999,82.62661290322582,1976697.1935483871
2016-06-30,EL,USD,1001250,2016-08-24,2016-08-24 14:10:00,2016,Q4,2646300000.0,510700000.0,2135600000.0,0.8070135661,191000000,1892500000.0,0.0,1892500000.0,99400000.0,1991900000.0,2502600000.0,5200000.0,18600000.0,109800000.0,248300000.0,0.0938291199,143700000.0,0.0543022333,-13400000.0,130300000.0,0.0492385595,35300000.0,93500000.0,0.0353323508,0.25,0.25,368800000,375800000,https://www.sec.gov/Archives/edgar/data/1001250/000110465916141179/0001104659-16-141179-index.htm,https://www.sec.gov/Archives/edgar/data/1001250/000110465916141179/a16-11315_110k.htm,7.175433839479393,0.253524945770065,1.2811822125813448,0.7635574837310195,3.7510845986984815,9.726952277657269,5.463665943600867,9.726952277657269,6.128253796095445,33568176000.0,34895576000.0,89.75448128342246,12.684947284888334,71.04375873015873,119.20517045454544,9.35750452986926,9.35750452986926,13.186553300835127,140.53796214256948,73.8530708994709,123.91894886363636,0.0027853762444524,0.0083888978656451,0.6248431968332729,0.2430258150553489,5.3459524768425295,1.5762357769072934,7.725806451612903,4.973684210526316,0.0032947873009245,1.1828877005347591,0.7151494539545781,0.0721762460794316,0.1704704389968883,0.404021164021164,0.0721384574689188,1.738615664845173,0.0136794770056305,7.448863241849327,0.015240789911335,0.0122206247549339,-7.259151301518438,1544600000.0,2015000000.0,-1410900000.0,4700200000.0,1337450000.0,644600000.0,1206950000.0,42.79446774742093,126.30311337380068,222.64734677893088,2.103075578161011,0.7125715083019395,0.4042266898844388,0.0260641708248543,0.5176247288503254,2016-08-19,0.4,bmo,2461674418.0,2025-04-25,2016-06-30,0.0749999999999999,81.2915873015873,1933477.9365079368
2016-03-31,EL,USD,1001250,2016-05-03,2016-05-03 14:15:27,2016,Q3,2656500000.0,504200000.0,2152300000.0,0.8102013928,0,1753100000.0,0.0,1753100000.0,15000000.0,1769000000.0,2273000000.0,4200000.0,18000000.0,103300000.0,468000000.0,0.1761716544,384000000.0,0.1445511011,-14000000.0,370200000.0,0.1393562959,103600000.0,265600000.0,0.0999811782,0.72,0.71,369100000,375600000,https://www.sec.gov/Archives/edgar/data/1001250/000110465916117119/0001104659-16-117119-index.htm,https://www.sec.gov/Archives/edgar/data/1001250/000110465916117119/a16-5365_110q.htm,7.197236521267949,0.719588187483067,0.958818748306692,0.6580872392305608,2.9092386887022488,10.35600108371715,6.081820644811704,10.327282579246816,5.264968843131943,34809821000.0,36178821000.0,32.765268260542165,13.103640504423112,98.36061316756144,143.30926718814328,9.132121569862008,9.132121569862008,13.618980237154153,77.30517307692308,102.22893755298108,148.94533141210374,0.0076300306169342,0.0069779158014055,0.5050894590482187,0.2183795923459955,2.925213675213675,1.747257262604265,21.33333333333333,1.327456864216054,0.0031801370078863,0.4167921686746988,0.6599284773197817,0.0,0.1789412792214421,0.3136479231421305,0.0417843026538678,1.074540174249758,0.0135893092414831,12.930827020673409,0.0413026984975146,0.0366916711564231,-6.18369005689515,1818600000.0,2244800000.0,-741600000.0,4906700000.0,1413600000.0,549950000.0,1113950000.0,47.99322416713721,102.19159063863546,205.36493454978185,1.8752647183396869,0.8806986899563318,0.4382442416340721,0.0696783671756125,0.3007315090761311,2016-05-03,0.61,bmo,2219815068.0,2025-04-25,2016-03-31,0.1967213114754098,91.16734375,1595767.59375
2015-12-31,EL,USD,1001250,2016-02-05,2016-02-05 14:53:06,2016,Q2,3124800000.0,589000000.0,2535800000.0,0.8115079365,0,1887900000.0,0.0,1887900000.0,19000000.0,1905000000.0,2494000000.0,3200000.0,17000000.0,103500000.0,745000000.0,0.2384152586,629400000.0,0.2014208909,-14000000.0,615600000.0,0.1970046083,167200000.0,446200000.0,0.1427931388,1.21,1.19,369600000,376000000,https://www.sec.gov/Archives/edgar/data/1001250/000110465916094265/0001104659-16-094265-index.htm,https://www.sec.gov/Archives/edgar/data/1001250/000110465916094265/a15-23972_110q.htm,8.454545454545455,1.2072510822510822,2.581439393939394,2.220238095238096,3.8262987012987018,9.782196969696969,5.820075757575758,9.750541125541126,5.407738095238095,32546976000.0,33660576000.0,18.23564320932317,10.415698924731185,34.112751283932504,39.66241286863271,9.03129363449692,9.03129363449692,10.772073732718894,45.18198120805369,35.279924536212135,41.019468681452594,0.0137094149699191,0.0252127878178298,0.5498917808979411,0.2309108493259225,1.4947651006711409,1.8051948051948048,37.02352941176471,2.1277876895628904,0.0034258175014477,0.2498879426266248,0.6041666666666666,0.0,0.1706342270539844,0.1399224399958075,0.0427227342549923,1.289855072463768,0.0136008704557091,16.274378785155587,0.0707804189918099,0.0626887899180915,-5.2915313852813854,1996400000.0,2151100000.0,-490800000.0,4957600000.0,1474900000.0,521000000.0,1127050000.0,40.6278801843318,80.58743633276741,164.62818336162988,2.21522756273926,1.1167993932499052,0.5466864674215705,0.1238137521505078,0.3612012987012987,2016-02-05,1.11,bmo,2843055737.0,2025-04-25,2015-12-31,0.0990990990990989,93.311875,1546023.0
2015-09-30,EL,USD,1001250,2015-11-02,2015-11-02 14:08:38,2016,Q1,2834700000.0,577200000.0,2257500000.0,0.7963805694,0,1804300000.0,0.0,1804300000.0,0.0,1805000000.0,2382000000.0,3000000.0,17100000.0,98100000.0,551000000.0,0.19437683,453200000.0,0.1598758246,-14000000.0,439100000.0,0.1549017533,128300000.0,309300000.0,0.1091120754,0.83,0.82,372500000,379000000,https://www.sec.gov/Archives/edgar/data/1001250/000110465915074840/0001104659-15-074840-index.htm,https://www.sec.gov/Archives/edgar/data/1001250/000110465915074840/a15-19200_110q.htm,7.609932885906041,0.8303355704697987,0.0220134228187919,-0.2193288590604027,2.89744966442953,9.401342281879195,5.463892617449664,9.37020134228188,5.592751677852349,30053300000.000004,31711000000.000004,24.29138376980278,10.601933185169507,3665.036585365854,-367.8494492044064,8.61027389410956,8.61027389410956,11.186721698945217,57.55172413793104,3867.19512195122,-388.13953488372096,0.0102917150529226,-0.0027185034588547,0.5919665367866147,0.2452346476131697,3.008529945553539,1.7859674856374526,26.502923976608187,0.0263835263835263,0.0029846971879959,0.2900096993210475,0.6365047447701697,0.0,0.1740807558098132,10.96341463414634,0.0317141143683634,0.9164118246687054,0.0242353688220975,13.230996116378057,0.0499284244175545,0.0444479572333912,-5.641208053691275,1929000000.0,2035300000.0,-540100000.0,4864200000.0,1356850000.0,575000000.0,1196250000.0,48.86866335061911,80.23908523908524,183.477130977131,1.841670997920998,1.1216478818499809,0.4905243477521883,0.0886144854457941,0.2413422818791946,2015-11-02,0.7,bmo,2419865853.0,2025-04-25,2015-09-30,0.1714285714285714,89.1416393442623,1682377.1803278688
2015-06-30,EL,USD,1001250,2015-08-20,2015-08-20 15:37:29,2015,Q4,2524400000.0,488000000.0,2036400000.0,0.8066867374,178100000,1808100000.0,0.0,1808100000.0,0.0,1808100000.0,2296100000.0,5800000.0,15000000.0,110700000.0,346600000.0,0.1372999525,228300000.0,0.0904373316,-9200000.0,219100000.0,0.0867929013,65300000.0,153000000.0,0.0606084614,0.41,0.4,377000000,383700000,https://www.sec.gov/Archives/edgar/data/1001250/000110465915061122/0001104659-15-061122-index.htm,https://www.sec.gov/Archives/edgar/data/1001250/000110465915061122/a15-12311_110k.htm,6.696021220159151,0.4058355437665782,1.4809018567639258,0.9684350132625996,4.045358090185676,9.693103448275862,5.790185676392573,9.693103448275862,4.382758620689655,32670820000.0,33286720000.0,53.38369281045751,12.942013943907464,58.51839512806734,89.48457956724185,8.940377090003558,8.940377090003558,13.18599271113928,96.03785343335257,59.62156546659502,91.17151465351958,0.0046830780494643,0.0111751097768589,0.4480475056782421,0.1987207495873385,1.7769763416041546,2.0923862146469374,15.22,3.630039011703511,0.0027578126291289,0.5888888888888889,0.7162494057993979,0.0705514181587704,0.178585299543645,0.3460505104782375,0.076533037553478,1.7452574525745257,0.0123197591506892,9.40800897885022,0.0261287468096548,0.0226070510357871,-4.167175066312997,2332900000.0,2182900000.0,-116400000.0,5294500000.0,1262350000.0,566550000.0,1144450000.0,41.87331643162731,117.1844262295082,224.2254098360656,2.1493401447424434,0.768020144790683,0.4013818062181279,0.0418684837041293,0.5124668435013262,2015-08-17,0.34,bmo,2145740000.0,2025-04-25,2015-06-30,0.1764705882352941,85.158125,1978366.734375
2015-03-31,EL,USD,1001250,2015-05-05,2015-05-05 14:59:22,2015,Q3,2580500000.0,502900000.0,2077600000.0,0.8051152877,0,1680400000.0,0.0,1680400000.0,0.0,1680400000.0,2183300000.0,3100000.0,15200000.0,100000000.0,496500000.0,0.1924045728,397200000.0,0.1539236582,-12100000.0,385100000.0,0.1492346444,112400000.0,272100000.0,0.1054446813,0.72,0.71,378500000,384700000,https://www.sec.gov/Archives/edgar/data/1001250/000110465915034223/0001104659-15-034223-index.htm,https://www.sec.gov/Archives/edgar/data/1001250/000110465915034223/a15-5611_110q.htm,6.817701453104359,0.71889035667107,1.0338177014531045,0.7896961690885073,3.764861294583884,10.2110964332893,6.30779392338177,10.2110964332893,3.8784676354029055,31476060000.0,31640560000.0,28.91957001102536,12.197659368339467,80.43971377459751,105.3063231850117,8.144081347512225,8.144081347512225,12.261406704127108,63.72721047331319,80.86010733452594,105.85667447306793,0.0086446651836348,0.0094961059293952,0.3758958834639965,0.1794665909006683,0.3313192346424974,2.1117574139410697,26.13157894736842,1.434910157682435,0.0028879090966277,0.3340683572216097,0.651191629529161,0.0,0.1825054662697187,0.2361359570661896,0.0358070141445456,0.924,0.0127882193373377,12.851646666125154,0.0458614619083949,0.0411170043972981,-3.3183619550858654,2331800000.0,2387500000.0,199000000.0,5207400000.0,1374600000.0,496350000.0,1092700000.0,47.09087386165472,89.06939749453171,192.04414396500297,1.9111983409865203,1.0104480610809723,0.4686422514211164,0.0704028564775285,0.2441215323645971,2015-05-05,0.51,bmo,1827854166.0,2025-04-25,2015-03-31,0.4117647058823528,83.78453125,2069189.5625
2014-12-31,EL,USD,1001250,2015-02-05,2015-02-05 15:02:58,2015,Q2,3044500000.0,573100000.0,2471400000.0,0.8117589095,0,1838600000.0,0.0,1838600000.0,0.0,1838600000.0,2411700000.0,3800000.0,15000000.0,98000000.0,721400000.0,0.2369518804,632800000.0,0.2078502217,-11200000.0,621600000.0,0.2041714567,183900000.0,435700000.0,0.1431105272,1.15,1.13,380000000,386100000,https://www.sec.gov/Archives/edgar/data/1001250/000110465915006983/0001104659-15-006983-index.htm,https://www.sec.gov/Archives/edgar/data/1001250/000110465915006983/a14-25281_110q.htm,8.011842105263158,1.1465789473684211,2.278947368421053,1.9928947368421053,3.610526315789474,10.077105263157897,6.896052631578947,10.047368421052632,3.695263157894737,28956000000.0,29104000000.0,16.614643103052558,9.510921333552307,33.4364896073903,38.23583784497557,7.584075432163437,7.584075432163437,9.559533585153556,40.34377599112836,33.607390300230946,38.43126898190941,0.0150469678132338,0.026153474236773,0.363855421686747,0.1768194893465366,0.2051566398669254,2.1651501809999023,42.18666666666667,1.978524103267078,0.0031565133305705,0.2097773697498278,0.6039086877976679,0.0,0.1538579029096555,0.1255196304849884,0.0357037280341599,1.1091836734693878,0.0127442929873542,16.099760089229527,0.0757684175018256,0.0655404795571467,-2.7628947368421053,2381800000.0,2620500000.0,398700000.0,5024800000.0,1450550000.0,505550000.0,1184650000.0,41.3565445886024,77.73512476007677,174.67632175885535,2.1761972837741244,1.1577777777777778,0.5152386945967814,0.114117338920901,0.2860526315789474,2015-02-05,1.05,bmo,2828960176.0,2025-04-25,2014-12-31,0.076190476190476,86.25857142857143,1450074.111111111
2014-09-30,EL,USD,1001250,2014-11-04,2014-11-04 16:20:45,2015,Q1,2631000000.0,536600000.0,2094400000.0,0.7960471304,0,1746400000.0,0.0,1746400000.0,0.0,1746400000.0,2283000000.0,0.0,13200000.0,100600000.0,451100000.0,0.1714557203,348000000.0,0.1322690992,-13200000.0,334800000.0,0.1272519954,105600000.0,228100000.0,0.0866970734,0.6,0.59,381800000,388200000,https://www.sec.gov/Archives/edgar/data/1001250/000110465914076517/0001104659-14-076517-index.htm,https://www.sec.gov/Archives/edgar/data/1001250/000110465914076517/a14-20044_110q.htm,6.891042430591933,0.5974332111052907,0.3344683080146673,0.1283394447354636,3.6547930853850175,9.937663698271349,7.193033001571504,9.900995285489785,3.5259298061812467,28528096000.0,28465696000.0,31.26709338009645,10.843061953629798,223.3993422083007,582.2060408163265,7.546716046770013,7.546716046770013,10.819344735841884,63.10285080913323,222.91069694596712,580.9325714285715,0.0079956264869551,0.0017176049884296,0.3526268451404687,0.1739232545698889,-0.138328530259366,2.4349281557398155,26.363636363636363,0.5571553228621291,0.0027166201347611,0.3397632617273126,0.6637780311668567,0.0,0.1367248150516029,0.6162881754111198,0.0299125807677689,0.7823061630218688,0.0236031927023945,11.536534429686473,0.041529226221069,0.0344749410555589,-1.8848218962807752,2786200000.0,2746300000.0,857800000.0,5278400000.0,1440700000.0,520300000.0,1275500000.0,51.383124287343215,86.56168468132688,210.82743197912785,1.7515478330337528,1.0397209843053672,0.4268894192521877,0.0603407227130839,0.2061288632792037,2014-11-04,0.55,bmo,2452627118.0,2025-04-25,2014-09-30,0.0727272727272725,78.7155737704918,1949411.262295082
2014-06-30,EL,USD,1001250,2014-08-20,2014-08-20 16:11:42,2014,Q4,2725300000.0,533800000.0,2191500000.0,0.8041316552,157900000,1812000000.0,0.0,1812000000.0,-700000.0,1811300000.0,2345100000.0,0.0,12600000.0,104600000.0,484800000.0,0.1778886728,380200000.0,0.1395075771,-12600000.0,367600000.0,0.1348842329,109200000.0,257700000.0,0.0945583972,0.67,0.66,383000000,389800000,https://www.sec.gov/Archives/edgar/data/1001250/000110465914062259/0001104659-14-062259-index.htm,https://www.sec.gov/Archives/edgar/data/1001250/000110465914062259/a14-14862_110k.htm,7.115665796344648,0.672845953002611,0.9550913838120104,0.5180156657963446,4.2535248041775455,10.102872062663184,7.360052219321148,10.102872062663184,3.539686684073107,28441580000.000004,28155580000.000004,27.59175397749321,10.436128132682642,77.75172225259705,143.35473790322584,7.350385072621079,7.350385072621079,10.3311855575533,58.07669141914192,76.96987424822308,141.9132056451613,0.0090606780635956,0.0069757024750383,0.3471080787719026,0.1706867629117527,-0.5899339933993399,2.34608839402927,30.174603174603178,1.4156346749226003,0.0026932399676811,0.2972448583624369,0.664880930539757,0.057938575569662,0.1335019316795445,0.4576271186440678,0.0614244303379444,1.6003824091778205,0.0102007118482368,12.36720352682798,0.0458377529368609,0.0377953448806887,-1.7984986945169712,2768500000.0,2818900000.0,825800000.0,5321600000.0,1389150000.0,518500000.0,1254700000.0,45.54984772318644,88.43199700262271,218.17159985013112,1.975857318929892,1.0177311725452811,0.4125193199381762,0.0665994727864785,0.4370757180156658,2014-08-15,0.56,bmo,2312375757.0,2025-04-25,2014-06-30,-0.1964285714285714,73.86671875,1798066.609375
2014-03-31,EL,USD,1001250,2014-05-02,2014-05-02 16:10:14,2014,Q3,2549800000.0,498700000.0,2051100000.0,0.8044160326,0,1709500000.0,0.0,1709500000.0,0.0,1709500000.0,2208200000.0,0.0,12300000.0,95600000.0,438900000.0,0.1721311475,341600000.0,0.1339712919,-12300000.0,329300000.0,0.1291473841,115600000.0,213200000.0,0.0836144011,0.55,0.54,385800000,392100000,https://www.sec.gov/Archives/edgar/data/1001250/000110465914034101/0001104659-14-034101-index.htm,https://www.sec.gov/Archives/edgar/data/1001250/000110465914034101/a14-7129_110q.htm,6.60912389839295,0.5526179367547952,1.0031104199066874,0.6767755313634007,3.96630378434422,9.544841886988078,6.818818040435459,9.544841886988078,3.52099533437014,25802304000.0,25618204000.0,30.255984990619137,10.119344262295082,66.67262015503876,98.82153963998468,7.006925917879642,7.006925917879642,10.047142520982035,58.369113693324216,66.19690956072351,98.11644580620452,0.0082628280017164,0.0101192513660795,0.3655496415381273,0.1760528380852733,-0.4194577352472089,2.3006914137203944,27.77235772357724,1.8109499298081424,0.0029764783796051,0.3602251407129456,0.6704447407639815,0.0,0.1375490452524195,0.3253229974160206,0.0493764216801317,1.3169456066945606,0.011726409914503,10.894018711217509,0.0394094529118146,0.032330952489271,-2.012571280456195,2652500000.0,2630700000.0,728200000.0,5139100000.0,1450000000.0,502900000.0,1180650000.0,49.38034355635736,92.4904752356126,219.34228995388008,1.8225875625446748,0.9730731707317072,0.4103175909165706,0.0578970236802085,0.3263348885432867,2014-05-02,0.55,bmo,2191234375.0,2025-04-25,2014-03-31,0.1636363636363635,75.24859375,1543832.390625
2013-12-31,EL,USD,1001250,2014-02-05,2014-02-05 16:08:25,2014,Q2,3018700000.0,581600000.0,2437100000.0,0.807334283,0,1784200000.0,0.0,1784200000.0,-3400000.0,1780800000.0,2362400000.0,0.0,12400000.0,95500000.0,748100000.0,0.2478219101,656300000.0,0.2174114685,-12400000.0,643900000.0,0.21330374,208700000.0,432500000.0,0.1432735946,1.11,1.09,388300000,395400000,https://www.sec.gov/Archives/edgar/data/1001250/000110465914006766/0001104659-14-006766-index.htm,https://www.sec.gov/Archives/edgar/data/1001250/000110465914006766/a13-24950_110q.htm,7.774143703322173,1.113829513262941,1.9379345866597992,1.6000515065670873,4.5016739634303375,10.000257532835436,7.287664177182591,9.962915271697142,3.4797836724182334,29246756000.0,28837556000.0,16.90563930635838,9.688526849305992,38.86612093023256,47.073484629003694,7.560036188802149,7.560036188802149,9.552971809056878,38.547728913246885,38.32233355481727,46.41486560437791,0.0147879648601027,0.0212433816591488,0.3460683451377759,0.1707391725756261,-0.5469856970993183,2.4155754989946545,52.92741935483871,1.7290900735294117,0.0026874775445181,0.1817341040462427,0.5910491271076954,0.0,0.1343289292455236,0.1743521594684385,0.0434624175969788,1.3738219895287958,0.0127869612747209,15.801337096096422,0.0762428547122102,0.0637163187436467,-1.3170229204223538,2886500000.0,2829800000.0,967500000.0,5335200000.0,1533850000.0,477600000.0,1171100000.0,44.75105177725511,76.335969738652,177.3229023383769,2.0111259160559625,1.1789985809852015,0.5075486517148093,0.1117975495011115,0.3378830800927118,2014-02-05,1.06,bmo,2935616513.0,2025-04-25,2013-12-31,0.0283018867924528,73.48428571428572,1999599.5555555555
2013-09-30,EL,USD,1001250,2013-11-01,2013-11-01 13:25:38,2014,Q1,2675000000.0,544100000.0,2130900000.0,0.7965981308,0,1680200000.0,0.0,1680200000.0,1200000.0,1681400000.0,2225500000.0,0.0,13500000.0,88900000.0,539600000.0,0.2017196262,449500000.0,0.1680373832,-13500000.0,436000000.0,0.1629906542,134200000.0,300700000.0,0.112411215,0.78,0.76,387800000,394900000,https://www.sec.gov/Archives/edgar/data/1001250/000110465913079964/0001104659-13-079964-index.htm,https://www.sec.gov/Archives/edgar/data/1001250/000110465913079964/a13-20042_110q.htm,6.897885507993811,0.7753996905621454,0.0771015987622485,-0.1438886023723568,3.409489427539969,9.31536874677669,6.602888086642599,9.31536874677669,3.491748323878288,27107220000.000004,27125620000.000004,22.536764216827404,10.133540186915887,906.5959866220736,-485.7924731182797,7.503728719723184,7.503728719723184,10.140418691588788,50.269866567828025,907.2113712374584,-486.1222222222223,0.0110929855588289,-0.0020584921655558,0.3711003460207612,0.1782594242404095,0.0340993328391401,2.33065003018716,33.2962962962963,0.0990722332670642,0.0025749597339749,0.2321250415696707,0.6281121495327103,0.0,0.139871019214148,2.8662207357859533,0.03203738317757,0.9640044994375704,0.0210467289719626,12.748353461673622,0.0560742367305799,0.0464861020931886,-2.0954744713769986,2644800000.0,2560600000.0,724400000.0,5061100000.0,1369200000.0,471800000.0,1155100000.0,52.71140186915888,76.40323469950376,197.8809042455431,1.7074104806280717,1.1779605975319334,0.454819025328095,0.0832387543252595,0.2209902011346054,2013-10-31,0.73,bmo,2569407894.0,2025-04-25,2013-09-30,0.0410958904109589,69.47540983606558,2367984.1147540985
2013-06-30,EL,USD,1001250,2013-08-23,2013-08-23 14:23:47,2013,Q4,2407400000.0,475600000.0,1931800000.0,0.8024424691,146800000,1765200000.0,0.0,1765200000.0,20800000.0,1786000000.0,2261600000.0,0.0,13000000.0,89700000.0,235500000.0,0.0978233779,145800000.0,0.0605632633,-13000000.0,132800000.0,0.0551632467,36900000.0,94000000.0,0.039046274,0.24,0.24,388200000,395500000,https://www.sec.gov/Archives/edgar/data/1001250/000110465913065820/0001104659-13-065820-index.htm,https://www.sec.gov/Archives/edgar/data/1001250/000110465913065820/a13-12592_110k.htm,6.201442555383823,0.2421432251416795,0.752447192168985,0.3518804739824832,3.8529108706852138,8.505667181865018,5.798042246264812,8.505667181865018,3.496393611540443,25986108000.0,25834708000.0,69.11198936170213,10.794262690039046,88.96305374871619,190.23505124450952,7.870046942669372,7.870046942669372,10.731373265763894,109.70152016985138,88.44473810338926,189.1267057101025,0.003617317375884,0.0052566548249549,0.4071292286259426,0.1881402899848849,-0.6428874734607218,2.221234363692753,11.215384615384616,3.045881126173097,0.0026898987720669,0.7436170212765958,0.7332391791974745,0.0609786491650743,0.1471057493142249,0.5323519342690859,0.0645925064384813,1.73355629877369,0.0113815734817645,6.807405370364472,0.0201357457983169,0.0154247550909896,-2.3489824832560537,2362600000.0,2250800000.0,453900000.0,4764400000.0,1266800000.0,434950000.0,1051600000.0,43.80368862673424,91.15433137089992,210.78847771236337,2.054621490142528,0.9873365165040482,0.4269683095430469,0.0284684575547412,0.4005667181865018,2013-08-15,0.21,bmo,1805549999.0,2025-04-25,2013-06-30,0.3333333333333335,72.41984375,1329618.796875
2013-03-31,EL,USD,1001250,2013-05-03,2013-05-03 12:45:21,2013,Q3,2291800000.0,443100000.0,1848700000.0,0.8066585217,0,1605300000.0,0.0,1605300000.0,-1700000.0,1603600000.0,2046700000.0,0.0,12600000.0,90400000.0,335500000.0,0.1463914827,245100000.0,0.1069465049,-12600000.0,232500000.0,0.101448643,53600000.0,178800000.0,0.078017279,0.46,0.45,387200000,394000000,https://www.sec.gov/Archives/edgar/data/1001250/000110465913036980/0001104659-13-036980-index.htm,https://www.sec.gov/Archives/edgar/data/1001250/000110465913036980/a13-5006_110q.htm,5.918904958677686,0.4617768595041322,0.7208161157024794,0.462293388429752,3.715392561983471,8.28202479338843,5.514721074380165,8.28202479338843,3.5170454545454546,24649152000.0,24559752000.0,34.46469798657718,10.755367833144254,88.31656037262628,137.70475977653632,7.686526131969564,7.686526131969564,10.716359193646914,73.20343368107302,87.99624507345038,137.20531843575418,0.007253799238205,0.0072619131075989,0.4207309467381813,0.1901594057870925,-0.266467958271237,2.237173130121614,19.452380952380956,1.5600894354387926,0.0028317404184939,0.3903803131991051,0.7004537917793874,0.0,0.1510197178334343,0.358652812611967,0.0436774587660354,1.1073008849557522,0.0129156121825639,9.27631750680684,0.036273893254049,0.0296832458994621,-2.411221590909091,2370300000.0,2135300000.0,397900000.0,4737800000.0,1446800000.0,366950000.0,991700000.0,53.48241556854874,78.84901828029791,200.94109681787407,1.6827960936926354,1.1414219474497682,0.4478924492065096,0.0557565174005238,0.2585227272727273,2013-05-02,0.34,bmo,1731582222.0,2025-04-25,2013-03-31,0.3235294117647058,67.7090625,1777214.859375
2012-12-31,EL,USD,1001250,2013-02-06,2013-02-06 13:54:34,2013,Q2,2933000000.0,568000000.0,2365000000.0,0.8063416297,0,1698600000.0,0.0,1698600000.0,13300000.0,1711900000.0,2279900000.0,0.0,13400000.0,79300000.0,753700000.0,0.2569723832,653100000.0,0.222673031,7900000.0,661000000.0,0.2253665189,211600000.0,447500000.0,0.1525741562,1.16,1.13,387400000,394700000,https://www.sec.gov/Archives/edgar/data/1001250/000110465913007939/0001104659-13-007939-index.htm,https://www.sec.gov/Archives/edgar/data/1001250/000110465913007939/a12-28228_110q.htm,7.570986060918947,1.1551368094992256,2.014197212183789,1.7305110996386164,3.416623644811564,8.06169334021683,5.290139390810531,8.06169334021683,3.535105833763552,23189764000.0,23222264000.0,12.955175418994411,7.906499829526083,29.71903626810201,34.59093675417661,7.425239025327398,7.425239025327398,7.917580634162973,30.81101764627836,29.760686915288996,34.639415274463005,0.0192973072084735,0.0289093067096327,0.4342160033300246,0.189132648080222,0.043120605015258,2.115290907318975,48.73880597014925,1.7363150867823764,0.0120311703042773,0.623463687150838,0.5791339924991477,0.0,0.149746865455154,0.1408432654107394,0.0374701670644391,1.2130242825607065,0.0116945107398568,14.475084500410786,0.0863214596176209,0.0734039761170526,-2.7815565307176047,2288800000.0,2049400000.0,294000000.0,4664100000.0,1568200000.0,383700000.0,1031000000.0,47.00068189566996,54.776408450704224,157.51584507042253,1.9148658353463472,1.643043100954585,0.5713710894276229,0.1432871185680894,0.2836861125451729,2013-02-05,1.05,bmo,3019264705.0,2025-04-25,2012-12-31,-0.0285714285714285,68.220625,1753624.59375
2012-09-30,EL,USD,1001250,2012-11-02,2012-11-02 14:53:01,2013,Q1,2549500000.0,539200000.0,2010300000.0,0.7885075505,0,1527900000.0,0.0,1527900000.0,400000.0,1528300000.0,2067500000.0,0.0,34900000.0,77500000.0,542200000.0,0.2126691508,482000000.0,0.1890566778,-33100000.0,448900000.0,0.1760737399,149300000.0,299500000.0,0.1174740145,0.77,0.76,387800000,395500000,https://www.sec.gov/Archives/edgar/data/1001250/000110465912073618/0001104659-12-073618-index.htm,https://www.sec.gov/Archives/edgar/data/1001250/000110465912073618/a12-19563_110q.htm,6.57426508509541,0.7723053120165033,-0.3228468282619907,-0.5691077875193399,2.7171222279525526,7.840381640020629,5.072460030943786,7.840381640020629,3.5832903558535327,24493448000.0,24794448000.0,20.445282136894825,9.607157481859188,-195.63456869009585,-110.98073402809244,8.05573030751521,8.05573030751521,9.725219847028828,45.729339727038,-198.03872204472844,-112.34457634798368,0.0122277598482663,-0.0090105729499578,0.4455517184673573,0.1933186825732062,0.5551457026927333,2.13602717501521,13.810888252148995,-0.417890520694259,2.041362245119593e-05,0.001669449081803,0.5992939792116101,0.0,0.1531765511730121,-0.762779552715655,0.0374583251617964,1.232258064516129,0.0213767405373602,11.672244374950065,0.0635853979416125,0.0504701560446227,-3.0322975760701394,2240700000.0,1967100000.0,246000000.0,4583000000.0,1332500000.0,457750000.0,1025750000.0,56.64757795646206,70.38761127596439,178.24740356083086,1.5887704866953325,1.2786341000711403,0.5049161906545556,0.0985035356026969,0.2462609592573491,2012-11-01,0.77,bmo,2484955696.0,2025-04-25,2012-09-30,0.0259740259740259,63.46933333333333,1900564.35
2012-06-30,EL,USD,1001250,2012-08-17,2012-08-17 16:24:54,2012,Q4,2251200000.0,441200000.0,1810000000.0,0.8040156361,0,1701400000.0,0.0,1701400000.0,35400000.0,1736800000.0,2178000000.0,0.0,14000000.0,80400000.0,153600000.0,0.0682302772,73200000.0,0.0325159915,-14000000.0,59200000.0,0.026297086,7000000.0,51200000.0,0.0227434257,0.13,0.13,388200000,388200000,https://www.sec.gov/Archives/edgar/data/1001250/000110465912058698/0001104659-12-058698-index.htm,https://www.sec.gov/Archives/edgar/data/1001250/000110465912058698/a12-12514_110k.htm,5.799072642967542,0.1318907779495105,0.6620298815043791,0.2787223080886141,3.47166409067491,7.077537351880474,4.314270994332818,7.0407006697578565,3.354198866563627,21009384000.0,20949784000.0,102.58488281249998,9.332526652452026,81.74857587548638,194.17175600739367,7.686734962681107,7.686734962681107,9.306051883439943,136.39182291666663,81.51666926070038,193.62092421441776,0.0024370062444477,0.0051500796025242,0.4712790867847212,0.1953738813893523,-0.3880208333333333,1.8134819832533635,5.228571428571429,4.923371647509579,0.0,0.0,0.7557746979388771,0.0,0.1627028666767784,0.5789883268482491,0.0660980810234541,3.9574468085106393,0.0105277185501066,4.570949408436948,0.0137733333179536,0.0092748582504574,-3.1189464193714582,1729300000.0,1674800000.0,9600000.0,4033800000.0,1182550000.0,450200000.0,941150000.0,42.38939232409382,100.7298277425204,200.64369900271987,2.1231726869753844,0.8934791413527744,0.4485563237088247,0.0187326211034684,0.383307573415765,2012-08-14,0.16,bmo,2118776470.0,2025-04-25,2012-06-30,0.0625,60.31596774193549,1677241.2096774194
2012-03-31,EL,USD,1001250,2012-05-07,2012-05-07 09:15:49,2012,Q3,2248200000.0,469300000.0,1778900000.0,0.7912552264,0,1539000000.0,0.0,1539000000.0,28400000.0,1567400000.0,2036700000.0,0.0,14500000.0,74400000.0,211500000.0,0.0940752602,211500000.0,0.0940752602,-14500000.0,197000000.0,0.0876256561,65700000.0,130400000.0,0.0580019571,0.34,0.33,388200000,396300000,https://www.sec.gov/Archives/edgar/data/1001250/000110465912033532/0001104659-12-033532-index.htm,https://www.sec.gov/Archives/edgar/data/1001250/000110465912033532/a12-5846_110q.htm,5.791344667697064,0.3359093250901597,0.6684698608964451,0.4356002060793405,3.072642967542504,7.355744461617723,4.546625450798557,7.355744461617723,3.154044307058218,24045108000.0,24062208000.0,46.09875,10.695270883373365,92.65937572254334,142.19460674157304,8.420629662055681,8.420629662055681,10.70287696824126,113.769304964539,92.72527167630058,142.29573033707865,0.0054231405406871,0.0070326155324401,0.4237086324636666,0.1832765280618041,0.0808510638297872,1.894810999902828,14.586206896551724,1.9763899466869763,0.0,0.0,0.6845476381104884,0.0,0.1651897296069075,0.3483622350674373,0.0402099457343652,1.841140529531568,0.0108531269460012,7.456166645592627,0.0300736486245748,0.0236617673743422,-2.898634724368882,1841700000.0,1765000000.0,153900000.0,4114000000.0,1344250000.0,395700000.0,898800000.0,52.2337870296237,77.9757085020243,172.34817813765184,1.7230226854690374,1.1542056074766356,0.5221987315010571,0.0456662580984065,0.2328696548171046,2012-05-04,0.33,bmo,1952384210.0,2025-04-25,2012-03-31,0.1515151515151514,57.10301587301588,2424445.238095238
2011-12-31,EL,USD,1001250,2012-02-06,2012-02-06 09:09:30,2012,Q2,2737500000.0,551000000.0,2186500000.0,0.7987214612,0,1576700000.0,0.0,1576700000.0,12800000.0,1589500000.0,2140500000.0,0.0,16600000.0,71400000.0,678900000.0,0.248,597000000.0,0.2180821918,-6100000.0,590900000.0,0.2158538813,192500000.0,396700000.0,0.144913242,1.03,1.0,386800000,395200000,https://www.sec.gov/Archives/edgar/data/1001250/000110465912006720/0001104659-12-006720-index.htm,https://www.sec.gov/Archives/edgar/data/1001250/000110465912006720/a11-29930_110q.htm,7.077300930713547,1.0255946225439505,1.671147880041365,1.4108066184074457,2.5829886246122027,6.834798345398139,4.014736297828335,6.834798345398139,3.1776111685625645,21722688000.0,21936088000.0,13.689619359717671,7.935228493150685,33.605643564356434,39.80701484332051,8.2167749744676,8.2167749744676,8.013182831050228,32.31122109294447,33.935779702970294,40.19807220084295,0.0182620125096857,0.025121200470218,0.458637515603132,0.1911797168175081,0.3143320076594491,1.8561396567924435,35.963855421686745,1.6224899598393574,0.0093772925339626,0.5134862616586842,0.5759634703196347,0.0,0.1719907918387941,0.1557858910891089,0.0367853881278538,1.8014311270125225,0.0113972602739726,12.558621726020892,0.0901706528192047,0.0755417602924934,-3.1338547052740435,1731200000.0,1552900000.0,54800000.0,3973400000.0,1381100000.0,404500000.0,940550000.0,45.491506849315066,62.8529945553539,146.8257713248639,1.9783912697839128,1.431912681912682,0.6129714095005007,0.1500548473729999,0.2603412616339193,2012-02-03,1.01,bmo,2737500000.0,2025-04-25,2011-12-31,0.0,58.36460317460317,1972570.603174603
2011-09-30,EL,USD,1001250,2011-11-04,2011-11-04 10:55:16,2012,Q1,2476700000.0,534300000.0,1942400000.0,0.7842693907,0,1507700000.0,0.0,1507700000.0,4700000.0,1512400000.0,2046700000.0,0.0,16000000.0,69600000.0,430000000.0,0.1736181209,430000000.0,0.1736181209,-16000000.0,414000000.0,0.1671579117,135400000.0,278600000.0,0.1124883918,0.72,0.7,390600000,399200000,https://www.sec.gov/Archives/edgar/data/1001250/000110465911060914/0001104659-11-060914-index.htm,https://www.sec.gov/Archives/edgar/data/1001250/000110465911060914/a11-26271_110q.htm,6.340757808499744,0.7132616487455197,-0.0926779313876088,-0.2995391705069124,1.8420378904249872,6.379928315412187,3.566820276497696,6.379928315412187,3.150537634408602,17155152000.0,17650252000.0,15.394070351758796,6.926616869221141,-473.899226519337,-146.62523076923077,6.8840898876404495,6.8840898876404495,7.126519966083902,41.0470976744186,-487.5760220994475,-150.8568547008547,0.0162400193248069,-0.0068201086180991,0.4873996789727127,0.1979659027936239,1.1513953488372093,1.8085398050365555,26.875,-0.1299353912419239,1.7487457995125895e-05,0.0010768126346015,0.6087535833972625,0.0,0.1790918277536917,-2.232044198895028,0.0326240562038196,1.160919540229885,0.018330843461057,10.118673789356254,0.0671759563929924,0.0553150935154667,-3.58147721454173,1592500000.0,1393200000.0,-81300000.0,3816400000.0,1162050000.0,435450000.0,988900000.0,50.09286550652077,71.45423919146546,165.44637843907915,1.7966630395357273,1.2595473833097597,0.5439828955406231,0.1117977528089887,0.2068612391193036,2011-11-03,0.59,bmo,2058102816.0,2025-04-25,2011-09-30,0.2033898305084746,58.51983870967742,2228354.5322580645
2011-06-30,EL,USD,1001250,2011-08-22,2011-08-22 12:55:47,2011,Q4,2060600000.0,425100000.0,1635500000.0,0.7937008638,0,1559800000.0,0.0,1559800000.0,11100000.0,1570900000.0,1996000000.0,-96000000.0,15900000.0,81800000.0,106800000.0,0.0518295642,64600000.0,0.0313500922,-15900000.0,48700000.0,0.023633893,5500000.0,41100000.0,0.0199456469,0.1,0.1,394000000,395400000,https://www.sec.gov/Archives/edgar/data/1001250/000110465911048120/0001104659-11-048120-index.htm,https://www.sec.gov/Archives/edgar/data/1001250/000110465911048120/a11-17991_110k.htm,5.22994923857868,0.1043147208121827,0.7598984771573604,0.4373096446700507,3.1802030456852792,6.718274111675127,3.914213197969543,6.673604060913705,3.1319796954314723,20724400000.0,20689500000.0,126.06082725060828,10.057458992526447,69.21977287909152,120.2809053975624,7.881798128850689,7.881798128850689,10.040522178006404,193.72191011235955,69.10320641282566,120.07835171213,0.0019831695971897,0.0083138715716739,0.4632615805887274,0.1941535567988014,-0.3267790262172285,1.897030823856327,4.062893081761007,7.2846715328467155,0.0,0.0,0.756963991070562,0.0,0.1760946141953171,0.4245156980627922,0.0616810637678346,0.174828060522696,0.009851499563234,3.957712817975604,0.0128237730195116,0.0079510940008899,-2.961675126903553,1743200000.0,1542200000.0,59600000.0,3991100000.0,1097600000.0,410100000.0,942450000.0,41.30059206056488,94.57304163726182,210.78334509527173,2.17914551607445,0.951645399597045,0.4269787063077541,0.015630942420324,0.3225888324873096,2011-08-15,0.12,bmo,1902092307.0,2025-04-25,2011-06-30,0.0833333333333334,53.10714285714285,2465664.3174603176
2011-03-31,EL,USD,1001250,2011-05-06,2011-05-06 12:07:28,2011,Q3,2165700000.0,482600000.0,1683100000.0,0.7771621185,0,1415900000.0,0.0,1415900000.0,58100000.0,1474000000.0,1956600000.0,0.0,15800000.0,77300000.0,209100000.0,0.0965507688,209100000.0,0.0965507688,-15800000.0,193300000.0,0.0892552062,68200000.0,124700000.0,0.0575795355,0.32,0.31,395400000,404000000,https://www.sec.gov/Archives/edgar/data/1001250/000110465911026692/0001104659-11-026692-index.htm,https://www.sec.gov/Archives/edgar/data/1001250/000110465911026692/a11-7816_110q.htm,5.477238239757208,0.3153768335862418,0.5553869499241275,0.5553869499241275,2.7794638340920588,6.395548811330299,3.596863935255437,6.395548811330299,3.144410723318159,19050372000.0,19178872000.0,38.19240577385725,8.796403934062889,86.75032786885245,86.75032786885247,7.533364441632394,7.533364441632394,8.85573809853627,91.72105212816834,87.33548269581057,87.33548269581057,0.0065458039349572,0.0115273339544235,0.4854080987029421,0.1980956991850238,0.6145384983261597,1.879209926563687,13.234177215189874,1.7610264635124298,0.0,0.0,0.6537839959366487,0.0,0.1785846849027677,0.0,0.0,0.0,0.0092810638592602,6.736666719987048,0.0309903251114691,0.024499499007839,-3.001643904906424,1736000000.0,1422200000.0,42800000.0,3929800000.0,1211050000.0,361400000.0,878100000.0,51.929630142679045,69.6539577289681,165.8454206382097,1.7331145966709347,1.2921017402945114,0.5426740132688631,0.0493119266055045,0.0,2011-05-05,0.28,bmo,1684433333.0,2025-04-25,2011-03-31,0.2857142857142855,49.3478125,3381341.9375
2010-12-31,EL,USD,1001250,2011-02-04,2011-02-04 17:13:22,2011,Q2,2492000000.0,541100000.0,1950900000.0,0.7828651685,0,1419200000.0,0.0,1419200000.0,14000000.0,1433200000.0,1974300000.0,0.0,16100000.0,66500000.0,531700000.0,0.2133627608,517700000.0,0.2077447833,-16100000.0,501600000.0,0.2012841091,155700000.0,343900000.0,0.1380016051,0.88,0.86,393400000,401800000,https://www.sec.gov/Archives/edgar/data/1001250/000110465911005139/0001104659-11-005139-index.htm,https://www.sec.gov/Archives/edgar/data/1001250/000110465911005139/a10-22874_110q.htm,6.334519572953736,0.8741738688357905,1.3906964921199796,0.5183019827147941,2.651499745805796,6.11514997458058,3.213268937468225,6.11514997458058,3.170310116929334,15873690000.0,16061690000.0,11.539466414655424,6.369859550561798,29.014238713215136,77.85036782736636,6.598366379847862,6.598366379847862,6.445300963081862,30.20818130524732,29.35786876256626,78.77238842569888,0.0216647798967977,0.0128451544662898,0.5117429438417093,0.2058076164365241,0.353582847470378,2.006451981272125,32.15527950310559,1.5816710031801098,0.0093173042940866,0.4300668799069497,0.5695024077046549,0.0,0.1908455648801364,0.6273076220069457,0.1377207062600321,5.1609022556390975,0.0095505617977528,10.967148536209368,0.0838742721908444,0.0710507830254948,-3.101614133197763,1762700000.0,1264100000.0,-62000000.0,3971200000.0,1163950000.0,364250000.0,886050000.0,42.34550561797753,58.09831824062096,144.189613749769,2.1253731343283584,1.5490981963927857,0.6241781058945668,0.1429521552978343,0.8723945094051856,2011-02-03,0.72,bmo,2016000000.0,2025-04-25,2010-12-31,0.2361111111111112,49.09619047619047,2090222.761904762
2010-09-30,EL,USD,1001250,2010-11-01,2010-11-01 16:53:18,2011,Q1,2091700000.0,488100000.0,1603600000.0,0.7666491371,0,1301800000.0,0.0,1301800000.0,3800000.0,1305600000.0,1793700000.0,0.0,16100000.0,68800000.0,370600000.0,0.1771764593,298000000.0,0.1424678491,-16100000.0,281900000.0,0.1347707606,92300000.0,191100000.0,0.0913610938,0.49,0.48,393400000,400800000,https://www.sec.gov/Archives/edgar/data/1001250/000110465910055000/0001104659-10-055000-index.htm,https://www.sec.gov/Archives/edgar/data/1001250/000110465910055000/a10-18232_110q.htm,5.316980172852059,0.4857651245551601,-0.0993899339095068,-0.2460599898322318,1.7628368073207932,5.43467208947636,2.532536858159634,5.43467208947636,3.1804778851042195,12439308000.0,12980908000.0,16.273296703296705,5.946984749247024,-318.14086956521743,-128.5052479338843,5.8181983161833495,5.8181983161833495,6.205912893818425,35.026735024284946,-331.9925319693095,-134.10028925619835,0.0153625909093978,-0.0077817833596531,0.5776894293732461,0.2190864745011086,1.461413923367512,1.896022289406604,18.50931677018633,-0.2062236286919831,8.039032396335874e-06,0.0005232862375719,0.6223645838313334,0.0,0.2025188470066518,-1.475703324808184,0.0275852177654539,0.8386627906976745,0.0146292489362719,7.707101835344532,0.0503437457932381,0.0425063392499666,-3.779486527707168,1511500000.0,996300000.0,-301100000.0,3697000000.0,950800000.0,402200000.0,865900000.0,49.71363006167232,69.920098340504,166.9084204056546,1.8103687034793143,1.2871835443037976,0.5392178524083076,0.0893826005612722,0.1466700559227249,2010-10-29,0.39,bmo,1664822448.0,2025-04-25,2010-09-30,0.2564102564102563,44.39790322580645,2550340.0
2010-06-30,EL,USD,1001250,2010-08-20,2010-08-20 06:02:45,2010,Q4,1840100000.0,414300000.0,1425800000.0,0.774849193,0,1358300000.0,0.0,1358300000.0,23900000.0,1382200000.0,1796500000.0,0.0,16600000.0,66900000.0,134400000.0,0.0730395087,43600000.0,0.0236943644,-43900000.0,-300000.0,-0.0001630346,-25300000.0,23900000.0,0.0129884245,0.0604,0.0604,396000000,396000000,https://www.sec.gov/Archives/edgar/data/1001250/000110465910045250/0001104659-10-045250-index.htm,https://www.sec.gov/Archives/edgar/data/1001250/000110465910045250/a10-15930_110k.htm,4.646717171717172,0.0603535353535353,0.4002525252525252,0.1244949494949494,2.830050505050505,4.9631313131313135,2.786363636363636,4.92020202020202,3.143939393939394,11036520000.0,11144220000.0,115.444769874477,5.9977827291995,69.63104100946373,223.8645030425963,5.664401560254568,5.664401560254568,6.056312156947992,82.91830357142857,70.31053627760252,226.04908722109533,0.0021655376876044,0.0044669877823806,0.6304660234038185,0.2302271534597796,0.8013392857142857,1.9851163974049104,2.6265060240963853,6.34,0.0005436496286873,0.2510460251046025,0.7381664039997826,0.0,0.1615563385561136,0.6889589905362776,0.059344600836911,1.6322869955156951,0.0066300744524754,2.584842489957168,-0.9594732579838736,0.0053424535050071,-3.223611111111111,1548800000.0,1103400000.0,-249200000.0,3434400000.0,862500000.0,390100000.0,805550000.0,36.49692951470029,92.36784938450398,179.5655322230268,2.465960868399893,0.9743650047036688,0.5012097749818534,0.0122664750564565,0.2757575757575757,2010-08-12,0.15,bmo,1971535714.0,2025-04-25,2010-06-30,-0.0666666666666665,36.24921875,2740074.0625
2010-03-31,EL,USD,1001250,2010-04-27,2010-04-27 17:30:50,2010,Q3,1860000000.0,444600000.0,1415400000.0,0.7609677419,0,1276600000.0,0.0,1276600000.0,12500000.0,1289100000.0,1733700000.0,0.0,18200000.0,69100000.0,207900000.0,0.1117741935,126300000.0,0.0679032258,-18200000.0,108100000.0,0.0581182796,50200000.0,57500000.0,0.0309139785,0.14,0.14,396000000,403600000,https://www.sec.gov/Archives/edgar/data/1001250/000110465910022169/0001104659-10-022169-index.htm,https://www.sec.gov/Archives/edgar/data/1001250/000110465910022169/a10-6182_110q.htm,4.696969696969697,0.1452020202020202,0.4578282828282828,0.3133838383838384,3.487878787878788,5.303535353535353,3.0977272727272727,5.2429292929292926,3.625757575757576,12846240000.0,12882640000.0,55.85321739130435,6.9065806451612906,70.85626034197463,103.51522965350524,6.18738079183123,6.18738079183123,6.926150537634409,61.96556036556037,71.05703254274682,103.8085414987913,0.004476017885389,0.0096604142535091,0.6827858587804643,0.2446668967897825,0.1750841750841751,2.150427973046804,6.93956043956044,3.1312607944732296,0.00042035646228,0.0939130434782608,0.6863440860215054,0.0,0.150759406282361,0.3154991726420298,0.030752688172043,0.8277858176555717,0.0075268817204301,4.138706116042531,0.0162288158801239,0.011685804288182,-2.995580808080808,1895100000.0,1226700000.0,-151400000.0,3781100000.0,1038650000.0,334650000.0,770450000.0,47.36129032258064,71.86234817813765,158.80566801619435,1.9002860645688595,1.252394366197183,0.5667304015296367,0.0276948270879491,0.1444444444444444,2010-04-27,0.16,bmo,1750588235.0,2025-04-25,2010-03-31,0.0625,30.19265625,3551905.9375
2009-12-31,EL,USD,1001250,2010-01-28,2010-01-28 17:23:32,2010,Q2,2262300000.0,525400000.0,1736900000.0,0.7677584759,0,1282400000.0,0.0,1282400000.0,54900000.0,1337300000.0,1862700000.0,0.0,19900000.0,62400000.0,516900000.0,0.2284842859,399600000.0,0.1766343986,-19900000.0,379700000.0,0.1678380409,118000000.0,256200000.0,0.1132475799,0.65,0.64,394600000,400800000,https://www.sec.gov/Archives/edgar/data/1001250/000110465910003688/0001104659-10-003688-index.htm,https://www.sec.gov/Archives/edgar/data/1001250/000110465910003688/a10-2446_110q.htm,5.733147491130259,0.6492650785605677,1.5565129244804865,1.4075012671059302,3.100861632032438,5.09021794221997,2.8727825646224026,5.021794221996959,3.607704004054739,9541428000.0,9721528000.0,9.310526932084308,4.217578570481368,15.534724845327256,17.17938062657544,4.81501211142511,4.81501211142511,4.297187817707643,18.8073669955504,15.827951807228915,17.50365142239827,0.0268513266567645,0.0582093162574826,0.708366976180864,0.2457673115643876,0.3484232927065196,2.0834088301020715,20.08040201005025,2.34696217042415,0.0114238665323471,0.4254488680718188,0.5668567387172346,0.0,0.1531996848463626,0.0957342885053728,0.0259912478451133,0.9423076923076924,0.0051275250850903,8.565086190538123,0.067444324598251,0.0529721906337227,-3.2367587430309173,1793800000.0,1133600000.0,-253400000.0,3680800000.0,1097950000.0,328450000.0,800300000.0,43.7011006497812,53.83897982489532,129.5698515416825,2.05944469731452,1.671651288577792,0.6946060285563194,0.1292894630601534,0.1490116573745565,2010-01-28,0.61,bmo,2156254687.0,2025-04-25,2009-12-31,0.0491803278688525,30.80587301587301,4288116.063492063
2009-09-30,EL,USD,1001250,2009-10-30,2009-10-30 17:23:54,2010,Q1,1833400000.0,445100000.0,1388300000.0,0.7572270099,0,1149700000.0,0.0,1149700000.0,18200000.0,1167900000.0,1613000000.0,39200000.0,19600000.0,65300000.0,303900000.0,0.1657576088,220400000.0,0.1202138104,-19600000.0,200800000.0,0.1095232901,63000000.0,140700000.0,0.0767426639,0.36,0.36,393400000,396400000,https://www.sec.gov/Archives/edgar/data/1001250/000110465909061587/0001104659-09-061587-index.htm,https://www.sec.gov/Archives/edgar/data/1001250/000110465909061587/a09-31681_210q.htm,4.6603965429588206,0.3576512455516014,0.0068632435180477,-0.1085409252669039,2.031520081342145,4.719369598373157,2.39196746314184,4.663446873411286,3.6311642094560246,7293636000.0,7903336000.0,12.95955223880597,3.9782022471910112,2701.3466666666664,-170.8111475409836,3.975600130818707,3.975600130818707,4.310753790771245,26.00637051661731,2927.1614814814816,-185.08983606557376,0.019290789943452,-0.00585441883856,0.7679603183255206,0.2577193239189288,2.006252056597565,2.0542962914853544,11.244897959183673,0.0195936139332365,1.371058276009387e-05,0.0007107320540156,0.6270862877713538,0.0,0.1674837199092705,16.814814814814813,0.0247627359005127,0.6952526799387443,0.0104723464601287,6.125966912568458,0.038324278520641,0.0309149235366496,-3.980299949161159,1623300000.0,941000000.0,-447200000.0,3556800000.0,975350000.0,336200000.0,819600000.0,53.8704047125559,69.27432037744326,170.69871938890137,1.6706761436121742,1.2991827203736137,0.527244728737266,0.0766924670227842,0.1154041687849517,2009-10-30,0.17,bmo,724832558.0,2025-04-25,2009-09-30,1.5294117647058822,28.788688524590164,3803759.934426229
2009-06-30,EL,USD,1001250,2009-08-19,2009-08-19 17:20:46,2009,Q4,1682800000.0,427100000.0,1255700000.0,0.7461968148,0,1151700000.0,0.0,1151700000.0,118700000.0,1270400000.0,1697500000.0,0.0,20200000.0,62200000.0,47500000.0,0.0282267649,-14700000.0,-0.0087354409,-20200000.0,-34900000.0,-0.0207392441,-22500000.0,-17900000.0,-0.0106370335,-0.0455,-0.0455,393200000,393400000,https://www.sec.gov/Archives/edgar/data/1001250/000110465909050626/0001104659-09-050626-index.htm,https://www.sec.gov/Archives/edgar/data/1001250/000110465909050626/a09-23484_110k.htm,4.279755849440488,-0.0455239064089521,0.9900813835198372,0.8275686673448627,2.1986266531027465,4.2319430315361135,1.9175991861648016,4.170905391658189,3.6663275686673447,6424888000.0,6981788000.0,-89.73307262569833,3.817974803898265,16.50369380940149,19.74458512599877,3.9176146341463416,3.9176146341463416,4.148911338245781,146.9850105263158,17.934210120729514,21.4560172095882,-0.0027860407839016,0.0506467972671274,0.8667073170731707,0.2745817718193409,11.72421052631579,1.9959566885964912,-0.7277227722772277,-21.748603351955307,0.0012918513132057,-0.4636871508379888,0.6843950558592822,0.0,0.1757910597689603,0.1641407654764962,0.037972426907535,1.027331189710611,0.0052888043736629,,-0.0013923338228042,-0.004195378052782,-4.096197863682605,1453300000.0,754000000.0,-600100000.0,3390000000.0,942449999.5,303100000.0,807650000.0,45.63643926788686,69.49660501053617,167.52516974947318,1.9721082854799017,1.295027289266222,0.5372327044025157,-0.0109146341463414,0.1625127161749745,2009-08-13,0.1,bmo,1682800000.0,2025-04-25,2009-06-30,0.0,22.58296875,4046210.375
2009-03-31,EL,USD,1001250,2009-05-05,2009-05-04 18:45:36,2009,Q3,1696500000.0,446400000.0,1250100000.0,0.7368700265,0,1159000000.0,0.0,1159000000.0,20800000.0,1179800000.0,1626200000.0,0.0,20600000.0,65900000.0,157000000.0,0.0925434719,70300000.0,0.0414382552,-20600000.0,49700000.0,0.0292956086,21400000.0,27200000.0,0.0160330091,0.07,0.07,393400000,394400000,https://www.sec.gov/Archives/edgar/data/1001250/000110465909029123/0001104659-09-029123-index.htm,https://www.sec.gov/Archives/edgar/data/1001250/000110465909029123/a09-12038_110q.htm,4.312404677173361,0.0691408235892221,0.2287747839349262,0.0803253685815963,1.6283680732079309,4.262582613116421,1.9534824605998984,4.197508896797153,3.9771225216065074,4846688000.0,5750088000.0,44.54676470588236,2.856874742116122,53.85208888888889,153.37620253164556,2.935074183976261,2.935074183976261,3.38938284703802,36.624764331210194,63.88986666666667,181.96481012658228,0.0056120798367875,0.0065199162809737,0.9350208926300492,0.3016331952801437,5.754140127388535,2.007625649913345,3.412621359223301,3.3088235294117645,0.0,0.0,0.6831712348953728,0.0,0.1774634680003125,0.6488888888888888,0.0344238137341585,0.8861911987860395,0.0,2.5553732600780568,0.0104872884147958,0.0064601938058141,-4.11146416052364,1453500000.0,768500000.0,-545900000.0,3372000000.0,1032599999.0,293350000.0,858450000.0,54.726790397877984,55.7258064516129,165.38306451612902,1.6445327662316138,1.6150506512301013,0.5441911495794222,0.0164718706473687,0.1484494153533299,2009-05-04,0.02406,bmo,424125000.0,2025-04-25,2009-03-31,2.325020781379884,17.53265625,2944819.875
2008-12-31,EL,USD,1001250,2009-02-05,2009-02-05 17:21:06,2009,Q2,2041000000.0,508000000.0,1533000000.0,0.7511024008,0,1262400000.0,0.0,1262400000.0,300000.0,1262700000.0,1770700000.0,0.0,19600000.0,63300000.0,333900000.0,0.1635962763,270300000.0,0.1324350808,-19600000.0,250700000.0,0.1228319451,89400000.0,158000000.0,0.0774130328,0.4,0.4,393200000,395000000,https://www.sec.gov/Archives/edgar/data/1001250/000110465909006911/0001104659-09-006911-index.htm,https://www.sec.gov/Archives/edgar/data/1001250/000110465909006911/a09-4626_110q.htm,5.190742624618514,0.4018311291963377,1.0501017293997963,0.8425737538148524,1.853763987792472,4.2706002034588,1.912004069175992,4.205493387589013,4.259155645981688,6086736000.0,7012936000.0,9.630911392405064,2.982232239098481,14.741428917413415,18.37227890129792,3.680899854862119,3.680899854862119,3.436029397354238,21.00310272536688,16.984587067086462,21.167932387564143,0.0259580832814171,0.054429829057807,1.0009071117561683,0.3109921082299887,2.773884396525906,1.831578947368421,13.790816326530612,2.6132911392405065,0.0177927874644144,0.6854430379746835,0.6185203331700146,0.0,0.1742577978203683,0.1976265439573746,0.0399804017638412,1.2890995260663507,0.0,6.1662556326476645,0.04471629391422,0.0359532153096982,-4.299084437309257,1398300000.0,751800000.0,-563000000.0,3356600000.0,1099249999.5,320900000.0,972500000.0,45.577657966683,54.9744094488189,158.8464566929134,1.974651704696838,1.6371253625523687,0.5665848761989739,0.0955491049830672,0.207527975584944,2009-02-05,0.38,bmo,1938950000.0,2025-04-25,2008-12-31,0.0526315789473684,15.537619047619048,4026396.3174603176
2008-09-30,EL,USD,1001250,2008-10-28,2008-10-28 14:43:46,2009,Q1,1903500000.0,500100000.0,1403400000.0,0.7372734437,0,1310800000.0,0.0,1310800000.0,100000.0,1310900000.0,1811000000.0,0.0,15300000.0,62600000.0,92500000.0,0.048594694,92500000.0,0.048594694,-15300000.0,77200000.0,0.0405568689,27600000.0,51100000.0,0.026845285,0.13,0.13,390600000,397600000,https://www.sec.gov/Archives/edgar/data/1001250/000110465908066226/0001104659-08-066226-index.htm,https://www.sec.gov/Archives/edgar/data/1001250/000110465908066226/a08-26650_110q.htm,4.873271889400922,0.1308243727598566,-0.5023041474654378,-0.6966205837173579,0.8417818740399385,4.453405017921147,2.035330261136713,4.39426523297491,3.705069124423963,9749376000.0,10852476000.0,47.69753424657534,5.12181560283688,-49.69100917431192,-35.83012127894157,5.680130505709625,5.680130505709625,5.7013270291568166,117.32406486486488,-55.31333333333333,-39.88414553472988,0.0052413610881352,-0.0279094785143172,0.8342460964810068,0.2763378813902773,11.925405405405405,1.5932240556987007,6.045751633986928,-3.8395303326810177,1.0257066708679611e-05,0.0019569471624266,0.6886262148673497,0.0,0.1822760869984754,-0.3868501529051987,0.0398739164696611,1.2124600638977636,0.0118728657735749,3.5964888904317123,0.0160296835639842,0.0120598508448975,-4.392025089605735,1082100000.0,795000000.0,-536000000.0,3069200000.0,1101850000.0,346600000.0,1017800000.0,55.07801418439716,59.65806838632273,188.67426514697053,1.6340458408447076,1.5085972850678733,0.4770125906142693,0.0297716150081566,0.1943164362519201,2008-10-28,0.11,bmo,1610653846.0,2025-04-25,2008-09-30,0.1818181818181818,12.741639344262294,5336784.163934426
2008-06-30,EL,USD,1001250,2008-08-21,2008-08-21 17:07:40,2008,Q4,2012100000.0,490600000.0,1521500000.0,0.7561751404,0,1319500000.0,0.0,1319500000.0,900000.0,1320400000.0,1811000000.0,0.0,14000000.0,66200000.0,267300000.0,0.13284628,201100000.0,0.0999453307,-14000000.0,187100000.0,0.0929874261,62200000.0,120200000.0,0.0597385816,0.31,0.31,387800000,387800000,https://www.sec.gov/Archives/edgar/data/1001250/000110465908054348/0001104659-08-054348-index.htm,https://www.sec.gov/Archives/edgar/data/1001250/000110465908054348/a08-22004_110k.htm,5.188499226405364,0.3099535843218153,0.4424961320268179,0.1652913873130479,1.0358432181536874,4.33161423414131,2.0087674058793192,4.263022176379577,3.1224858174316656,9008594000.0,9803794000.0,18.736676372712147,4.477209880224641,52.49763403263404,140.5396879875195,5.449185821437213,5.449185821437213,4.872418865861538,36.67711934156379,57.13166666666667,152.94530421216848,0.0133428146500996,0.007115427779296,0.7239898378901525,0.2388449872286079,2.974934530490086,1.64030131826742,14.364285714285714,1.4276206322795342,0.0118331451056624,0.8868552412645591,0.6557825157795338,0.0,0.179757343550447,0.6264568764568764,0.0534267680532776,1.6238670694864048,0.0095422692709109,5.452534051363212,0.0391307326151173,0.0292428960685091,-4.27282104177411,1088000000.0,779000000.0,-544200000.0,3031900000.0,1088350000.0,350350000.0,957550000.0,46.46488743104219,66.35344476151651,181.10069302894416,1.936946476703889,1.356372684545203,0.4969611021069692,0.0727074764093878,0.27720474471377,2008-08-14,0.28,bmo,1817380645.0,2025-04-25,2008-06-30,0.107142857142857,16.49171875,4947053.3125
2008-03-31,EL,USD,1001250,2008-05-06,2008-05-06 17:24:26,2008,Q3,1879800000.0,471900000.0,1407900000.0,0.7489626556,0,1247400000.0,0.0,1247400000.0,-700000.0,1246700000.0,1718600000.0,0.0,16100000.0,62600000.0,161200000.0,0.0857538036,161200000.0,0.0857538036,-16100000.0,145100000.0,0.0771890627,53700000.0,90100000.0,0.0479306309,0.24,0.23,387800000,393200000,https://www.sec.gov/Archives/edgar/data/1001250/000110465908030367/0001104659-08-030367-index.htm,https://www.sec.gov/Archives/edgar/data/1001250/000110465908030367/a08-13266_110q.htm,4.847343991748324,0.2323362558019597,0.4038164002062919,0.1719958741619391,1.0572460030943784,4.09412068076328,1.7689530685920578,4.0159876224858175,3.335740072202166,8892254000.0,9759754000.0,24.67329078801332,4.730425577189063,56.78323116219668,133.31715142428786,5.709678952099653,5.709678952099653,5.191910841578891,60.54437965260546,62.322822477650064,146.3231484257871,0.010132414121324,0.0075009103428669,0.8202773853858996,0.2528551352849197,5.38151364764268,1.5923660663721826,10.012422360248449,1.7380688124306327,0.0,0.0,0.6635812320459623,0.0,0.1784731706351562,0.5740740740740741,0.0478242366209171,1.4361022364217253,0.0,4.581903465809358,0.0291937086845263,0.0217077049101334,-4.479693140794224,1046000000.0,686000000.0,-652800000.0,2938800000.0,1118650000.0,340200000.0,913450000.0,54.479731886370885,64.65352828989192,176.9675778766688,1.651990508832059,1.3920353982300886,0.5085677335919819,0.057852831642481,0.2318205260443527,2008-05-06,0.23,bmo,1879800000.0,2025-04-25,2008-03-31,0.0,23.90953125,4149651.9375
2007-12-31,EL,USD,1001250,2008-02-01,2008-02-01 17:28:19,2008,Q2,2308800000.0,578500000.0,1730300000.0,0.7494369369,0,1359900000.0,0.0,1359900000.0,-100000.0,1359800000.0,1938300000.0,0.0,18300000.0,62900000.0,370500000.0,0.160472973,370500000.0,0.160472973,-18300000.0,352200000.0,0.1525467775,122900000.0,224400000.0,0.0971933472,0.58,0.57,386600000,393000000,https://www.sec.gov/Archives/edgar/data/1001250/000110465908006667/0001104659-08-006667-index.htm,https://www.sec.gov/Archives/edgar/data/1001250/000110465908006667/a08-4139_110q.htm,5.972064148991206,0.5804449042938438,1.2796171753750647,1.067770305225039,0.8264355923435075,3.623642007242628,1.2930677703052251,3.55406104500776,3.3380755302638385,8431745999.999999,9384446000.0,9.393656417112298,3.652003638253638,17.044160097028502,20.425741279069765,6.13664192139738,6.13664192139738,4.064642238392239,25.329139001349528,18.969973721447342,22.73363856589147,0.0266137049194793,0.0489578315096303,0.9259097525473072,0.2685552647133328,2.5713900134952765,1.5244649209774304,20.24590163934426,2.2045454545454546,0.0126088950022925,0.4737745098039216,0.5890072765072765,0.0,0.1901967406907033,0.165554881746513,0.0354729729729729,1.302066772655008,0.0,6.812934317919862,0.0748786940064045,0.058495386059121,-4.507889291257113,899300000.0,499900000.0,-722300000.0,2744000000.0,1080900000.0,327950000.0,933750000.0,42.85602910602911,53.113223854796885,139.86171132238547,2.100054575222849,1.6944932630345635,0.6434927697441601,0.1633187772925764,0.2118468701500258,2008-02-01,0.57,bmo,2308800000.0,2025-04-25,2007-12-31,0.0,23.32390625,3176192.875
2007-09-30,EL,USD,1001250,2007-10-25,2007-10-25 16:37:29,2008,Q1,1710100000.0,455800000.0,1254300000.0,0.7334658792,0,1176100000.0,0.0,1176100000.0,300000.0,1176400000.0,1632200000.0,0.0,18400000.0,59000000.0,77900000.0,0.0455528916,77900000.0,0.0455528916,-17700000.0,59500000.0,0.0347932869,21100000.0,39100000.0,0.02286416,0.1,0.1,388000000,394400000,https://www.sec.gov/Archives/edgar/data/1001250/000110465907077053/0001104659-07-077053-index.htm,https://www.sec.gov/Archives/edgar/data/1001250/000110465907077053/a07-27402_110q.htm,4.407474226804124,0.1007731958762886,-0.3422680412371134,-0.5445876288659793,0.5448453608247422,3.2085051546391754,0.8860824742268041,3.1530927835051545,3.8069587628865977,8326480000.0,9573780000.0,53.2383631713555,4.869001812759488,-62.69939759036145,-39.4059630856602,6.8060160209252905,6.8060160209252905,5.598374364072276,122.89833119383826,-72.09171686746988,-45.308944628490295,0.0046958618768074,-0.0253768699378368,1.192332842896845,0.3162218994558737,16.01155327342747,1.42692633361558,4.233695652173913,-3.3964194373401533,0.0,0.0,0.6877375592070639,0.0,0.195343493247198,-0.5911144578313253,0.0459037483188117,1.3305084745762712,0.0110519852640196,2.6738198939880444,0.0155279852930145,0.0105339727355999,-4.83389175257732,756300000.0,343800000.0,-840200000.0,2574800000.0,961450000.0,314600000.0,912150000.0,55.91251973568797,62.09960508995174,191.23519087319,1.6096573795180722,1.4492845786963433,0.4706246773360867,0.031960111165604,0.2023195876288659,2007-10-25,0.05,bmo,855050000.0,2025-04-25,2007-09-30,1.0,21.394754098360654,4047788.2622950817
2007-06-30,EL,USD,1001250,2007-08-28,2007-08-28 17:16:17,2007,Q4,1762400000.0,421700000.0,1340700000.0,0.7607240127,0,1179100000.0,0.0,1179100000.0,700000.0,1179800000.0,1601500000.0,0.0,30100000.0,54400000.0,215300000.0,0.1221629596,160900000.0,0.0912959601,-15700000.0,145200000.0,0.0823876532,56100000.0,88600000.0,0.0502723559,0.22,0.22,388200000,407600000,https://www.sec.gov/Archives/edgar/data/1001250/000110465907065600/0001104659-07-065600-index.htm,https://www.sec.gov/Archives/edgar/data/1001250/000110465907065600/a07-22032_210k.htm,4.539927872230809,0.2282328696548171,0.5435342606903658,0.2856774858320453,0.6535291087068521,3.1434827408552293,1.173621844410098,3.0886141164348277,2.8815043791859867,8831550000.0,9666350000.0,24.91972347629797,5.01109282796187,41.85568720379147,79.63525698827773,7.365763135946622,7.365763135946622,5.484765093054925,44.89712029725964,45.81208530805687,87.16275924256087,0.0100322140507611,0.0125572521244855,0.9078398665554628,0.2638340160457619,3.877380399442638,1.4922369560871591,5.3455149501661126,2.381489841986456,0.0117306701541632,1.1693002257336342,0.6690308669995461,0.0,0.1853503647865816,0.4744075829383886,0.0567975487970948,1.8400735294117647,0.0200295052201543,3.982558652252558,0.0367669959443996,0.0263612020232073,-4.066009788768676,738700000.0,455600000.0,-666000000.0,2384200000.0,912700000.0,293850000.0,831050000.0,43.94291874716296,67.16386056438226,182.64643111216503,2.048111563044741,1.3400063552589767,0.4927553166627716,0.0738949124270225,0.2578567748583205,2007-08-16,0.25,bmo,1915652173.0,2025-04-25,2007-06-30,-0.0799999999999999,21.7359375,2598248.5
2007-03-31,EL,USD,1001250,2007-05-03,2007-05-03 17:18:49,2007,Q3,1690500000.0,426000000.0,1264500000.0,0.7480035492,0,1107900000.0,0.0,1107900000.0,-100000.0,1107800000.0,1533800000.0,0.0,8800000.0,49000000.0,156700000.0,0.0926944691,156700000.0,0.0926944691,-10400000.0,147900000.0,0.0874889086,52400000.0,93900000.0,0.0555456965,0.23,0.23,407600000,416000000,https://www.sec.gov/Archives/edgar/data/1001250/000110465907035473/0001104659-07-035473-index.htm,https://www.sec.gov/Archives/edgar/data/1001250/000110465907035473/a07-12955_110q.htm,4.147448478900883,0.2303729146221786,0.352306182531894,0.1768891069676153,0.4955839057899902,2.6626594700686947,0.7929342492639843,2.61261040235525,2.9023552502453387,9957668000.0,10929868000.0,26.51136315228967,5.890368530020704,69.34309192200557,138.10912621359222,9.350801014179735,9.350801014179735,6.465464655427389,69.75027440970007,76.113286908078,151.5931761442441,0.0094299187319762,0.0072406511243395,1.1026387454221054,0.2925115838772358,6.204211869814933,1.375106202209006,17.806818181818183,1.529286474973376,0.0,0.0,0.6553682342502218,0.0,0.189851028847591,0.4979108635097493,0.0422951789411416,1.4591836734693877,0.0,3.679970128433523,0.0403502224097432,0.0288736508717444,-3.925601079489696,618100000.0,323200000.0,-663000000.0,2210700000.0,985000000.0,280200000.0,794650000.0,51.37000887311447,57.676056338028175,170.34507042253523,1.7519950253912322,1.5604395604395604,0.5283393277936252,0.0881772936425955,0.1754170755642787,2007-05-03,0.23,bmo,1690500000.0,2025-04-25,2007-03-31,0.0,21.78015873015873,2912622.222222222
2006-12-31,EL,USD,1001250,2006-12-31,2006-12-30 19:00:00,2007,Q2,1991100000.0,499000000.0,1492100000.0,0.7493847622,0,1159700000.0,0.0,1159700000.0,0.0,1159700000.0,1658700000.0,0.0,0.0,52900000.0,385300000.0,0.1935111245,332400000.0,0.1669428959,-7700000.0,324700000.0,0.1630756868,113300000.0,208400000.0,0.1046657626,0.5,0.5,416600000,422800000,,,4.779404704752761,0.500240038406145,0.9080652904464714,0.7323571771483437,0.6044167066730677,3.9224675948151706,2.0902544407105137,3.877820451272203,1.5103216514642344,8502806000.0,8880206000.0,10.200103166986564,4.270406308070916,22.476357388316156,27.868915109800067,5.263265861962241,5.263265861962241,4.459949776505449,23.04751103036595,23.47397832408142,29.10588659455916,0.0245095560218591,0.035882272275764,0.3894769421231817,0.1556693634181944,0.9794964962366988,1.3548762736535662,0.0,1.8152591170825336,0.012248897599216,0.4997600767754319,0.5824418663050575,0.0,0.1888468294613919,0.1934972244250594,0.0367635980111496,1.383742911153119,0.0,6.606544002594865,0.0860729353689749,0.0635637162203379,-2.426008161305809,609500000.0,870800000.0,-80800000.0,2180300000.0,992600000.0,295650000.0,808500000.0,45.4316709356637,51.83567134268537,141.22244488977958,1.9809969157297784,1.7362560890744607,0.6372924648786717,0.1290003095017022,0.1757081132981277,2007-01-31,0.38,bmo,1362331578.0,2025-04-25,2006-12-31,0.3157894736842105,23.93888888888889,2602575.015873016
2006-10-24,EL,USD,1001250,2006-10-26,2006-10-25 19:23:05,2007,Q1,1593500000.0,428100000.0,1165400000.0,0.7313460935,0,1065000000.0,0.0,1065000000.0,500000.0,1065500000.0,1493600000.0,0.0,0.0,50900000.0,150800000.0,0.0946344525,99900000.0,0.062692187,-6700000.0,93200000.0,0.0584876059,33400000.0,58300000.0,0.0365861312,0.14,0.14,422200000,427200000,https://www.sec.gov/Archives/edgar/data/1001250/000100125006000146/0001001250-06-000146-index.htm,https://www.sec.gov/Archives/edgar/data/1001250/000100125006000146/form_10q-102506.txt,3.774277593557556,0.1380862150639507,-0.1688773093320701,-0.3282804358124112,0.4279962103268593,3.816200852676457,2.009474182851729,3.762908574135481,1.522974893415443,8414446000.0,8876746000.0,36.082530017152656,5.28048070285535,-118.01467040673212,-60.7102886002886,5.296434820922767,5.296434820922767,5.57059679949796,58.86436339522547,-124.49854137447406,-64.04578643578644,0.0069285607157024,-0.0164716726448776,0.4047334298483036,0.1629498226051698,3.065649867374005,1.3846622774932944,0.0,-1.222984562607204,0.0,0.0,0.6683401317853781,0.0,0.1933096806893056,-0.9438990182328192,0.0422340759334797,1.3222003929273085,0.0,3.419229527140035,0.0255374211309269,0.0183149032420206,-2.3733420180009475,631000000.0,848400000.0,-63400000.0,2169600000.0,875650000.0,284200000.0,800150000.0,55.35550674615626,63.889278206026624,175.33286615276802,1.6258545046423831,1.4086870681145114,0.5133093525179856,0.0366966702335242,0.159403126480341,2006-10-25,0.09,bmo,1168566666.0,2025-04-25,2006-10-24,0.5555555555555558,22.72819672131148,3522098.393442623
2006-06-30,EL,USD,1001250,2006-08-25,2006-08-25 17:25:57,2006,Q4,1604600000.0,397100000.0,1207500000.0,0.7525239935,0,1021100000.0,0.0,1021100000.0,38900000.0,1060000000.0,1457100000.0,0.0,23800000.0,51400000.0,198900000.0,0.1239561261,147500000.0,0.0919232207,-4700000.0,142800000.0,0.0889941418,90300000.0,44500000.0,0.0277327683,0.1,0.1,424600000,424800000,https://www.sec.gov/Archives/edgar/data/1001250/000110465906057258/0001104659-06-057258-index.htm,https://www.sec.gov/Archives/edgar/data/1001250/000110465906057258/a06-18435_110k.htm,3.779086198775318,0.1048045219029675,0.5659444182760245,0.352802637776731,0.868111163447951,3.880593499764484,2.201837023080546,3.820772491756948,1.284267545925577,8211764000.0,8364664000.0,46.13350561797753,5.117639287049732,34.1729671244278,54.81818424566088,5.061803612155582,5.061803612155582,5.212927832481616,42.05462041226747,34.80925509779443,55.8388785046729,0.005419054907082,0.0182421219119302,0.321457190408679,0.1378134827303718,0.7687280040221217,1.513628146293979,6.197478991596639,5.4,0.0,0.0,0.6363579708338527,0.0,0.1883671150339578,0.3766125676238036,0.0564003489966346,1.7607003891050583,0.0223731771157921,3.0016279369233003,0.0222647155429752,0.0144889786084068,-1.8988459726801696,738700000.0,934900000.0,40500000.0,2209500000.0,835650000.0,252000000.0,742200000.0,43.25564003489966,59.94711659531605,173.6766557542181,2.0806535269709543,1.5013232514177697,0.51820435860629,0.0274301917031375,0.2131417804992934,2006-08-16,0.24,bmo,1481169230.0,2025-04-25,2006-06-30,0.0833333333333334,20.34777777777778,2404495.238095238
2006-03-31,EL,USD,1001250,2006-05-04,2006-05-04 16:26:22,2006,Q3,1578200000.0,411500000.0,1166700000.0,0.7392599164,0,998800000.0,0.0,998800000.0,51600000.0,1050400000.0,1461900000.0,0.0,0.0,49900000.0,166200000.0,0.1053098467,116300000.0,0.0736915473,-6600000.0,109700000.0,0.0695095679,43400000.0,59500000.0,0.0377011786,0.14,0.14,424800000,429800000,https://www.sec.gov/Archives/edgar/data/1001250/000100125006000050/0001001250-06-000050-index.htm,https://www.sec.gov/Archives/edgar/data/1001250/000100125006000050/form_10q-033106.txt,3.715160075329567,0.1400659133709981,0.2017419962335216,0.0461393596986817,0.6315913370998116,3.6732580037664784,2.0058851224105463,3.621468926553672,1.3074387947269304,7901280000.000001,8188380000.000001,33.19865546218488,5.006513749841592,92.19696616102684,403.12653061224495,5.136037441497661,5.136037441497661,5.188429856798885,49.26823104693141,95.54702450408402,417.7744897959184,0.0075304254500536,0.0024806107364882,0.3610244409776391,0.1502299161482282,1.727436823104693,1.486236647493837,0.0,1.4403361344537815,0.0,0.0,0.6328728931694335,0.0,0.1915877738707059,0.7712952158693116,0.0418831580281333,1.3246492985971945,0.0,3.378312883852624,0.0298377886658977,0.019908321343728,-1.9636887947269304,710100000.0,852100000.0,33900000.0,2127400000.0,866200000.0,242050000.0,722350000.0,51.32999619820048,52.38153098420413,157.05710814094775,1.7533607376958116,1.7181628392484345,0.573039966578471,0.0386765470618824,0.1556026365348399,2006-05-04,0.19,bmo,1329010526.0,2025-04-25,2006-03-31,0.1578947368421052,18.831746031746032,2295717.4603174604
2005-12-31,EL,USD,1001250,2006-01-26,2006-01-25 20:16:29,2006,Q2,1783900000.0,458500000.0,1325400000.0,0.7429788665,0,1074700000.0,0.0,1074700000.0,0.0,1074700000.0,1533200000.0,0.0,0.0,49900000.0,300600000.0,0.1685072033,250700000.0,0.1405347833,-6900000.0,243800000.0,0.1366668535,90200000.0,81700000.0,0.0457985313,0.19,0.19,429400000,433200000,https://www.sec.gov/Archives/edgar/data/1001250/000100125006000007/0001001250-06-000007-index.htm,https://www.sec.gov/Archives/edgar/data/1001250/000100125006000007/form_10q-123105.txt,4.154401490451793,0.1902654867256637,1.0477410340009314,0.912435957149511,0.8623660922217047,3.508383791336749,1.8637633907778297,3.464368886818817,1.5165346995808104,7188155999.999999,7469055999.999999,21.99558139534884,4.029461292673355,15.977230495665705,18.34649310872894,4.832048937886528,4.832048937886528,4.186925276080498,24.84715901530273,16.601591464769946,19.063440530883103,0.0113659191592391,0.0545063295788238,0.4377520838935197,0.1759524452850581,0.9344644045242848,1.4382962043509506,0.0,5.506731946144431,0.0117554488244272,1.034271725826193,0.6024440831885195,0.0,0.1908132937044042,0.1291398088464103,0.0325690901956387,1.1643286573146292,0.0,3.851087019281196,0.0663671455991095,0.0272806197408842,-1.9484746157428967,670900000.0,800300000.0,7100000.0,2070300000.0,873750000.0,249850000.0,770700000.0,41.99058243175066,48.013086150490736,142.6259541984733,2.1433377387961072,1.87448896156991,0.6310211946050096,0.0549206776015057,0.1353050768514206,2006-01-26,0.28,bmo,1337925000.0,2025-04-25,2005-12-31,0.2499999999999998,19.31031746031746,1909311.111111111
2005-09-30,EL,USD,1001250,2005-10-27,2005-10-26 21:25:29,2006,Q1,1497100000.0,419500000.0,1077600000.0,0.7197915971,0,972500000.0,0.0,972500000.0,0.0,972500000.0,1392000000.0,0.0,0.0,47200000.0,152300000.0,0.1017300114,105100000.0,0.0702023913,-5600000.0,99500000.0,0.0664618262,35800000.0,58500000.0,0.0390755461,0.13,0.13,441200000,447200000,https://www.sec.gov/Archives/edgar/data/1001250/000100125005000176/0001001250-05-000176-index.htm,https://www.sec.gov/Archives/edgar/data/1001250/000100125005000176/form_10q-102605.txt,3.39324569356301,0.1325929283771532,-0.149818676337262,-0.2538531278331822,0.8828195829555757,3.967361740707162,2.380553037171351,3.929283771532185,1.5831822302810517,7685704000.000001,7994704000.000001,32.84488888888889,5.13372787388952,-116.27388804841152,-68.62235714285715,4.4333779418551,4.4333779418551,5.340126912029925,52.49313197636245,-120.9486232980333,-71.38128571428572,0.0076115343500087,-0.0145725102085638,0.4029187817258883,0.1760465761020238,2.0288903479973737,1.6095819267722669,0.0,-1.12991452991453,0.0001171005284616,0.0153846153846153,0.6495892057978759,0.0,0.1764498323966025,-0.6944024205748865,0.0306592745975552,0.972457627118644,0.0,3.4237980282248315,0.0250979617397667,0.0179030481087036,-1.6636446056210334,939000000.0,1050300000.0,262100000.0,2329900000.0,845900000.0,252250000.0,791550000.0,55.018368846436445,54.72943980929679,174.80810488676997,1.6358173076923077,1.644453155625245,0.5148502700049091,0.0337448084910013,0.1040344514959202,2005-10-26,0.16,bmo,1746400000.0,2025-04-25,2005-09-30,-0.1249999999999999,18.333870967741937,3103425.709677419
2005-06-30,EL,USD,1001250,2005-09-02,2005-09-02 14:09:49,2005,Q4,1543700000.0,371600000.0,1172100000.0,0.7592796528,0,1013700000.0,0.0,1013700000.0,0.0,1013700000.0,1385300000.0,0.0,13900000.0,52700000.0,211100000.0,0.1367493684,158400000.0,0.1026106109,-3200000.0,155200000.0,0.1005376692,85100000.0,66600000.0,0.0431430978,0.15,0.15,445800000,451000000,https://www.sec.gov/Archives/edgar/data/1001250/000110465905042689/0001104659-05-042689-index.htm,https://www.sec.gov/Archives/edgar/data/1001250/000110465905042689/a05-15349_110k.htm,3.46276357110812,0.1493943472409152,0.4297891431135038,0.2606550022431583,1.2411395244504262,3.8326603858232393,2.055181695827726,3.797218483624944,1.6343651861821444,8724306000.0,8885706000.0,32.7488963963964,5.651555354019563,45.53395615866389,75.0800860585198,5.153772448015123,5.153772448015123,5.756109347671179,42.09240170535291,46.37633611691023,76.46907056798624,0.0076338450301949,0.0133191109986284,0.4221999054820416,0.1839260898656647,0.7645665561345334,1.5374240502103225,11.39568345323741,2.876876876876877,0.0009628273011056,0.1261261261261261,0.6566690419122887,0.0,0.2039219723094343,0.3935281837160752,0.048843687244931,1.430740037950664,-0.0007773531126514,3.5726554515621074,0.0269809408397413,0.0215297084114566,-1.4744279946164198,804900000.0,916200000.0,125400000.0,2291500000.0,849050000.0,250200000.0,745800000.0,45.27693204638207,60.40365984930032,186.07911733046285,1.9877671903167653,1.4899759422614274,0.4836652349342705,0.0393431001890359,0.1691341408703454,2005-08-16,0.21,bmo,1528100000.0,2025-04-25,2005-06-30,0.0,16.825396825396826,2502384.1587301586
2005-03-31,EL,USD,1001250,2005-04-29,2005-04-28 18:07:58,2005,Q3,1538200000.0,386500000.0,1151700000.0,0.7487322845,0,975300000.0,0.0,975300000.0,0.0,962800000.0,1346500000.0,0.0,0.0,49500000.0,225900000.0,0.1468599662,176400000.0,0.1146794955,-3300000.0,173100000.0,0.1125341308,64700000.0,106200000.0,0.0690417371,0.24,0.23,451000000,457400000,https://www.sec.gov/Archives/edgar/data/1001250/000100125005000047/0001001250-05-000047-index.htm,https://www.sec.gov/Archives/edgar/data/1001250/000100125005000047/form_10q-042805.txt,3.4106430155210643,0.2354767184035476,-0.0254988913525498,-0.137250554323725,1.1485587583148558,4.284478935698448,2.6068736141906874,4.243458980044346,1.231929046563193,10142990000.0,10180590000.0,23.877095103578156,6.594064490963464,-881.9991304347826,-163.86090468497576,5.2999216219040655,5.2999216219040655,6.6185086464699,45.0667994687915,-885.268695652174,-164.46833602584817,0.0104702853892195,-0.0061027369641496,0.29031246734246,0.1394508307815872,0.1664453297919433,1.7310678919997151,0.0,-0.1082862523540489,0.0,0.0,0.6340527889741256,0.0,0.1899001054163947,-4.3826086956521735,0.0327655701469249,1.018181818181818,0.0,4.741603673259758,0.0410000932065903,0.0329037055397199,-1.0667960088691797,1026200000.0,1175700000.0,378000000.0,2473200000.0,882950000.0,272300000.0,711200000.0,53.91691587569887,58.44760672703752,168.4269081500647,1.6692349430276725,1.5398406374501992,0.5343564219549288,0.0554916919218309,0.1117516629711751,2005-04-28,0.25,bmo,1661256000.0,2025-04-25,2005-03-31,-0.0799999999999999,19.345625,3122609.4375
2004-12-31,EL,USD,1001250,2005-01-27,2005-01-27 17:10:16,2005,Q2,1750300000.0,448000000.0,1302300000.0,0.7440438782,0,1071800000.0,0.0,1071800000.0,0.0,1059700000.0,1503600000.0,0.0,0.0,47600000.0,278100000.0,0.1588870479,230500000.0,0.13169171,-3300000.0,227200000.0,0.1298063189,85500000.0,138300000.0,0.079015026,0.31,0.3,451200000,458400000,https://www.sec.gov/Archives/edgar/data/1001250/000100125005000014/0001001250-05-000014-index.htm,https://www.sec.gov/Archives/edgar/data/1001250/000100125005000014/form_10q-012704.txt,3.879210992907802,0.3065159574468085,0.8851950354609929,0.7338209219858156,1.2808067375886525,4.029255319148936,2.35084219858156,3.9922429078014185,1.226063829787234,10327968000.0,10303268000.0,18.6695010845987,5.900684454093584,25.858708062093143,31.19289640591966,5.733619052906234,5.733619052906234,5.886572587556419,37.04878820568141,25.79686529794692,31.118296587133795,0.0133908238290436,0.03205858112651,0.3071115305612613,0.1398806513603722,-0.0888169723121179,1.640625,0.0,2.887924801156905,0.0084334111027454,0.6297903109182935,0.6123521681997371,0.0,0.1914888237078992,0.1710065097646469,0.039021881963092,1.434873949579832,0.0,5.247183867372298,0.0559457279754178,0.0432525410476935,-1.276706560283688,938900000.0,1060700000.0,267700000.0,2379300000.0,873300000.0,277150000.0,705950000.0,43.41884248414558,58.98214285714285,140.44419642857142,2.072832780672667,1.5258855585831064,0.6408239164640251,0.0767778826403153,0.1513741134751773,2005-01-27,0.29,bmo,1678423333.0,2025-04-25,2004-12-31,0.0344827586206896,20.14546875,2331137.5
2004-09-30,EL,USD,1001250,2004-11-09,2004-11-09 15:07:00,2005,Q1,1504100000.0,411300000.0,1092800000.0,0.726547437,0,937500000.0,0.0,937500000.0,0.0,926300000.0,1334000000.0,0.0,0.0,46900000.0,202200000.0,0.134432551,155300000.0,0.1032511136,-4100000.0,151200000.0,0.100525231,56000000.0,95000000.0,0.0631606941,0.21,0.21,454200000,462400000,https://www.sec.gov/Archives/edgar/data/1001250/000100125004000177/0001001250-04-000177-index.htm,https://www.sec.gov/Archives/edgar/data/1001250/000100125004000177/form_10q-110304.txt,3.3115367679436374,0.2091589608102157,-0.2232496697490092,-0.3014090708938793,0.852267723469837,3.8500660501981514,2.1930867459269043,3.8229854689564062,1.2111404667547336,9492780000.0,9655780000.0,24.981,6.3112691975267605,-93.6171597633136,-69.3409788166545,5.466931582584658,5.466931582584658,6.419639651618908,47.75361028684471,-95.22465483234714,-70.53162892622352,0.0100076057803931,-0.0144214866456401,0.3168048836673577,0.1457488805871287,0.8061325420375866,1.6610268805390758,0.0,-1.0673684210526315,0.0003160296562229,0.031578947368421,0.6232963233827538,0.0,0.1994012134700474,-0.3500986193293885,0.0236021541120936,0.7569296375266524,0.0,4.241610841094246,0.039324947308056,0.03143925604792,-1.3330030823425805,902500000.0,996100000.0,242200000.0,2296300000.0,783550000.0,264000000.0,683150000.0,53.984442523768365,57.04595185995623,155.9737417943107,1.6671469740634006,1.577675489067894,0.577020202020202,0.0547108961068878,0.0781594011448701,2004-11-03,0.19,bmo,1348366666.0,2025-04-25,2004-09-30,0.1052631578947368,22.22590163934426,2283583.5409836066
2004-06-30,EL,USD,1001250,2004-09-03,2004-09-03 15:27:35,2004,Q4,1403100000.0,340900000.0,1062200000.0,0.7570379873,0,917700000.0,0.0,917700000.0,18800000.0,936500000.0,1277400000.0,0.0,27100000.0,52500000.0,178200000.0,0.1270044901,125700000.0,0.0895873423,1400000.0,127100000.0,0.0905851329,46900000.0,71100000.0,0.0506735087,0.16,0.16,455800000,456600000,https://www.sec.gov/Archives/edgar/data/1001250/000110465904026881/0001104659-04-026881-index.htm,https://www.sec.gov/Archives/edgar/data/1001250/000110465904026881/a04-10115_110k.htm,3.0783238262395787,0.1559894690653795,0.2582272926722246,0.0923650724001755,1.3418165862220273,3.8372093023255816,2.20447564721369,3.803203159280386,1.2338745063624397,11116962000.0,11040662000.0,39.08917721518987,7.92314304041052,94.45167374681394,264.0608551068884,6.413015286991636,6.413015286991636,7.868763452355498,61.956576879910216,93.80341546304165,262.24850356294536,0.0063956321880024,0.0037870058384655,0.3087972310354773,0.1443596451012648,-0.4281705948372615,1.6635400907715585,4.638376383763838,1.6554149085794656,0.0004497631637132,0.070323488045007,0.6540517425700235,0.0,0.2006957741161241,0.6423109600679694,0.0538806927517639,1.44,0.0056303898510441,3.653538276135647,0.032243831497823,0.0239886635851412,-1.145403685827117,877200000.0,1004800000.0,240100000.0,2268400000.0,725800000.0,246700000.0,614000000.0,42.64913406029506,70.56908184218246,172.528600762687,2.11024214167544,1.275346053123831,0.5216526396327468,0.0410152869916354,0.1658622202720491,2004-08-17,0.16,bmo,1354200000.0,2025-04-25,2004-06-30,0.0,21.99765625,1802800.0
2004-03-31,EL,USD,1001250,2004-04-29,2004-04-28 17:38:18,2004,Q3,1421600000.0,358600000.0,1063000000.0,0.7477490152,0,893400000.0,0.0,893400000.0,0.0,893400000.0,1252000000.0,0.0,0.0,47400000.0,217000000.0,0.1526449071,169600000.0,0.1193021947,-8600000.0,161000000.0,0.113252673,60900000.0,98300000.0,0.0691474395,0.22,0.21,456600000,463800000,https://www.sec.gov/Archives/edgar/data/1001250/000100125004000069/0001001250-04-000069-index.htm,https://www.sec.gov/Archives/edgar/data/1001250/000100125004000069/form_10q-apr04.txt,3.1134472185720545,0.2152869031975471,0.3657468243539203,0.2711344721857205,1.9005694261936048,3.633377135348226,2.019053876478318,3.5939553219448093,1.8431887866841872,10122822000.0,10096622000.0,25.74471515768057,7.120724535734384,60.6157005988024,81.76754442649434,6.1686910420475325,6.1686910420475325,7.102294597636466,46.52821198156682,60.45881437125748,81.5559127625202,0.0097107308614139,0.0122297912578132,0.5128580134064594,0.2134902716826057,-0.12073732718894,1.9277972709551656,0.0,1.698880976602238,0.0,0.0,0.6284468204839617,0.0,0.1869815580528145,0.2586826347305389,0.0303882948790095,0.9113924050632912,0.0,4.172404463683552,0.0395688230409167,0.0306708268330733,-1.1783289531318442,1189900000.0,921900000.0,189300000.0,2547400000.0,777250000.0,229500000.0,574400000.0,49.80514912774338,56.745677635248185,144.1857222532069,1.807042074488369,1.5860238832375055,0.6241949521322889,0.0599024984765386,0.0946123521681997,2004-04-28,0.18,bmo,1163127272.0,2025-04-25,2004-03-31,0.2222222222222222,22.1846875,2096850.0
2003-12-31,EL,USD,1001250,2004-01-29,2004-01-29 17:26:27,2004,Q2,1619100000.0,412700000.0,1206400000.0,0.7451053054,0,987400000.0,0.0,987400000.0,0.0,987400000.0,1400100000.0,0.0,0.0,46700000.0,265700000.0,0.1641035143,219000000.0,0.1352603298,-7200000.0,211800000.0,0.1308134149,80700000.0,95700000.0,0.0591069112,0.21,0.21,457200000,463200000,https://www.sec.gov/Archives/edgar/data/1001250/000100125004000026/0001001250-04-000026-index.htm,https://www.sec.gov/Archives/edgar/data/1001250/000100125004000026/form_10q-dec03.txt,3.5413385826771653,0.2093175853018372,0.939413823272091,0.8398950131233596,1.902668416447944,3.509623797025372,1.8888888888888888,3.473753280839895,1.8226159230096235,8974836000.0,8938236000.0,23.445235109717867,5.543101723179544,20.89600931315483,23.37196875,5.650948243294295,5.650948243294295,5.520496572169724,33.64033120060218,20.81079394644936,23.27665625,0.0106631474937257,0.0427862971535078,0.5246820299710364,0.2098886705959397,-0.1377493413624388,1.8697338403041823,0.0,4.48798328108673,0.0076413652572592,0.7166144200626959,0.6098449756037305,0.0,0.1866404715127701,0.1059371362048894,0.0281020319930825,0.974304068522484,0.0,4.044767866675935,0.0509592335715935,0.0296358231140839,-1.3838582677165354,1143700000.0,863600000.0,93100000.0,2506400000.0,804400000.0,237900000.0,601100000.0,42.6792662590328,50.78992003876908,125.2410952265568,2.108752279239386,1.772005152425934,0.7186139648267456,0.0602568945976577,0.0995188101487314,2004-01-29,0.24,bmo,1439200000.0,2025-04-25,2003-12-31,0.1250000000000001,22.695,2058832.258064516
2003-09-30,EL,USD,1001250,2003-10-28,2003-10-28 17:23:02,2004,Q1,1351700000.0,366300000.0,985400000.0,0.729007916,0,852700000.0,0.0,852700000.0,4300000.0,852800000.0,1216900000.0,0.0,0.0,45100000.0,174800000.0,0.1293186358,1287400000.0,0.952430273,-7700000.0,120700000.0,0.0892949619,43500000.0,77000000.0,0.056965303,0.17,0.17,456200000,461200000,https://www.sec.gov/Archives/edgar/data/1001250/000100125003000269/0001001250-03-000269-index.html,https://www.sec.gov/Archives/edgar/data/1001250/000100125003000269/form_10q-102803.txt,2.962954844366506,0.1687856203419553,-0.1028057869355545,-0.1953090749671197,1.0580885576501535,3.324638316527839,1.654318281455502,3.2959228408592725,1.8459009206488384,7778210000.0,8137610000.0,25.25392857142857,5.754390767182067,-165.84669509594883,-87.29753086419753,5.17305799414738,5.17305799414738,6.020278168232596,46.55383295194508,-173.5098081023454,-91.33120089786756,0.0098994498734284,-0.0114550777106815,0.5600558659217877,0.2275822928490352,2.0560640732265445,1.9097488664108824,0.0,-0.6090909090909091,0.0,0.0,0.6308352445069172,0.0,0.2059348143343603,-0.8997867803837953,0.0312199452541244,0.9356984478935698,0.0,3.5379158524627417,0.3213989174519958,0.0262065209992512,-1.6573871109162648,1043300000.0,754700000.0,6600000.0,2409700000.0,737600000.0,236400000.0,613450000.0,55.99615299252793,59.68058968058968,154.27518427518427,1.6072532699167656,1.508027995059695,0.5833731485905399,0.0512104283054003,0.0925032880315651,2003-10-28,0.16,bmo,1267388235.0,2025-04-25,2003-09-30,0.0625,20.700322580645164,1450235.4838709678
2003-06-30,EL,USD,1001250,2003-09-15,2003-09-15 17:16:19,2003,Q4,1223000000.0,290600000.0,932400000.0,0.7623875715,0,807200000.0,0.0,807200000.0,42300000.0,849500000.0,1140100000.0,0.0,0.0,47000000.0,151900000.0,0.12420278,82900000.0,0.0677841374,2800000.0,85700000.0,0.0700735895,26000000.0,53000000.0,0.0433360589,0.11,0.11,459800000,464200000,https://www.sec.gov/Archives/edgar/data/1001250/000093041303002786/0000930413-03-002786-index.htm,https://www.sec.gov/Archives/edgar/data/1001250/000093041303002786/c29284_10k.txt,2.659852109612875,0.1152675076120052,0.2883862548934319,0.1665941713788603,0.7918660287081339,3.1228795128316658,1.4684645498042628,3.096128751631144,0.6337538060026098,7710846000.0,7638146000.0,36.37191509433962,6.304861815208504,58.15117647058823,100.6637859007833,5.416441416128127,5.416441416128127,6.245417825020442,50.28404213298222,57.60291101055807,99.7146997389034,0.0068734351587361,0.0099340591162111,0.2046923293059848,0.0869876712737693,-0.4786043449637919,1.751044039483675,0.0,2.5018867924528303,0.0007521872437862,0.1094339622641509,0.6600163532297629,0.0,0.227081405415087,0.4223227752639517,0.0457890433360588,1.1914893617021276,0.0,2.833702260302553,0.0250637884260602,0.020469643133014,-1.6849717268377555,791300000.0,675200000.0,-69100000.0,2159700000.0,683650000.0,207700000.0,565700000.0,46.670482420278006,71.20096352374398,185.5127322780454,1.9284137496058027,1.2640278381905177,0.4851419031719532,0.0372295588648496,0.1217920835145715,2003-08-14,0.13,bmo,1219300000.0,2025-04-25,2003-06-30,0.0,18.74421875,1304018.75
2003-03-31,EL,USD,1001250,2003-05-01,2003-05-01 11:15:14,2003,Q3,1239400000.0,316600000.0,922800000.0,0.7445538164,0,795000000.0,0.0,795000000.0,0.0,790400000.0,1104200000.0,0.0,0.0,42700000.0,170500000.0,0.1375665645,127800000.0,0.1031144102,-3000000.0,124800000.0,0.1006938841,41000000.0,83800000.0,0.0676133613,0.17,0.17,464200000,468000000,https://www.sec.gov/Archives/edgar/data/1001250/000100125003000077/0001001250-03-000077-index.htm,https://www.sec.gov/Archives/edgar/data/1001250/000100125003000077/form_10q-mar31.txt,2.669969840585954,0.1805256355019388,0.0988797931925894,0.0213270142180094,1.1374407582938388,3.1803102111158985,1.6742783283067644,3.1803102111158985,0.7940542869452822,7046556000.0,6887156000.0,21.02194510739857,5.685457479425528,153.5197385620915,711.7733333333333,4.773119284698232,4.773119284698232,5.556846861384541,40.393876832844576,150.04697167755992,695.6723232323233,0.0118923343545414,0.0014049416480902,0.2496782496782496,0.1062860438292964,-0.9348973607038124,1.7406372762985596,0.0,0.5477326968973747,0.0074220654742543,0.6241050119331742,0.6414394061642731,0.0,0.2015859284890426,0.7843137254901961,0.029046312731967,0.8430913348946136,0.0,3.594143742811014,0.0355059882812375,0.0302647260645021,-1.395249892287807,848400000.0,777200000.0,2200000.0,2128700000.0,713950000.0,194000000.0,533500000.0,53.23462965951266,52.7321541377132,151.34554643082754,1.6906288364479607,1.7067385444743934,0.5946656649135988,0.0567635304477409,0.0775527789745799,2003-04-30,0.14,bmo,1015823529.0,2025-04-25,2003-03-31,0.2142857142857142,17.44734375,1806690.625
2002-12-31,EL,USD,1001250,2003-01-30,2003-01-30 16:32:44,2003,Q2,1412700000.0,371400000.0,1041300000.0,0.7370991718,0,871300000.0,0.0,871300000.0,0.0,867300000.0,1236200000.0,0.0,0.0,43400000.0,213400000.0,0.1510582572,170000000.0,0.1203369434,-2200000.0,167800000.0,0.1187796418,56100000.0,109600000.0,0.0775819353,0.23,0.22,466200000,470000000,https://www.sec.gov/Archives/edgar/data/1001250/000100125003000028/0001001250-03-000028-index.htm,https://www.sec.gov/Archives/edgar/data/1001250/000100125003000028/form_10q-jdec02.txt,3.03024453024453,0.2350922350922351,0.787001287001287,0.7121407121407122,1.4045474045474045,3.073144573144573,1.5851565851565852,3.073144573144573,0.8745173745173745,6153840000.0,5906740000.0,14.037043795620438,4.356084094287534,16.772526573998363,18.53566265060241,4.295274656243456,4.295274656243456,4.18117080767325,27.67919400187441,16.099046061597164,17.791385542168676,0.0178100178100178,0.0539500539500539,0.2845675996370489,0.114342607134844,-1.157919400187441,1.7462524076710493,0.0,3.347627737226277,0.0009587509587509,0.0538321167883211,0.6167622283570467,0.0,0.1945535113304913,0.0951212864540746,0.0247044666241948,0.804147465437788,0.0,4.031827079054598,0.0460861256467626,0.0381628886799679,-1.4794079794079793,891100000.0,739000000.0,-47700000.0,2166000000.0,736750000.0,220050000.0,557600000.0,44.26417498407305,49.07108239095315,129.54765751211633,2.0332469775474955,1.834074074074074,0.6947250280583613,0.076498918126614,0.0748605748605748,2003-01-30,0.2,bmo,1279454545.0,2025-04-25,2002-12-31,0.0999999999999999,16.30968253968254,2174561.936507937
2002-09-30,EL,USD,1001250,2002-10-30,2002-10-29 20:00:40,2003,Q1,1242500000.0,357100000.0,885400000.0,0.7125955734,0,771000000.0,0.0,771000000.0,0.0,771000000.0,1128100000.0,0.0,0.0,41700000.0,156100000.0,0.1256338028,114400000.0,0.0920724346,-2900000.0,111500000.0,0.0897384306,37400000.0,73400000.0,0.0590744467,0.14,0.14,470400000,474800000,https://www.sec.gov/Archives/edgar/data/1001250/000100125002000141/0001001250-02-000141-index.htm,https://www.sec.gov/Archives/edgar/data/1001250/000100125002000141/form_10q-sept02.txt,2.641369047619047,0.1560374149659864,0.0065901360544217,-0.0703656462585034,0.7593537414965986,2.9453656462585034,1.4689625850340136,2.9453656462585034,0.8718112244897959,6759648000.0,6812548000.0,23.0233242506812,5.440360563380282,2180.531612903226,-204.2189728096677,4.878850956333453,4.878850956333453,5.48293601609658,43.64220371556694,2197.596129032258,-205.81716012084595,0.0108585535814882,-0.0048967046804804,0.2959942259112234,0.1202674565236517,0.33888532991672,1.8976904176904177,0.0,0.0422343324250681,0.00261847954213,0.2411444141689373,0.620523138832998,0.0,0.2036716619255696,11.67741935483871,0.0291348088531187,0.86810551558753,0.0,3.2156978924279365,0.0316925526591317,0.027031008322899,-1.6855335884353742,913400000.0,691000000.0,-93500000.0,2187600000.0,701750000.0,227000000.0,562550000.0,56.40482897384306,59.88238588630635,146.32875945113412,1.595608064723257,1.502946127946128,0.615053393041681,0.052977264525442,0.0769557823129251,2002-10-29,0.13,bmo,1147528571.0,2025-04-25,2002-09-30,0.0769230769230769,14.172459016393445,2236973.770491803
2002-06-30,EL,USD,1001250,2002-09-17,2002-09-17 17:26:38,2002,Q4,1129000000.0,266500000.0,862500000.0,0.7639503986,0,788200000.0,0.0,788200000.0,110400000.0,898600000.0,1165100000.0,0.0,0.0,44400000.0,118700000.0,0.1051372896,-36100000.0,-0.0319751993,-2300000.0,-38400000.0,-0.0340124004,-13000000.0,-25400000.0,-0.0224977857,-0.0534,-0.0534,475800000,475800000,https://www.sec.gov/Archives/edgar/data/1001250/000093041302002851/0000930413-02-002851-index.htm,https://www.sec.gov/Archives/edgar/data/1001250/000093041302002851/c25612_10k-.txt,2.372845733501471,-0.0533837746952501,0.3203026481715006,0.1872635561160151,1.1494325346784364,3.07250945775536,1.6139134089953762,3.07250945775536,0.8627574611181169,8469240000.0,8332840000.0,-83.35866141732284,7.501541186891054,55.5724409448819,95.05319865319863,5.793310075928586,5.793310075928586,7.380726306465899,70.20084245998315,54.67742782152231,93.5223344556678,-0.0029990884660252,0.0105204245008997,0.2807989602571995,0.1201522025464656,-1.1491154170176916,2.008753647353064,0.0,-6.0,0.0020899159782932,-0.6968503937007874,0.6981399468556244,0.0,0.2031318600907361,0.4153543307086614,0.0560673162090345,1.4256756756756757,0.0,,-0.0096929757797172,-0.0093296602387511,-1.4015342580916352,968000000.0,767900000.0,-27000000.0,2242700000.0,650950000.0,204000000.0,529700000.0,49.80690876882197,73.08067542213884,183.88367729831143,1.8069782330345712,1.2315157116451017,0.4894398530762167,-0.0173746494288255,0.1330390920554855,2002-08-15,0.09,bmo,1016099999.0,2025-04-25,2002-06-30,0.1111111111111112,13.8096875,2185731.25
2002-03-31,EL,USD,1001250,2002-05-01,2002-04-30 17:45:24,2002,Q3,1121700000.0,318300000.0,803400000.0,0.7162342872,0,722300000.0,0.0,722300000.0,0.0,722300000.0,1040600000.0,0.0,0.0,40200000.0,121300000.0,0.1081394312,81100000.0,0.0723009717,-3300000.0,77800000.0,0.0693590086,27100000.0,50700000.0,0.0451992511,0.095,0.095,475800000,480800000,https://www.sec.gov/Archives/edgar/data/1001250/000100125002000019/0001001250-02-000019-index.htm,https://www.sec.gov/Archives/edgar/data/1001250/000100125002000019/form_10q-mar02.txt,2.35750315258512,0.1065573770491803,0.2187894073139974,0.1309373686422866,0.985708280790248,3.0968894493484656,1.6132828919714166,3.0968894493484656,0.8610760823875578,8117147999.999999,8057847999.999999,40.02538461538462,7.236469644289916,77.97452449567723,130.29130016051363,5.50875330844927,5.50875330844927,7.183603459035392,66.42908491343775,77.4048799231508,129.33945425361154,0.006246036169354,0.0076751095335455,0.2780454699694604,0.122316763696074,-0.4888705688375927,2.147856315179606,0.0,2.0532544378698225,0.0021805688401886,0.3491124260355029,0.643933315503254,0.0,0.2107478728168383,0.4015369836695485,0.0372648658286529,1.0398009950248757,0.0,2.7248705247243747,0.0212097737133066,0.0191783931003177,-1.348728457335015,990600000.0,767600000.0,-22400000.0,2266500000.0,670450000.0,172500000.0,537850000.0,54.32736025675314,54.17530631479736,145.5890669180019,1.656623836951706,1.661273486430063,0.6181782870460284,0.034407872412623,0.0878520386717108,2002-04-30,0.1,bmo,1121700000.0,2025-04-25,2002-03-31,0.0,15.060625,2912671.9375
2001-12-31,EL,USD,1001250,2002-01-31,2002-01-31 00:00:00,2002,Q2,1257400000.0,276400000.0,981000000.0,0.7801813265,0,837500000.0,0.0,837500000.0,0.0,811400000.0,1154700000.0,0.0,0.0,39700000.0,183200000.0,0.145697471,143500000.0,0.1141243836,-4500000.0,139000000.0,0.1105455702,48900000.0,90100000.0,0.0716557977,0.18,0.18,476200000,481400000,https://www.sec.gov/Archives/edgar/data/1001250/000100125002000008/0001001250-02-000008-index.htm,https://www.sec.gov/Archives/edgar/data/1001250/000100125002000008/form_10q-dec01.txt,2.640487190256195,0.1892062158756824,0.7683746325073498,0.6675766484670307,0.9290214195716086,3.073078538429232,1.5884082318353634,3.073078538429232,0.8666526669466611,7633486000.000001,7603786000.000001,21.180593784683687,6.070849371719421,20.86221918556983,24.012223969801827,5.216267596009294,5.216267596009294,6.047229203117545,41.50538209606987,20.781049467067508,23.91879836426549,0.0118032573846339,0.0416454553005009,0.2820144868115348,0.1229408084840179,-0.162117903930131,2.147674953959484,0.0,5.264748201438849,0.0023318310926357,0.197558268590455,0.6660569428980436,0.0,0.2106109803687926,0.1311833834380978,0.0381740098616192,1.2090680100755669,0.0,3.616977347214353,0.0373022563662255,0.0340012830672855,-1.4129567408651826,997100000.0,756400000.0,-27600000.0,2268100000.0,728950000.0,191050000.0,604350000.0,47.51232702401781,49.9493487698987,182.60492040520984,1.8942452545947577,1.801825293350717,0.492867332382311,0.0615689490228235,0.1007979840403192,2002-01-30,0.18,bmo,1298200000.0,2025-04-25,2001-12-31,0.0,18.21578125,2390109.375
2001-09-30,EL,USD,1001250,2001-10-26,2001-10-26 00:00:00,2002,Q1,1187700000.0,254500000.0,933200000.0,0.7857202997,0,780300000.0,0.0,780300000.0,0.0,696600000.0,1041900000.0,0.0,0.0,37700000.0,190600000.0,0.1604782352,152900000.0,0.1287362128,-4400000.0,148500000.0,0.1250315736,51400000.0,97100000.0,0.0817546518,0.15,0.15,477800000,484600000,https://www.sec.gov/Archives/edgar/data/1001250/000100125001500012/0001001250-01-500012-index.htm,https://www.sec.gov/Archives/edgar/data/1001250/000100125001500012/form_10q-form10q.txt,2.485768103809125,0.203223105902051,-0.2185014650481373,-0.3233570531603181,0.3294265383005441,2.962955211385517,1.4382586856425283,2.962955211385517,0.901841774801172,7907590000.0,8181090000.0,20.35939752832132,6.657901827060706,-75.74319923371648,-51.18181229773463,5.58563961291234,5.58563961291234,6.888178833038646,42.92282266526757,-78.36293103448276,-52.95203883495146,0.0122793417463474,-0.019538190523282,0.3043723952814862,0.130555976367217,1.4349422875131164,2.063908045977012,0.0,-1.075180226570546,0.0022510018855302,0.1833161688980432,0.6569840868906289,0.0,0.2207241327071656,-0.4798850574712643,0.042182369285173,1.3289124668435013,0.0,3.6807841034071456,0.0408436298051462,0.0377527216174183,-1.6908225198827962,925600000.0,687200000.0,-89200000.0,2206000000.0,687350000.0,234250000.0,639100000.0,60.17428643596868,80.87622789783889,229.11984282907665,1.4956554590102002,1.1128115435067774,0.3928075320265473,0.0685879776788867,0.1048555881121808,2001-10-25,0.19,bmo,1194800000.0,2025-04-25,2001-09-30,0.0,16.211166666666667,2725520.0
2001-06-30,EL,USD,1001250,2001-09-17,2001-09-17 00:00:00,2001,Q4,1037100000.0,204900000.0,832200000.0,0.8024298525,0,744800000.0,0.0,744800000.0,53900000.0,798700000.0,1003600000.0,0.0,0.0,43300000.0,114400000.0,0.1103075885,33500000.0,0.0323016103,-1400000.0,32100000.0,0.0309516922,11700000.0,20400000.0,0.0196702343,0.0428,0.0428,476800000,476800000,https://www.sec.gov/Archives/edgar/data/1001250/000093041301501188/0000930413-01-501188-index.htm,https://www.sec.gov/Archives/edgar/data/1001250/000093041301501188/c21673.txt,2.1751258389261743,0.0427852348993288,0.1277265100671141,0.0046140939597315,0.7271392617449665,2.8357802013422817,1.324244966442953,2.8357802013422817,0.8739513422818792,10275040000.0,10345040000.0,125.91960784313726,9.907472760582394,168.71986863711,4670.472727272727,7.599319576954368,7.599319576954368,9.974968662616911,90.42867132867131,169.86929392446635,4702.290909090909,0.0019853937308273,0.0002141110886186,0.3081872642556024,0.1294581831738536,0.6118881118881119,2.029765378779036,0.0,2.985294117647059,0.0017323533533689,0.8725490196078431,0.7181563976472857,0.0,0.2239033180067105,0.9638752052545156,0.056600134991804,1.3556581986143188,0.0,1.652245213592447,0.0089909707446126,0.0081662063168007,-1.6136744966442953,882200000.0,631400000.0,-127800000.0,2131600000.0,631150000.0,213800000.0,559450000.0,50.38472664159676,105.32942898975112,276.85212298682285,1.7862555976575956,0.8544620517097581,0.3250832936696811,0.0150876414466385,0.1231124161073825,2001-08-16,0.11,bmo,905300000.0,2025-04-25,2001-06-30,0.0909090909090908,16.44640625,2387693.78125
2001-03-31,EL,USD,1001250,2001-04-24,2001-04-24 00:00:00,2001,Q3,1101700000.0,226100000.0,875600000.0,0.7947717164,0,770300000.0,0.0,770300000.0,0.0,770300000.0,996400000.0,0.0,0.0,38800000.0,144100000.0,0.1307978579,105300000.0,0.0955795589,-3000000.0,102300000.0,0.0928564945,37200000.0,65100000.0,0.0590904965,0.13,0.12,476800000,484000000,https://www.sec.gov/Archives/edgar/data/1001250/000100125001500006/0001001250-01-500006-index.htm,https://www.sec.gov/Archives/edgar/data/1001250/000100125001500006/f10q-3qtrfyo1_esteelauder.txt,2.3106124161073827,0.1365352348993288,0.0184563758389261,-0.0771812080536912,0.8043204697986577,2.8764681208053693,1.361996644295302,2.8764681208053693,0.8810822147651006,8682528000.0,8719128000.0,33.34304147465438,7.881027502949986,986.6509090909092,-235.93826086956523,6.330680277068903,6.330680277068903,7.914248888082055,60.50748091603054,990.81,-236.9328260869565,0.0074978163041915,-0.004238396927715,0.3063069631790011,0.1303646237393328,0.2539902845246357,2.052374869353153,0.0,0.1351766513056835,0.0020385767831672,0.271889400921659,0.6991921575746574,0.0,0.2240806826997672,5.181818181818182,0.0413905781973314,1.175257731958763,0.0,2.972647496336948,0.028303734280503,0.0260358342665173,-1.493131291946309,906200000.0,649400000.0,-83700000.0,2155900000.0,672400000.0,205400000.0,493500000.0,55.68938912589634,74.7545333923043,194.4891640866873,1.6161067918439196,1.203940362087327,0.4627507163323782,0.0474662777980313,0.0956375838926174,2001-04-24,0.12,bmo,1103500000.0,2025-04-25,2001-03-31,0.0,19.50271186440678,1744040.6779661018
2000-12-31,EL,USD,1001250,2001-01-30,2001-01-30 00:00:00,2001,Q2,1291600000.0,278000000.0,1013600000.0,0.7847630845,0,810100000.0,0.0,810100000.0,0.0,810100000.0,1088100000.0,0.0,0.0,40700000.0,244200000.0,0.1890678229,203500000.0,0.157556519,-4500000.0,199000000.0,0.1540724683,71700000.0,127300000.0,0.0985599257,0.26,0.25,476400000,484400000,https://www.sec.gov/Archives/edgar/data/1001250/000100125001000002/0001001250-01-000002-index.htm,https://www.sec.gov/Archives/edgar/data/1001250/000100125001000002/0001001250-01-000002-0001.txt,2.711167086481948,0.2672124265323258,0.5507976490344249,0.4475230898404702,0.8900083963056256,2.788623005877414,1.2598656591099917,2.788623005877414,0.8841309823677582,10437924000.0,10435124000.0,20.498672427337,8.081390523381852,39.77867378048781,48.958367729831146,7.856924350771547,7.856924350771547,8.079222669557138,42.73187551187552,39.768003048780486,48.94523452157598,0.0121959117540997,0.0204255175646038,0.3170493037260067,0.1297916923456181,-0.0114660114660114,1.9631607629427792,0.0,2.06127258444619,0.0017053199467633,0.1398271798900235,0.6272065655001549,0.0,0.2244237643288549,0.1875,0.038092288634252,1.2088452088452089,0.0,4.09462833501386,0.0557605770650562,0.0505780920974214,-1.5662783375314862,883700000.0,600200000.0,-115500000.0,2123500000.0,694400000.0,222650000.0,509950000.0,46.20548157324249,72.19424460431654,161.3525179856115,1.947820841502036,1.2466367713004485,0.557784911717496,0.0958223560406473,0.1032745591939546,2001-01-30,0.25,bmo,1339300000.0,2025-04-25,2000-12-31,0.0,20.08873015873016,1326628.5714285714
2000-09-30,EL,USD,1001250,2000-10-24,2000-10-24 00:00:00,2001,Q1,1177700000.0,263300000.0,914400000.0,0.7764286321,0,761100000.0,0.0,761100000.0,0.0,761100000.0,1024400000.0,0.0,0.0,40100000.0,193400000.0,0.1642183918,153300000.0,0.1301689734,-5300000.0,148000000.0,0.1256686762,53400000.0,92400000.0,0.0784580114,0.18,0.18,476200000,484400000,https://www.sec.gov/Archives/edgar/data/1001250/000100125000000022/0001001250-00-000022-index.htm,https://www.sec.gov/Archives/edgar/data/1001250/000100125000000022/0001001250-00-000022-0001.txt,2.4731205375892484,0.1940361192776144,-0.0560688786224275,-0.1373372532549349,0.4909701805963881,2.5644687106257877,1.0266694666106675,2.5644687106257877,0.8918521629567409,8719222000.0,8910122000.0,23.590968614718616,7.403601935976904,-326.5626217228464,-133.3214373088685,7.139880445463478,7.139880445463478,7.565697546064363,46.07095139607032,-333.71243445692886,-136.24039755351683,0.0105972757661176,-0.0075006692110832,0.3477726826072715,0.135345294623793,0.9870734229576008,1.8301785330178533,0.0,-0.288961038961039,0.0020299976305225,0.1915584415584415,0.6462596586567038,0.0,0.2333726377513623,-1.449438202247191,0.0328606606096629,0.9650872817955112,0.0,3.346040947735196,0.0442442329447341,0.0384103757898237,-1.8435006299874,771900000.0,488900000.0,-215000000.0,1993100000.0,637950000.0,229400000.0,533900000.0,55.4580962893776,75.98556779339157,178.2567413596658,1.622846906435166,1.1844354475933423,0.5048897411313519,0.0756632820176875,0.0812683746325073,2000-10-24,0.18,bmo,1115715789.0,2025-04-25,2000-09-30,0.0555555555555556,19.657258064516128,1842303.225806452
2000-06-30,EL,USD,1001250,2000-09-18,2000-09-18 00:00:00,2000,Q4,998900000.0,167500000.0,831400000.0,0.8323155471,0,698600000.0,0.0,698600000.0,39000000.0,737600000.0,905100000.0,0.0,0.0,39000000.0,132800000.0,0.1329462409,93800000.0,0.0939032936,-3200000.0,90600000.0,0.0906997697,33400000.0,57200000.0,0.0572629893,0.12,0.12,475400000,476000000,https://www.sec.gov/Archives/edgar/data/1001250/000088981200003866/0000889812-00-003866-index.htm,https://www.sec.gov/Archives/edgar/data/1001250/000088981200003866/0000889812-00-003866-0001.txt,2.1011779554059737,0.12031973075305,0.2059318468657972,0.0805637358014303,0.6737484223811527,3.1979385780395457,1.6430374421539755,3.1979385780395457,0.8948254101809003,11751888000.0,11856988000.0,51.36314685314685,11.764829312243467,120.0397139938713,306.8378067885117,7.72997960928764,7.72997960928764,11.87004504955451,89.28454819277108,121.1132584269663,309.58193211488253,0.0048673030239906,0.0032590508010287,0.2798131947641912,0.139782472973417,0.7914156626506024,1.7947438456420493,0.0,1.7115384615384617,0.0015146502417313,0.3111888111888112,0.6993693062368606,0.0,0.2428942266618473,0.6087844739530133,0.0596656321954149,1.528205128205128,0.0,2.9423527907401708,0.0275635601818816,0.0248253114014148,-1.0872949095498528,716700000.0,781100000.0,95500000.0,1936200000.0,578550000.0,212750000.0,495600000.0,49.57252978276104,127.07462686567165,293.534328358209,1.815521628498728,0.7082452431289641,0.3066080907926048,0.0376241531276721,0.1253681110643668,2000-08-16,0.11,bmo,998900000.0,2025-04-25,2000-06-30,0.0,20.906031746031744,1926174.603174603
2000-03-31,EL,USD,1001250,2000-04-25,2000-04-25 00:00:00,2000,Q3,1039100000.0,193200000.0,845900000.0,0.8140698682,0,709000000.0,0.0,709000000.0,37500000.0,746500000.0,939700000.0,0.0,0.0,37500000.0,136900000.0,0.1317486286,99400000.0,0.0956597055,-3300000.0,96100000.0,0.0924838803,35700000.0,60400000.0,0.0581272255,0.12,0.11,476000000,485600000,https://www.sec.gov/Archives/edgar/data/1001250/000100125000000005/0001001250-00-000005-index.html,https://www.sec.gov/Archives/edgar/data/1001250/000100125000000005/,2.1829831932773107,0.126890756302521,0.209453781512605,0.371218487394958,0.7722689075630252,3.117647058823529,1.7222689075630253,3.117647058823529,0.9002100840336135,11914280000.0,11975180000.0,49.31407284768213,11.465960927725916,119.5013039117352,67.4265987549519,8.028490566037735,8.028490566037735,11.52456933885093,87.47392257121987,120.11213640922767,67.7712507074137,0.0050695467959457,0.0148309423649603,0.2887466307277628,0.1449250853992627,0.4448502556610664,1.8849038912330047,0.0,1.650662251655629,0.0014856122233152,0.293046357615894,0.6823212395342123,0.0,0.2246423377414008,0.7723169508525577,0.0741025887787508,2.053333333333333,0.0,2.9834566104629503,0.0296015586307104,0.0263467829880043,-0.8980567226890757,755000000.0,819800000.0,135500000.0,1857300000.0,646900000.0,208550000.0,454200000.0,52.56568184005389,88.04347826086958,207.25155279503107,1.7121436810018125,1.022222222222222,0.4342548887390425,0.0407008086253369,0.1617647058823529,2000-04-25,0.11,bmo,1039100000.0,2025-04-25,2000-03-31,0.0,21.449682539682534,1626034.9206349207
1999-12-31,EL,USD,1001250,2000-01-27,2000-01-27 00:00:00,2000,Q2,1235100000.0,246800000.0,988300000.0,0.8001781232,0,765900000.0,0.0,765900000.0,0.0,765900000.0,1049000000.0,0.0,0.0,36300000.0,222400000.0,0.1800663914,186100000.0,0.1506760586,-5200000.0,180900000.0,0.1464658732,67000000.0,113900000.0,0.0922192535,0.23,0.23,475000000,484400000,https://www.sec.gov/Archives/edgar/data/1001250/000100125000000002/0001001250-00-000002-index.html,https://www.sec.gov/Archives/edgar/data/1001250/000100125000000002/,2.6002105263157893,0.2397894736842105,0.6185263157894737,0.4831578947368421,0.732,3.0532631578947367,1.567578947368421,3.0532631578947367,0.9029473684210526,11979500000.0,12060700000.0,26.29389815627744,9.69921463849081,40.77433628318584,52.19825708061002,8.260015169275322,8.260015169275322,9.76495830297142,54.22976618705036,41.05071477195371,52.5520697167756,0.0095079093451312,0.0191577277849659,0.2957319175343032,0.1419916572866318,0.3651079136690647,1.781128506882421,0.0,2.57945566286216,0.0014775241036771,0.1553994732221246,0.6201117318435754,0.0,0.2336290803151691,0.2188563648740639,0.052060561897822,1.7713498622589532,0.0,4.05871386366997,0.0564503897837231,0.0492029893299926,-1.001421052631579,743400000.0,744600000.0,124800000.0,1868500000.0,692950000.0,221450000.0,486950000.0,50.0534369686665,83.1807131280389,169.02350081037278,1.7980783228999857,1.0819815870232354,0.532470334412082,0.0785354754188788,0.1353684210526315,2000-01-27,0.22,bmo,1181400000.0,2025-04-25,1999-12-31,0.0454545454545455,23.264444444444447,1566774.603174603
1999-09-30,EL,USD,1001250,1999-10-26,1999-10-26 00:00:00,2000,Q1,1093700000.0,217800000.0,875900000.0,0.8008594679,0,705400000.0,0.0,705400000.0,34000000.0,739400000.0,957200000.0,0.0,0.0,34000000.0,170500000.0,0.1558928408,136500000.0,0.1248057054,-5400000.0,131100000.0,0.1198683368,48500000.0,82600000.0,0.0755234525,0.16,0.16,479375000,479375000,https://www.sec.gov/Archives/edgar/data/1001250/000100125099000010/0001001250-99-000010-index.html,https://www.sec.gov/Archives/edgar/data/1001250/000100125099000010/,2.2815123859191657,0.1723076923076923,-0.1020078226857887,-0.3815384615384615,0.5219295958279009,2.8140808344198174,1.3678226857887874,2.8140808344198174,1.1197913950456324,9362193750.0,9648793750.0,28.335937500000004,8.5601113193746,-191.45590490797548,-51.1875,6.94009914751668,6.94009914751668,8.822157584346712,56.59116568914956,-197.316845603272,-52.75447648988519,0.0088227185001378,-0.0195360195360195,0.3979243884358784,0.183421034647714,1.6809384164222874,1.7027473662466432,0.0,-0.5920096852300242,0.0018905825357438,0.2142857142857142,0.6449666270458078,0.0,0.2368960568577872,-2.740286298568507,0.1225198866233885,3.941176470588235,0.0,3.303025117568611,0.041544992188551,0.036985626651144,-1.143050847457627,680400000.0,655700000.0,71000000.0,1773100000.0,616350000.0,218950000.0,511700000.0,57.52034378714456,88.7603305785124,210.9090909090909,1.5646638054363375,1.0139664804469273,0.4267241379310345,0.0612305411415863,0.2795306388526727,1999-10-26,0.16,bmo,1093700000.0,2025-04-25,1999-09-30,0.0,24.4,1281755.5555555555
1999-06-30,EL,USD,1001250,1999-09-13,1999-09-13 00:00:00,1999,Q4,908500000.0,175800000.0,732700000.0,0.8064942212,0,621100000.0,0.0,621100000.0,28600000.0,649700000.0,825500000.0,0.0,0.0,28600000.0,111600000.0,0.1228398459,83000000.0,0.0913593836,-2200000.0,80800000.0,0.0889378096,30400000.0,50400000.0,0.0554760594,0.11,0.11,477000000,477000000,https://www.sec.gov/Archives/edgar/data/1001250/000088981299002680/0000889812-99-002680-index.html,https://www.sec.gov/Archives/edgar/data/1001250/000088981299002680/,1.9046121593291403,0.1056603773584905,0.0853249475890985,0.0113207547169811,0.7285115303983228,2.692872117400419,1.4171907756813418,2.692872117400419,0.8995807127882599,11953620000.0,12035220000.0,59.29375,13.157534397358283,293.7007371007371,2213.633333333333,9.306049046321526,9.306049046321526,13.24735277930655,107.84247311827956,295.7056511056511,2228.7444444444445,0.004216295983978,0.0004517459982833,0.3340599455040872,0.1562238322350456,0.7311827956989247,1.821155184411969,0.0,0.8075396825396826,0.0013301409949454,0.3154761904761904,0.6836543753439736,0.0,0.2215385735610004,0.8673218673218673,0.0388552559163456,1.2342657342657342,0.0,2.530202045748606,0.027376805683318,0.0235712281358151,-0.9600104821802936,708000000.0,676000000.0,108000000.0,1700100000.0,573300000.0,190050000.0,462800000.0,52.87066593285636,114.21501706484642,262.6279863481229,1.702267191305977,0.787987449574182,0.3426900584795321,0.0392370572207084,0.0740041928721174,1999-08-18,0.09,bmo,908700000.0,2025-04-25,1999-06-30,0.0,22.179375,992587.5
1999-03-31,EL,USD,1001250,1999-04-27,1999-04-27 00:00:00,1999,Q3,964800000.0,186300000.0,778500000.0,0.8069029851,0,658400000.0,0.0,658400000.0,29800000.0,688200000.0,874500000.0,0.0,0.0,30000000.0,120300000.0,0.1246890547,90300000.0,0.0935945274,-3400000.0,86900000.0,0.0900704809,33300000.0,53600000.0,0.0555555556,0.1,0.1,477000000,477000000,https://www.sec.gov/Archives/edgar/data/1001250/000100125099000007/0001001250-99-000007-index.html,https://www.sec.gov/Archives/edgar/data/1001250/,2.0226415094339623,0.1123689727463312,0.1939203354297693,-0.0366876310272536,0.7758909853249476,2.6188679245283017,1.329140461215933,2.6188679245283017,0.9046121593291404,11271510000.0,11332910000.0,52.57234141791045,11.682742537313432,121.85416216216215,-644.0862857142857,9.022982708933718,9.022982708933718,11.746382669983417,94.20540315876974,122.51794594594594,-647.5948571428571,0.0047553522110169,-0.0015525870091939,0.34542106948447,0.1588148693411851,0.5103906899418121,1.8757756563245824,0.0,1.7257462686567164,0.0014106361969248,0.2966417910447761,0.6824212271973465,0.0,0.2264262053735738,1.1891891891891893,0.1140132669983416,3.6666666666666665,0.0,2.573186490490952,0.0295491130192766,0.0255019507089161,-0.905083857442348,733900000.0,634000000.0,104100000.0,1715500000.0,630950000.0,169750000.0,431250000.0,57.173507462686565,75.84541062801932,199.32367149758457,1.5741556534508077,1.186624203821656,0.4515269025690742,0.0429074607748959,0.230607966457023,1999-04-27,0.1,bmo,964800000.0,2025-04-25,1999-03-31,0.0,23.6934375,925462.5
1998-12-31,EL,USD,1001250,1999-01-26,1999-01-26 00:00:00,1999,Q2,1091000000.0,220800000.0,870200000.0,0.7976168653,0,679400000.0,0.0,679400000.0,29000000.0,708400000.0,929200000.0,0.0,0.0,29000000.0,190800000.0,0.1748854262,161800000.0,0.148304308,-4800000.0,157000000.0,0.1439046746,59700000.0,97300000.0,0.0891842346,0.2,0.19,469230769,481578947,https://www.sec.gov/Archives/edgar/data/1001250/000100125099000001/0001001250-99-000001-index.html,https://www.sec.gov/Archives/edgar/data/1001250/,2.325081968356597,0.2073606558396855,0.5924590166848159,0.5317213117369122,0.8582131151761704,2.5725081979864792,1.4052786892157108,2.5725081979864792,0.9210819676661058,10032153841.22,10061653841.22,25.77634594352518,9.195374739890008,36.08688432093525,40.209033431743485,8.310955050302377,8.310955050302377,9.222414153272227,52.7340348072327,36.19299942884892,40.32726990468937,0.0096988145855793,0.0248700332898462,0.358048214729517,0.1570893759313779,0.1546121593291404,1.8606811145510835,0.0,2.857142857142857,0.0015849039250843,0.1634121274409044,0.6227314390467461,0.0,0.1990695307672736,0.1025179856115107,0.0261228230980751,0.9827586206896552,0.0,3.4644382242244545,0.0541148284242113,0.0441550190597204,-0.9159672135652298,778400000.0,659400000.0,138600000.0,1680400000.0,667350000.0,174000000.0,473700000.0,53.538038496791934,74.38858695652173,183.38315217391303,1.6810477657935283,1.20986301369863,0.4907757279395421,0.0806064120619667,0.0607377049479037,1999-01-26,0.19,bmo,1091000000.0,2025-04-25,1998-12-31,0.0,23.431587301587303,1009536.507936508
1998-09-30,EL,USD,1001250,1998-10-28,1998-10-28 00:00:00,1999,Q1,997000000.0,199900000.0,797100000.0,0.7994984955,0,645800000.0,0.0,645800000.0,29700000.0,675500000.0,875400000.0,0.0,0.0,29700000.0,151300000.0,0.1517552658,121600000.0,0.1219658977,-6100000.0,115500000.0,0.1158475426,43900000.0,71600000.0,0.0718154463,0.14,0.14,469285714,469285714,https://www.sec.gov/Archives/edgar/data/1001250/000100125098000015/0001001250-98-000015-index.html,https://www.sec.gov/Archives/edgar/data/1001250/,2.124505328538512,0.1525722984186132,-0.1255098935315128,-0.1662100457632938,0.4355555558207339,2.3976864550366432,1.2146118728856083,2.3976864550366432,0.9684931512745772,6011549996.34,6261649996.34,20.990048869902235,6.029638913079238,-102.0636671704584,-77.07115379923077,5.342650192268041,5.342650192268041,6.280491470752257,41.385657609649705,-106.30984713650255,-80.27756405564102,0.0119104058094155,-0.0129750230884694,0.4039281905439033,0.174552577002842,1.65300727032386,1.7564713896457766,0.0,-0.8226256983240223,0.0026449085526495,0.2220670391061452,0.6477432296890672,0.0,0.213226822336585,-0.3242784380305603,0.0191574724172517,0.6430976430976431,0.0,2.86896531871207,0.0430259542588309,0.0349506980376842,-1.0892617967057912,666300000.0,570000000.0,68500000.0,1562500000.0,591750000.0,187300000.0,505350000.0,61.89869608826479,74.51225612806404,223.9869934967484,1.4539886247630158,1.20785498489426,0.4018090452261306,0.0636331318876644,0.0407001522317809,1998-10-27,0.14,bmo,997000000.0,2025-04-25,1998-09-30,0.0,21.597213114754098,940006.5573770492
1998-06-30,EL,USD,1001250,1998-09-11,1998-09-11 00:00:00,1998,Q4,845000000.0,163800000.0,681200000.0,0.8061538462,0,576900000.0,0.0,576900000.0,26900000.0,603800000.0,767600000.0,0.0,0.0,26900000.0,104300000.0,0.1234319527,77400000.0,0.0915976331,-4100000.0,73300000.0,0.0867455621,29300000.0,44000000.0,0.0520710059,0.094,0.094,468235294,468235294,https://www.sec.gov/Archives/edgar/data/1001250/000088981298002176/0000889812-98-002176-index.html,https://www.sec.gov/Archives/edgar/data/1001250/,1.8046482416594591,0.0939698492698416,0.0392964824219337,-0.026695979906205,0.5926507539177515,2.2561306538331984,1.0531030153399756,2.2561306538331984,0.9322236183246791,8156658821.48,8315658821.48,46.34465239477273,9.652850676307692,443.29667508043485,-652.5327057184,7.721184041537298,7.721184041537298,9.841016356781063,79.72827249741133,451.9379794282609,-665.2527057184001,0.0053943656297268,-0.0015324902357178,0.413195759182128,0.1737106017191977,1.5244487056567593,1.7370432290422737,0.0,0.4181818181818181,0.0019493275798331,0.3613636363636364,0.6827218934911242,0.0,0.2241722381407195,1.6793478260869563,0.0365680473372781,1.1486988847583643,0.0,2.1840755007920256,0.0275423075999251,0.0225698897153116,-1.1723806535608996,617200000.0,493100000.0,-1800000.0,1516300000.0,527400000.0,180450000.0,468450000.0,53.02011834319527,114.89010989010988,281.978021978022,1.6974688629971877,0.7833572453371592,0.3191738113795791,0.0416508898144642,0.0659924623281388,1998-08-18,0.08,bmo,845000000.0,2025-04-25,1998-06-30,0.0,17.1359375,1058406.25
1998-03-31,EL,USD,1001250,1998-04-28,1998-04-28 00:00:00,1998,Q3,871500000.0,168000000.0,703500000.0,0.8072289157,0,595600000.0,0.0,595600000.0,27100000.0,622700000.0,790700000.0,0.0,0.0,27100000.0,107900000.0,0.1238095238,80800000.0,0.092713712,-4000000.0,76800000.0,0.0881239243,31100000.0,45700000.0,0.0524383247,0.085,0.085,468235294,468235294,https://www.sec.gov/Archives/edgar/data/1001250/000100125098000013/0001001250-98-000013-index.html,https://www.sec.gov/Archives/edgar/data/1001250/,1.861243719060614,0.0976005025370855,0.1236557789255416,-0.943115578126411,0.6052512564334802,2.20786432216278,0.9883919600473348,2.20786432216278,0.8805402012262664,7945952939.179999,8074852939.179999,43.4680138904814,9.117559310590934,137.2358020583765,-17.993552851403983,7.6861607072741345,7.6861607072741345,9.265465219942628,74.83644985338276,139.46205421727117,-18.285445967346018,0.0057513554824446,-0.055575461292069,0.3988198877926098,0.165988968960103,1.1946246524559778,1.6728373500989635,0.0,1.2669584245076586,0.0020136036700025,0.350109409190372,0.6834193918531268,0.0,0.2298804299690003,8.626943005181348,0.5731497418244407,18.43173431734317,0.0,2.201929839022523,0.0294554973554697,0.0238904281457472,-1.1470728646098174,577900000.0,462800000.0,-13300000.0,1471100000.0,563350000.0,156350000.0,422800000.0,57.52151462994836,81.32142857142857,226.9821428571429,1.5646319569120288,1.1067193675889329,0.3965069624734482,0.0442058425227316,1.0667713570519526,1998-04-28,0.08,bmo,871500000.0,2025-04-25,1998-03-31,0.0,15.32390625,941037.5
1997-12-31,EL,USD,1001250,1998-01-27,1998-01-27 00:00:00,1998,Q2,1000900000.0,205600000.0,795300000.0,0.7945848736,0,626700000.0,0.0,626700000.0,23700000.0,650400000.0,856000000.0,0.0,0.0,23700000.0,168600000.0,0.1684483964,144900000.0,0.1447697073,-1700000.0,143200000.0,0.1430712359,57900000.0,85300000.0,0.085223299,0.17,0.17,467647059,481818182,https://www.sec.gov/Archives/edgar/data/1001250/000090951898000040/0000909518-98-000040-index.html,https://www.sec.gov/Archives/edgar/data/1001250/,2.140289307368444,0.1824025156544393,0.4608176098889996,0.3955974841274475,0.6256855343550872,2.1638113199381843,1.106817609645226,2.1638113199381843,0.6633207544666714,6013941178.74,6031541178.74,17.625853396072685,6.008533498591268,27.906919622923432,32.50779015535135,5.943216897657871,5.943216897657871,6.026117672834449,35.774265591577695,27.98859015656613,32.60292529048648,0.0141837103930357,0.0307618572416366,0.3065520308330863,0.1297962257835055,0.1043890865954922,1.243071643071643,0.0,2.5263774912075028,0.0009644257946026,0.0679953106682297,0.6261364771705465,0.0,0.2068287376040838,0.1415313225058004,0.0304725746827854,1.2869198312236287,0.0,2.980000693550464,0.0562443891990124,0.0449989449250896,-0.9562232700794128,283300000.0,517600000.0,70800000.0,1076300000.0,568800000.0,153350000.0,424250000.0,51.22689579378559,70.4328793774319,184.68385214007785,1.7568895910128135,1.2778123057799875,0.487319269969187,0.0842968672793754,0.0652201257615521,1998-01-27,0.16,bmo,942023529.0,2025-04-25,1997-12-31,0.0625,16.66952380952381,721352.380952381
1997-09-30,EL,USD,1001250,1997-10-28,1997-10-28 00:00:00,1998,Q1,900600000.0,184600000.0,716000000.0,0.7950255385,0,590200000.0,0.0,590200000.0,19800000.0,610000000.0,794600000.0,0.0,0.0,19800000.0,125800000.0,0.1396846547,106000000.0,0.1176993116,-1400000.0,104600000.0,0.1161447924,42800000.0,61800000.0,0.0686209194,0.12,0.12,465833333,465833333,https://www.sec.gov/Archives/edgar/data/1001250/000090951897000621/0000909518-97-000621-index.html,https://www.sec.gov/Archives/edgar/data/1001250/,1.933309482599864,0.1326654741557534,-0.0721288014827397,-0.1142039356810046,0.423971377763128,2.017889089100457,1.6825760298265302,2.017889089100457,0.0981037567786073,5385033329.4800005,5233233329.4800005,21.7841154105178,5.979384110015546,-160.26884909166665,-101.22243100526316,5.728758861148936,5.728758861148936,5.810829812880303,41.59962901017489,-155.75099194880954,-98.36904754661656,0.011476252089598,-0.0098792331903983,0.0486170212765957,0.0239091765198283,-1.206677265500795,1.7473424941664506,0.0,-0.5436893203883495,0.0029526279647994,0.2572815533980582,0.6553408838552076,0.0,0.0817202050852778,-0.5833333333333334,0.0217632689318232,0.98989898989899,0.0,2.4542503515295166,0.0528187155702329,0.0352096627164995,-0.2891055458240469,576500000.0,783800000.0,376500000.0,1003200000.0,519800000.0,155800000.0,433600000.0,56.75216522318455,71.0834236186349,207.98483206933912,1.5858425779186476,1.2661179698216736,0.4327238631036099,0.0657446808510638,0.0420751341982648,1997-10-28,0.12,bmo,900600000.0,2025-04-25,1997-09-30,0.0,14.59360655737705,631200.0
1997-06-30,EL,USD,1001250,1997-09-04,1997-09-04 00:00:00,1997,Q4,775900000.0,160000000.0,615900000.0,0.7937878593,0,532500000.0,0.0,532500000.0,20400000.0,552900000.0,712900000.0,0.0,0.0,20400000.0,83400000.0,0.1074880784,63000000.0,0.0811960304,1200000.0,64200000.0,0.0827426215,27500000.0,36700000.0,0.0472999098,0.0793,0.0793,462857143,462857143,https://www.sec.gov/Archives/edgar/data/1001250/000088981297001841/0000889812-97-001841-index.html,https://www.sec.gov/Archives/edgar/data/1001250/,1.6763271599764422,0.0792901234323178,0.1160185184827103,0.0639506172642127,0.5522222220517833,1.9610802463083088,1.612592592094879,1.9610802463083088,0.0671913580039532,5813485716.08,5588985716.08,39.60140133569482,7.492570841706406,108.25857944283057,196.40154446216212,6.404633376754434,6.404633376754434,7.203229431730893,67.01421721918466,104.07794629571694,188.8170850027027,0.0063129079165858,0.005091609654794,0.0342624215049025,0.0166034915380919,-2.6918465227817747,1.7262672811059907,0.0,1.4632152588555858,0.0027350200510548,0.4332425068119891,0.6862997808996004,0.0,0.0861139287811649,0.4487895716945996,0.0310607036989302,1.181372549019608,0.0,1.8704602729770787,0.0314615346305484,0.0214394204930482,-0.293233024600854,551600000.0,746400000.0,345700000.0,977900000.0,521550000.0,149650000.0,399500000.0,54.71452506766335,93.2625,247.8375,1.6449014203943184,0.9650180940892642,0.3631411711302769,0.0404318607469428,0.0520679012184975,1997-08-12,0.06,bmo,646583333.0,2025-04-25,1997-06-30,0.1666666666666668,12.17,888918.75
1997-03-31,EL,USD,1001250,1997-04-29,1997-04-29 00:00:00,1997,Q3,791400000.0,148100000.0,643300000.0,0.8128632803,0,555200000.0,0.0,555200000.0,19200000.0,574400000.0,722500000.0,0.0,0.0,19200000.0,88100000.0,0.1113217084,68900000.0,0.0870609047,-700000.0,68200000.0,0.0861763963,29900000.0,38300000.0,0.0483952489,0.07,0.07,462857143,462857143,https://www.sec.gov/Archives/edgar/data/1001250/000090951897000251/0000909518-97-000251-index.html,https://www.sec.gov/Archives/edgar/data/1001250/,1.709814814287094,0.0827469135547077,0.097006172809566,0.0362962962850937,0.5729629627861226,1.9245679006405656,1.536111110637003,1.9245679006405656,0.1162345678653597,5595942858.87,5384542858.87,36.527042159725845,7.070941191394996,124.63124407282852,333.0918368375,6.281929567658285,6.281929567658285,6.803819634660096,61.11853415289443,119.92300353830734,320.50850350416664,0.006844244297329,0.0030021750442592,0.0603951504265828,0.0282577866484584,-2.3995459704880817,1.653499146549622,0.0,1.172323759791123,0.0046104831036837,0.6736292428198434,0.7015415718979024,0.0,0.094437733074216,0.6258351893095768,0.0355066969926712,1.4635416666666667,0.0,1.892926625189307,0.0340159195643066,0.0222144887187518,-0.3027932097830885,536000000.0,711000000.0,343100000.0,965500000.0,587900000.0,140950000.0,374900000.0,64.98104624715694,81.12761647535449,217.79878460499663,1.385019250962548,1.1093632958801498,0.4132254464285714,0.0429950606196677,0.0607098765244722,1997-04-29,0.06,bmo,678342857.0,2025-04-25,1997-03-31,0.1666666666666668,11.9171875,793662.5
1996-12-31,EL,USD,1001250,1997-01-28,1997-01-28 00:00:00,1997,Q2,941500000.0,198600000.0,742900000.0,0.7890600106,0,598000000.0,0.0,598000000.0,19000000.0,617000000.0,815600000.0,0.0,0.0,19000000.0,144900000.0,0.1539033457,125900000.0,0.1337227828,-5500000.0,120400000.0,0.1278810409,50500000.0,69900000.0,0.0742432289,0.14,0.14,474814815,474814815,https://www.sec.gov/Archives/edgar/data/1001250/000090951897000048/0000909518-97-000048-index.html,https://www.sec.gov/Archives/edgar/data/1001250/,1.982878314359252,0.1472152885541282,0.4633385333606324,0.4355382213589944,0.607605303975193,1.7813260523473768,1.4900546016029428,1.7813260523473768,0.1181513260069612,6039644446.8,5807244446.8,21.60101733476395,6.414917096972916,27.452929303636363,29.205243940038685,7.140747749822653,7.140747749822653,6.168076948274031,40.07760142719117,26.39656566727273,28.08145283752418,0.0115735289743811,0.0342404262074681,0.0663277370536769,0.0289279636982416,-1.603864734299517,1.6146183120662636,0.0,3.1473533619456364,0.0009768786974084,0.0844062947067239,0.6351566648964418,0.0,0.0713143917908523,0.06,0.0140201805629314,0.6947368421052632,0.0,2.429066620765961,0.0663276826790311,0.038811771238201,-0.3285491418375393,549100000.0,707500000.0,349000000.0,929100000.0,612800000.0,148150000.0,429450000.0,57.77588953797132,67.25075528700907,177.37160120845925,1.5577432164129716,1.338274932614555,0.5074092999489014,0.0826436509813194,0.0278003120016379,1997-01-28,0.13,bmo,,2025-04-25,1996-12-31,0.0769230769230769,11.97125,695937.5
1996-09-30,EL,USD,1001250,1996-10-30,1996-10-30 00:00:00,1997,Q1,872800000.0,182400000.0,690400000.0,0.7910174152,0,571700000.0,0.0,571700000.0,17400000.0,589100000.0,771500000.0,0.0,0.0,17400000.0,118700000.0,0.1359990834,101300000.0,0.1160632447,-4100000.0,97200000.0,0.1113657195,44500000.0,52700000.0,0.060380385,0.1,0.1,468000000,468000000,https://www.sec.gov/Archives/edgar/data/1001250/000090951896000360/0000909518-96-000360-index.html,https://www.sec.gov/Archives/edgar/data/1001250/,1.864957264957265,0.1126068376068376,-0.1399572649572649,-0.1773504273504273,0.4335470085470085,1.6995726495726495,1.3967948717948715,1.6995726495726495,0.3724358974358974,5250960000.0,5222360000.0,24.90967741935484,6.016223648029331,-80.16732824427481,-63.26457831325301,6.60165954236862,6.60165954236862,5.98345554537122,43.99629317607414,-79.73068702290077,-62.92,0.01003626003626,-0.0158066334536922,0.2191350264018104,0.089748210699758,-0.2409435551811289,1.5325731179389717,0.0,-1.2428842504743831,0.0030089735972088,0.2998102466793169,0.6550183318056828,0.0,0.0729622573502909,-0.2671755725190839,0.0200504124656278,1.0057471264367817,0.0,2.0751213893186167,0.0478006461156059,0.0292712730504332,-0.5216880341880342,504400000.0,653700000.0,304800000.0,884700000.0,548700000.0,161600000.0,460150000.0,64.05591200733272,72.97697368421052,230.67434210526315,1.4050225370251126,1.233265720081136,0.3901604278074866,0.0662559718380689,0.0373931623931623,1996-10-29,0.1,bmo,,2025-04-25,1996-09-30,0.0,12.159508196721312,873429.5081967213
1996-06-30,EL,USD,1001250,1996-06-30,1996-06-29 20:00:00,1996,Q4,736700000.0,147000000.0,589700000.0,0.8004615176,0,522700000.0,0.0,522700000.0,16900000.0,539600000.0,686600000.0,0.0,0.0,16900000.0,67000000.0,0.090946111,50100000.0,0.0680059726,-2300000.0,47800000.0,0.0648839419,20500000.0,27300000.0,0.0370571467,0.0612,0.0612,446000000,446000000,,,1.6517937219730945,0.0612107623318385,0.0302690582959641,0.002914798206278,0.5713004484304933,1.691031390134529,1.3623318385650225,1.691031390134529,0.2858744394618834,4767740000.0,4640440000.0,43.66062271062271,6.47175240939324,353.1659259259259,3667.492307692308,6.321585786263591,6.321585786263591,6.29895479842541,69.2602985074627,343.7362962962963,3569.5692307692307,0.0057259833799661,0.0002726658752364,0.1690533015115354,0.0699934123847167,-1.9,1.5403999537625708,0.0,0.4945054945054945,0.003313939099028,0.5787545787545788,0.7095154065426904,0.0,0.0804787000439174,0.9037037037037036,0.0165603366363512,0.7218934911242604,0.0,1.5260929564207657,0.0269405878225777,0.0162985074626865,-0.5135650224215247,467500000.0,607600000.0,265200000.0,843400000.0,507000000.0,161400000.0,427850000.0,58.17564816071671,107.32653061224492,277.2244897959184,1.5470390592188157,0.838562464346834,0.3246466431095406,0.0361972951471758,0.027354260089686,1996-08-13,0.05,bmo,,2025-04-25,1996-06-30,0.0,11.61625,314250.0
1996-03-31,EL,USD,1001250,1996-03-31,1996-03-30 19:00:00,1996,Q3,763900000.0,144200000.0,619700000.0,0.8112318366,0,542200000.0,0.0,542200000.0,19200000.0,561400000.0,705600000.0,0.0,0.0,17600000.0,77100000.0,0.100929441,58300000.0,0.0763188899,-3700000.0,54600000.0,0.071475324,26400000.0,28200000.0,0.0369158267,0.05,0.05,446000000,446000000,,,1.712780269058296,0.0632286995515695,-0.0291479820627802,-0.0598654708520179,0.5466367713004484,1.6899103139013454,1.352914798206278,1.6899103139013454,0.2219730941704036,4054140000.0,3909340000.0,35.940957446808504,5.307160623118209,-311.85692307692307,-151.84044943820226,5.378983680509486,5.378983680509486,5.117607016625213,50.70479896238651,-300.71846153846155,-146.41722846441948,0.0069558525359262,-0.0065858603797599,0.1313519968157091,0.055815526864746,-1.878080415045396,1.6182223322604603,0.0,-0.4609929078014184,0.0039219168553626,0.5638297872340425,0.7097787668543003,0.0,0.0847381180582962,-1.053846153846154,0.0179342845922241,0.7784090909090909,0.0,1.5505301380180427,0.0294397624276388,0.017370949858322,-0.384304932735426,499400000.0,603400000.0,287200000.0,868500000.0,516500000.0,150800000.0,406750000.0,63.36169655714099,92.05963938973647,251.4632454923717,1.420416511714392,0.9776271186440678,0.3579051873914122,0.0374154172747777,0.0307174887892376,1996-04-30,0.04474,bmo,,2025-04-25,1996-03-31,0.1175681716584711,10.31984375,477312.5
1995-12-31,EL,USD,1001250,1995-12-31,1995-12-30 19:00:00,1996,Q2,860800000.0,198200000.0,662600000.0,0.7697490706,0,541400000.0,0.0,541400000.0,12200000.0,553600000.0,751800000.0,0.0,0.0,13800000.0,122800000.0,0.1426579926,109000000.0,0.1266263941,-3200000.0,105800000.0,0.1229089219,47300000.0,58500000.0,0.0679600372,0.12,0.12,342222222,342222222,,,2.515324676958003,0.1709415585525594,0.6770454549850945,0.6168506497512017,0.9137337668270998,2.173733767645281,1.727532468654242,2.173733767645281,0.3693506495904874,2994444442.5,2808144442.5,12.79677112179487,3.478676164614312,12.923799924471298,14.18495709379441,4.025331956580186,4.025331956580186,3.2622495846886617,22.86762575325733,12.119742954251189,13.30243696115585,0.0195361781202925,0.070497217114423,0.1699153111977416,0.0692147628956302,-1.517100977198697,1.5520461095100864,0.0,3.960683760683761,0.0231428571578849,1.1846153846153846,0.6289498141263941,0.0,0.0836162523272368,0.0889080707811825,0.0239312267657992,1.4927536231884058,0.0,2.8914671635159994,0.0578678599918141,0.0349566776217508,-0.5636688315348499,478900000.0,591200000.0,264100000.0,847800000.0,531650000.0,155250000.0,418100000.0,51.77509293680298,69.9747729566095,186.44803229061552,1.7382875605815833,1.2861778066190783,0.4827082318558207,0.078639602097056,0.0601948052338927,1995-12-30,,bmo,,2025-04-25,1995-12-31,,9.295714285714286,632673.0158730159
1995-09-30,EL,USD,1001250,1995-09-30,1995-09-29 20:00:00,1996,Q1,833100000.0,182800000.0,650300000.0,0.780578562,0,546900000.0,0.0,546900000.0,10500000.0,557400000.0,740200000.0,0.0,0.0,10500000.0,103400000.0,0.1241147521,92900000.0,0.1115112231,-2400000.0,90500000.0,0.1086304165,44100000.0,46400000.0,0.0556955948,0.09,0.09,342222222,342222222,,,2.4343831184638853,0.1355844156724574,-0.1759090910233176,-0.2252922079385014,0.6551298705552792,2.100681819545897,1.9767857155693416,2.100681819545897,0.6606818186108323,2953377775.86,2955277775.86,15.91259577510776,3.545045943896291,-49.05943149269103,-38.30580772840467,4.108189978940048,4.108189978940048,3.547326582475093,28.58102297736944,-49.09099295448505,-38.33045104876784,0.0157108245275153,-0.0261057019627464,0.314508276533593,0.1224810400866738,0.0183752417794971,1.5490522115064849,0.0,-1.2974137931034482,0.0021331507440376,0.1357758620689655,0.6564638098667627,0.0,0.0229685807150595,-0.2807308970099668,0.0202856799903973,1.6095238095238096,0.0,2.5314903975484317,0.0430616555804801,0.0257263251275227,-0.7715016238775985,495300000.0,676500000.0,270300000.0,740000000.0,507800000.0,161600000.0,409050000.0,61.37198415556356,77.00218818380745,209.54048140043764,1.4664671712726634,1.1687979539641944,0.4295112781954887,0.064543051884824,0.0493831169151838,1996-01-30,0.11,bmo,,2025-04-25,1995-09-30,0.0909090909090908,8.916666666666666,578628.5714285715
1995-06-30,EL,USD,1001250,1995-06-30,1995-06-29 20:00:00,1995,Q4,698200000.0,0.0,698200000.0,1.0,0,0.0,0.0,0.0,698200000.0,698200000.0,698200000.0,0.0,0.0,0.0,-1970000000.0,-2.8215411057,-1970000000.0,-2.8215411057,1970000000.0,0.0,0.0,-15800000.0,15800000.0,0.022629619,0.0385,0.0385,410000000,410000000,,,1.7029268292682926,0.0385365853658536,,,0.6534146341463415,1.6953658536585363,1.5929268292682928,1.6953658536585363,0.473170731707317,3538300000.0000005,3464400000.0000005,55.98575949367089,5.067745631624177,0.0,0.0,5.090346712703209,5.090346712703209,4.961902033801204,-1.758578680203046,0.0,0.0,0.0044654212474917,,0.2790965328729679,0.1126793285705988,0.0375126903553299,1.5774717166748646,0.0,0.0,,,0.0,0.0,0.0243944938142533,0.0,,0.0,,1.2124381412187488,,0.0094064416264809,-0.5532317073170732,469600000.0,653100000.0,256200000.0,710600000.0,,,,57.68404468633629,0.0,0.0,1.5602234636871508,0.0,0.0,0.0227305423680046,,1995-06-29,,bmo,,2025-04-25,1995-06-30,,8.679655172413794,2597669.103448276
1995-03-31,EL,USD,1001250,1995-03-31,1995-03-30 19:00:00,1995,Q3,702800000.0,0.0,702800000.0,1.0,0,0.0,0.0,0.0,702800000.0,702800000.0,702800000.0,0.0,0.0,0.0,702800000.0,1.0,702800000.0,1.0,-702800000.0,0.0,0.0,-20500000.0,20500000.0,0.0291690381,0.05,0.05,410000000,410000000,,,1.7141463414634146,0.05,,,,,,,,3538300000.0000005,,43.15,5.034575981787138,0.0,0.0,0.0,0.0,,,0.0,0.0,0.0057937427578215,,0.0,0.0,,0.0,0.0,0.0,,,0.0,0.0,0.0,0.0,,0.0,,,0.0,0.0,,,,,,,,,,0.0,0.0,0.0,0.0,0.0,0.0,,1995-03-30,,bmo,,2025-04-25,1995-03-31,,,
1994-12-31,EL,USD,1001250,1994-12-31,1994-12-30 19:00:00,1995,Q2,759100000.0,0.0,759100000.0,1.0,0,0.0,0.0,0.0,759100000.0,759100000.0,759100000.0,0.0,0.0,0.0,759100000.0,1.0,759100000.0,1.0,-759100000.0,0.0,0.0,-51300000.0,51300000.0,0.067580029,0.05,0.05,469196000,469196000,,,1.617873980170334,0.1093359704686314,,,,,,,,4049161480.000001,,19.73275575048733,5.334160822026084,0.0,0.0,0.0,0.0,,,0.0,0.0,0.0126692897414404,,0.0,0.0,,0.0,0.0,0.0,,,0.0,0.0,0.0,0.0,,0.0,,,0.0,0.0,,,,,,,,,,0.0,0.0,0.0,0.0,0.0,0.0,,1994-12-30,,bmo,,2025-04-25,1994-12-31,,,
1994-09-30,EL,USD,1001250,1994-09-30,1994-09-29 20:00:00,1995,Q1,739000000.0,0.0,739000000.0,1.0,0,0.0,0.0,0.0,739000000.0,739000000.0,739000000.0,0.0,0.0,0.0,739000000.0,1.0,739000000.0,1.0,-739000000.0,0.0,0.0,-33600000.0,33600000.0,0.0454668471,0.05,0.05,469196000,469196000,,,1.5750347402791158,0.0716118636987527,,,,,,,,4049161480.000001,,30.127689583333336,5.479244221921516,0.0,0.0,0.0,0.0,,,0.0,0.0,0.008298014333575,,0.0,0.0,,0.0,0.0,0.0,,,0.0,0.0,0.0,0.0,,0.0,,,0.0,0.0,,,,,,,,,,0.0,0.0,0.0,0.0,0.0,0.0,,1994-09-29,,bmo,,2025-04-25,1994-09-30,,,
