date,symbol,reportedCurrency,cik,fillingDate,acceptedDate,calendarYear,period,revenue,costOfRevenue,grossProfit,grossProfitRatio,researchAndDevelopmentExpenses,generalAndAdministrativeExpenses,sellingAndMarketingExpenses,sellingGeneralAndAdministrativeExpenses,otherExpenses,operatingExpenses,costAndExpenses,interestIncome,interestExpense,depreciationAndAmortization,ebitda,ebitdaratio,operatingIncome,operatingIncomeRatio,totalOtherIncomeExpensesNet,incomeBeforeTax,incomeBeforeTaxRatio,incomeTaxExpense,netIncome,netIncomeRatio,eps,epsdiluted,weightedAverageShsOut,weightedAverageShsOutDil,link,finalLink,revenuePerShare,netIncomePerShare,operatingCashFlowPerShare,freeCashFlowPerShare,cashPerShare,bookValuePerShare,tangibleBookValuePerShare,shareholdersEquityPerShare,interestDebtPerShare,marketCap,enterpriseValue,peRatio,priceToSalesRatio,pocfratio,pfcfRatio,pbRatio,ptbRatio,evToSales,enterpriseValueOverEBITDA,evToOperatingCashFlow,evToFreeCashFlow,earningsYield,freeCashFlowYield,debtToEquity,debtToAssets,netDebtToEBITDA,currentRatio,interestCoverage,incomeQuality,dividendYield,payoutRatio,salesGeneralAndAdministrativeToRevenue,researchAndDdevelopementToRevenue,intangiblesToTotalAssets,capexToOperatingCashFlow,capexToRevenue,capexToDepreciation,stockBasedCompensationToRevenue,grahamNumber,roic,returnOnTangibleAssets,grahamNetNet,workingCapital,tangibleAssetValue,netCurrentAssetValue,investedCapital,averageReceivables,averagePayables,averageInventory,daysSalesOutstanding,daysPayablesOutstanding,daysOfInventoryOnHand,receivablesTurnover,payablesTurnover,inventoryTurnover,roe,capexPerShare,report_date,epsEstimated,time,revenueEstimated,updatedFromDate,fiscalDateEnding,surprise(%),QuarterAvgPrice,QuarterAvgVolume
2025-03-31,ELV,USD,1156039,2025-04-22,2025-04-22 13:18:38,2025,Q1,48891000000.0,4983000000.0,43908000000.0,0.8980794011,0,0.0,0.0,-40794000000.0,46094000000.0,5300000000.0,10283000000.0,0.0,344000000.0,0.0,3141000000.0,0.0642449531,3141000000.0,0.0642449531,-344000000.0,2797000000.0,0.0572088933,613000000.0,2183000000.0,0.0446503446,9.64,9.61,226400000,227200000,https://www.sec.gov/Archives/edgar/data/1156039/000115603925000057/0001156039-25-000057-index.htm,https://www.sec.gov/Archives/edgar/data/1156039/000115603925000057/elv-20250331.htm,215.94964664310956,9.642226148409891,4.492049469964664,3.626325088339222,145.48144876325088,188.25088339222617,9.982332155477032,187.73409893992937,134.04151943462898,98474944000.0,120977944000.0,11.27747869903802,2.0141732425190733,96.8288534906588,119.94512058465288,2.316893960426323,2.316893960426323,2.474442003640752,38.51574148360395,118.9556971484759,147.35437758830693,0.0221680755665116,0.008337146147552,0.705903112721455,0.2506160361519249,7.164278892072589,1.431472200103049,9.130813953488373,0.4656593406593406,0.0039197788221133,0.1768208886852954,0.0,0.0,0.33712839446361,0.1927236971484759,0.0040089177967315,0.5254691689008043,0.0016567466404859,201.8140960123996,0.0310802893611246,0.0275086003755182,-155.89001766784452,18423000000.0,2260000000.0,-15976000000.0,63400000000.0,15446500000.0,23308000000.0,0.0,21.762287537583603,432.4443106562312,0.0,4.1355946540348505,0.2081192832978323,0.0,0.0513610803943251,0.8657243816254417,2025-04-22,11.41,bmo,46299785774.0,2025-05-11,2025-03-31,0.049079754601227,401.45,1621143.9666666666
2024-12-31,ELV,USD,1156039,2025-02-20,2025-02-20 15:58:57,2024,Q4,45442000000.0,0.0,45442000000.0,1.0,0,0.0,0.0,0.0,44836000000.0,44836000000.0,44836000000.0,0.0,340000000.0,398000000.0,1344000000.0,0.029576163,0.0,0.0,-541000000.0,606000000.0,0.0133356806,193000000.0,418000000.0,0.0091985388,1.84,1.81,227479695,231100000,https://www.sec.gov/Archives/edgar/data/1156039/000115603925000010/0001156039-25-000010-index.htm,https://www.sec.gov/Archives/edgar/data/1156039/000115603925000010/elv-20241231.htm,199.76288433128065,1.837526641663556,3.103573705776246,1.6880627521502525,147.21753517385366,182.10856138170925,4.637776571662803,181.62060574241585,138.79040940335355,83917259485.5,106861259485.5,50.18974849611243,1.8466893949540075,118.86297377549572,218.53452991015624,2.031157194372504,2.031157194372504,2.35159674938383,79.50986568861607,151.36155734490086,278.28452991015627,0.0049810968871335,0.004575935896314,0.7559482028319012,0.2671936623634388,17.071428571428573,2.006489788127505,0.0,1.7094430992736078,0.0044448543992842,0.8923444976076556,0.0,0.0,0.3453789492595539,0.4560906515580736,0.0070859557237797,0.8090452261306532,-0.0006381761366137,86.65440432460515,0.0,0.0054627669306568,-121.64052708088956,26365000000.0,1055000000.0,-22903000000.0,71388000000.0,18735000000.0,22137000000.0,0.0,37.77100479732406,0.0,0.0,2.3827801373813644,0.0,0.0,0.0101173907781677,1.4155109536259929,2025-01-23,3.8,bmo,44952541755.0,2025-04-25,2024-12-31,0.0105263157894736,418.4603125,1952542.703125
2024-09-30,ELV,USD,1156039,2024-10-17,2024-10-17 17:01:42,2024,Q3,45145000000.0,32949000000.0,12196000000.0,0.2701517333,0,0.0,0.0,0.0,10484000000.0,10484000000.0,43433000000.0,0.0,300000000.0,329000000.0,2002000000.0,0.0443459962,1712000000.0,0.0379222505,-339000000.0,1373000000.0,0.0304131133,365000000.0,1016000000.0,0.0225052608,4.36,4.36,233027522,233100000,https://www.sec.gov/Archives/edgar/data/1156039/000115603924000122/0001156039-24-000122-index.htm,https://www.sec.gov/Archives/edgar/data/1156039/000115603924000122/elv-20240930.htm,193.73248109294147,4.3600000175086615,11.487913431959337,10.063189016789185,158.00708724868988,188.29964642545528,32.55838595751793,187.85334721106463,117.78866189033242,121174311440.0,140456311440.0,29.81651364173228,2.684113665743715,45.26496505042959,51.67348035820896,2.768116766190748,2.768116766190748,3.1112263028020823,70.15799772227773,52.46780404930893,59.89608163752665,0.0083846154182858,0.0193522865707484,0.6201713306681896,0.2329640531008384,9.631368631368632,2.135801036590083,5.706666666666667,2.6557539682539684,0.0031194730591654,0.3720472440944882,0.0,0.0,0.3114310967708718,0.1240194247291744,0.0073540812936094,1.009118541033435,0.0014619559198139,135.7512925736227,0.0134946673810143,0.012661856158323,-94.55857321436908,29365000000.0,7587000000.0,-17435000000.0,70162000000.0,18808500000.0,21282500000.0,0.0,36.67980950271348,59.00300464354002,0.0,2.453665960106528,1.5253460487940371,0.0,0.0232095945174186,1.4247244151701532,2024-10-17,9.66,bmo,43467178204.0,2025-04-25,2024-09-30,-0.1335403726708075,534.22359375,967638.609375
2024-06-30,ELV,USD,1156039,2024-07-17,2024-07-17 15:01:31,2024,Q2,43646000000.0,30572000000.0,13074000000.0,0.2995463502,0,0.0,0.0,0.0,10048000000.0,10048000000.0,40620000000.0,0.0,280000000.0,335000000.0,3601000000.0,0.0825046969,3026000000.0,0.0693305228,-40000000.0,2986000000.0,0.0684140586,685000000.0,2300000000.0,0.0526966961,9.9052,9.8543,232200000,233400000,https://www.sec.gov/Archives/edgar/data/1156039/000115603924000104/0001156039-24-000104-index.htm,https://www.sec.gov/Archives/edgar/data/1156039/000115603924000104/elv-20240630.htm,187.96726959517656,9.905254091300604,1.925064599483204,0.5340223944875108,152.4418604651163,182.15762273901808,25.357450473729543,181.70111972437556,120.43927648578811,124122509999.99998,145311510000.0,13.491577173913042,2.843846171470467,277.67899328859056,1000.9879838709676,2.941919129672205,2.941919129672205,3.329320212619713,40.35309913912802,325.081677852349,1171.8670161290322,0.0185300796769256,0.0009990129912777,0.6562062999217843,0.2450348709597479,5.884198833657317,2.1359014470082127,10.807142857142855,0.1943478260869565,0.0030453783121208,0.1643478260869565,0.0,0.0,0.3222377597620986,0.7225950782997763,0.0074004490674975,0.964179104477612,0.0021078678458507,201.23470026249169,0.0257537727334876,0.0300343436190078,-89.92463393626184,29045000000.0,5888000000.0,-16076000000.0,69904000000.0,18755500000.0,21540500000.0,0.0,39.62837373413371,61.71529504121418,0.0,2.27110001040691,1.4583094829231062,0.0,0.0545139958758977,1.3910422049956934,2024-07-17,10.01,bmo,42987391923.0,2025-04-25,2024-06-30,0.0109890109890109,528.5814285714285,1034578.507936508
2024-03-31,ELV,USD,1156039,2024-04-18,2024-04-18 14:16:19,2024,Q1,42577000000.0,30546000000.0,12031000000.0,0.2825704019,0,0.0,0.0,0.0,8827000000.0,8827000000.0,39373000000.0,0.0,265000000.0,331000000.0,3535000000.0,0.0830260469,3204000000.0,0.0752518966,-265000000.0,2939000000.0,0.0690278789,690000000.0,2246000000.0,0.0527514855,9.6519,9.5901,232700000,234200000,https://www.sec.gov/Archives/edgar/data/1156039/000115603924000066/0001156039-24-000066-index.htm,https://www.sec.gov/Archives/edgar/data/1156039/000115603924000066/elv-20240331.htm,182.9694886119467,9.65191233347658,8.500214868929953,7.301246239793726,153.65706918779546,174.94628276751183,17.4172754619682,174.50795015040825,114.80876665234209,120073200000.0,140298200000.0,13.365227070347284,2.8201423303661604,60.70434782608695,70.67286639199529,2.9568853427895982,2.9568853427895982,3.29516405571083,39.68831683168317,70.92932254802831,82.57692760447323,0.0187052564602259,0.0141497020151041,0.6513741134751773,0.2363933722987827,5.721357850070722,1.9257820850851564,12.090566037735847,0.8806767586821015,0.0031564079244993,0.1687444345503116,0.0,0.0,0.3276046973028044,0.141051567239636,0.0065528336895506,0.8429003021148036,0.0014561852643445,194.67292394628208,0.0277655907598954,0.0298523332934593,-93.28856897292653,25983000000.0,4053000000.0,-17135000000.0,67091000000.0,18079000000.0,22569000000.0,0.0,38.668060220306735,65.16499705362405,0.0,2.327502323293063,1.3811095537369444,0.0,0.0553092986603624,1.198968629136227,2024-04-18,10.53,bmo,42492975670.0,2025-04-25,2024-03-31,0.0104463437796772,497.3280327868853,1023816.262295082
2023-12-31,ELV,USD,1156039,2024-02-21,2024-02-21 16:30:31,2023,Q4,42647000000.0,31334000000.0,11313000000.0,0.2652707107,0,0.0,0.0,0.0,10053000000.0,10053000000.0,41387000000.0,0.0,259000000.0,424000000.0,1684000000.0,0.039486951,1260000000.0,0.0295448683,-259000000.0,1001000000.0,0.0234717565,170000000.0,856000000.0,0.0200717518,3.6727,3.6302,233071088,235800000,https://www.sec.gov/Archives/edgar/data/1156039/000115603924000015/0001156039-24-000015-index.htm,https://www.sec.gov/Archives/edgar/data/1156039/000115603924000015/elv-20231231.htm,182.978508256674,3.6726992066901065,-12.74718381200503,-14.14589869679589,155.05998753479025,169.0685890649809,16.368396581218175,168.64382595579593,108.88952472732268,109907002257.28,128501002257.28,32.099007668598134,2.5771332627683075,-36.99326901961629,-33.33545716023051,2.796188934444614,2.796188934444614,3.013131105523952,76.3070084663183,-43.251767841561765,-38.97512958971186,0.0077884027625118,-0.029998088677572,0.6390881799216405,0.2306110458284371,11.041567695961994,2.0536563106057724,4.864864864864865,-3.575210589651023,0.0031481160698938,0.4042056074766355,0.0,0.0,0.3267295828437133,-0.1097273645237293,0.0076441484746875,0.7688679245283019,0.0016882781907285,118.0508620490478,0.0123781313060053,0.0116719845100766,-85.743153179085,27708000000.0,3815000000.0,-15518000000.0,67657000000.0,17398500000.0,22590000000.0,0.0,37.70136234670668,66.12274206931767,0.0,2.3871816400783654,1.3611050779722862,0.0,0.0217778456215336,1.3987148847908584,2024-01-24,5.55,bmo,42094400000.0,2025-04-25,2023-12-31,0.0126126126126126,462.4057142857143,1094574.0634920634
2023-09-30,ELV,USD,1156039,2023-10-18,2023-10-18 14:43:30,2023,Q3,42849000000.0,30606000000.0,12243000000.0,0.2857242876,0,0.0,0.0,0.0,10330000000.0,10330000000.0,40936000000.0,0.0,259000000.0,426000000.0,2339000000.0,0.0545870382,1913000000.0,0.0446451492,-259000000.0,1654000000.0,0.0386006675,354000000.0,1289000000.0,0.0300823823,5.4781,5.4503,235300000,236500000,https://www.sec.gov/Archives/edgar/data/1156039/000115603923000109/0001156039-23-000109-index.htm,https://www.sec.gov/Archives/edgar/data/1156039/000115603923000109/elv-20230930.htm,182.1036974075648,5.478113047173821,11.104972375690608,9.749256268593284,164.59838504037398,163.78665533361666,11.7169570760731,163.29366765830855,106.68508287292818,102454326000.0,116379326000.0,19.870893328161365,2.391055240495694,39.20946268656717,44.66186835222319,2.666484293261848,2.666484293261848,2.716033653060748,49.75601795639162,44.53858629927287,50.73205143853531,0.012581215945923,0.0223904649960803,0.646591885068839,0.2248773511468346,5.953398888413852,2.0396482227922315,7.386100386100386,2.01,0.0033966354919947,0.2699767261442979,0.0,0.0,0.3238834881152809,0.1220818982013011,0.007444747835422,0.7488262910798122,0.0018203458657144,141.87028002614406,0.0179023790590957,0.0172566134732783,-87.16532086697832,28372000000.0,2757000000.0,-16277000000.0,68402000000.0,16727500000.0,21678500000.0,0.0,35.56395715185885,65.16075279356988,0.0,2.5306520198440823,1.3811995126133851,0.0,0.0335476147099393,1.3557161070973225,2023-10-18,8.45,bmo,41974400000.0,2025-04-25,2023-09-30,0.0639053254437871,453.5787301587301,1166182.5714285714
2023-06-30,ELV,USD,1156039,2023-07-19,2023-07-19 16:34:50,2023,Q2,43672000000.0,31604000000.0,12068000000.0,0.2763326617,0,0.0,0.0,0.0,9366000000.0,9366000000.0,40970000000.0,0.0,261000000.0,433000000.0,3135000000.0,0.0717851255,2702000000.0,0.0618703059,-261000000.0,2441000000.0,0.0558939366,585000000.0,1853000000.0,0.0424299322,7.8318,7.7923,236600000,237800000,https://www.sec.gov/Archives/edgar/data/1156039/000115603923000088/0001156039-23-000088-index.htm,https://www.sec.gov/Archives/edgar/data/1156039/000115603923000088/elv-20230630.htm,184.58157227388,7.83178360101437,8.241758241758241,6.762468300929839,160.65934065934067,161.927303465765,9.868977176669484,161.47506339814032,107.29078613694,105119014000.0,120252014000.0,14.18227388019428,2.407011677962997,53.90718666666668,65.69938375,2.7514465122366185,2.7514465122366185,2.7535266074372595,38.35789920255184,61.66769948717949,75.15750875,0.0176276387067329,0.0152208429200068,0.6576102604371156,0.230140700571596,4.827113237639553,2.103892596736237,10.352490421455938,1.050646551724138,0.0033295593887514,0.1888828926065839,0.0,0.0,0.3295562802286384,0.1794871794871795,0.0080142883311961,0.8083140877598153,0.0017860413995237,168.68417072630734,0.0246006539856466,0.0253173204355726,-86.44019442096365,28614000000.0,2335000000.0,-16321000000.0,69138000000.0,16616500000.0,20899500000.0,0.0,34.05087928191977,60.36640931527654,0.0,2.643103552623616,1.4908953674874987,0.0,0.0485015050386075,1.4792899408284024,2023-07-19,8.8,bmo,41502000000.0,2025-04-25,2023-06-30,0.027272727272727,461.3175806451613,1244348.6451612904
2023-03-31,ELV,USD,1156039,2023-04-19,2023-04-19 16:18:42,2023,Q1,42172000000.0,30786000000.0,11386000000.0,0.2699895665,0,0.0,0.0,0.0,8516000000.0,8516000000.0,39302000000.0,0.0,251000000.0,462000000.0,3332000000.0,0.0790097695,2870000000.0,0.0680546334,-251000000.0,2619000000.0,0.062102817,615000000.0,1989000000.0,0.0471639951,8.3747,8.2979,237500000,239700000,https://www.sec.gov/Archives/edgar/data/1156039/000115603923000054/0001156039-23-000054-index.htm,https://www.sec.gov/Archives/edgar/data/1156039/000115603923000054/elv-20230331.htm,177.5663157894737,8.374736842105262,27.237894736842104,25.97052631578947,159.06526315789475,157.7263157894737,5.355789473684211,157.28842105263158,108.28210526315787,109204875000.0,124528875000.0,13.726102941176473,2.5895114056720097,16.881260627608594,17.70507052529183,2.923355685833601,2.923355685833601,2.952880465711847,37.37361194477791,19.25009661462359,20.1895063229572,0.0182134726128297,0.0564809950105249,0.681711103972588,0.233547322083639,4.599039615846339,2.157086302454473,11.434262948207172,3.228043912175649,0.0032141422257934,0.1764705882352941,0.0,0.0,0.3318782098312546,0.0465296027206678,0.007137437162098,0.6515151515151515,0.0014464573650763,172.1572116673765,0.0261295682636606,0.0273019271948608,-89.55578947368421,29228000000.0,1272000000.0,-17092000000.0,69834000000.0,16377000000.0,20902000000.0,0.0,35.66110215308736,60.225102319236015,0.0,2.523758228605625,1.4943934760448525,0.0,0.0532444587214905,1.2673684210526317,2023-04-19,9.26,bmo,40831500000.0,2025-04-25,2023-03-31,0.021598272138229,475.8924193548388,1153037.2903225806
2022-12-31,ELV,USD,1156039,2023-02-15,2023-02-15 16:44:30,2022,Q4,39929000000.0,30091000000.0,9838000000.0,0.2463873375,0,0.0,0.0,0.0,8416000000.0,8416000000.0,38507000000.0,0.0,229000000.0,473000000.0,1856000000.0,0.0464825064,1422000000.0,0.0356132135,-268000000.0,1154000000.0,0.0289012998,193000000.0,949000000.0,0.0237671868,3.9881,3.9345,237958067,241200000,https://www.sec.gov/Archives/edgar/data/1156039/000115603923000007/0001156039-23-000007-index.htm,https://www.sec.gov/Archives/edgar/data/1156039/000115603923000007/elv-20221231.htm,167.79847182066746,3.9880976172158937,-6.379275219108247,-7.631596704809339,140.1045168180829,152.67395830711635,6.858351223705309,152.30834767202913,102.29953666584456,122065349628.99,138792349628.99,32.156309175181775,3.057060022264269,-80.41195627733202,-67.21660221860684,3.367970356454764,3.367970356454764,3.4759786027446213,74.78036079148167,-91.43106036165348,-76.42750530230727,0.0077745240798017,-0.0148772768481769,0.6653422729906465,0.2346747116928616,9.01239224137931,2.0507890365448507,6.209606986899563,-1.5796045785639958,0.0024986615851839,0.321390937829294,0.0,0.0,0.3376769986861953,-0.1963109354413702,0.0074632472638934,0.6300211416490487,0.0018282451351148,116.90578499261898,0.014721264414869,0.0139441938375185,-88.47357127001709,25303000000.0,1632000000.0,-17042000000.0,64317000000.0,15125000000.0,20704000000.0,0.0,36.16318966164943,63.416636203516006,0.0,2.488718524058838,1.419185964250342,0.0,0.0261843666363159,1.252321485701092,2023-01-25,5.2,bmo,39772849914.0,2025-04-25,2022-12-31,0.0057692307692308,507.7426984126984,1085395.6825396826
2022-09-30,ELV,USD,1156039,2022-10-19,2022-10-19 12:38:21,2022,Q3,39939000000.0,29404000000.0,10535000000.0,0.2637772603,0,0.0,0.0,0.0,8176000000.0,8176000000.0,37580000000.0,0.0,213000000.0,451000000.0,2810000000.0,0.0703572949,2359000000.0,0.0590650742,-213000000.0,2146000000.0,0.0537319412,533000000.0,1618000000.0,0.0405117805,6.7529,6.6804,239600000,242200000,https://www.sec.gov/Archives/edgar/data/1156039/000115603922000084/0001156039-22-000084-index.htm,https://www.sec.gov/Archives/edgar/data/1156039/000115603922000084/elv-20220930.htm,166.69031719532555,6.752921535893155,20.550918196994992,19.2779632721202,143.5642737896494,150.42988313856426,4.699499165275459,150.21285475792988,100.10434056761268,108835904000.0,123735904000.0,16.81642521631644,2.725053306292096,22.10314865962632,23.56265512015588,3.023975549442917,3.023975549442917,3.098122236410526,44.03412953736655,25.12914378554021,26.78846157176878,0.0148664176115999,0.0424400389048084,0.6604984579478202,0.2307378719934773,5.302491103202847,1.8395972900344424,11.075117370892018,3.052696838189709,0.0028115721811802,0.1891223733003708,0.0,0.0,0.3389144487799196,0.0619415109666937,0.0076366458849745,0.6762749445676275,0.0017276346428303,151.07432439668014,0.0224105131573192,0.0237560381153738,-91.529632721202,22183000000.0,1126000000.0,-18379000000.0,61297000000.0,14203500000.0,20591000000.0,0.0,32.012318786148874,61.84362671745341,0.0,2.811417710826412,1.4552833457065082,0.0,0.0449556833652857,1.2729549248747911,2022-10-19,7.15,bmo,39292230160.0,2025-04-25,2022-09-30,0.0531468531468531,478.48578125,860513.34375
2022-06-30,ELV,USD,1156039,2022-07-20,2022-07-20 14:44:35,2022,Q2,38632000000.0,28777000000.0,9855000000.0,0.2550993995,0,0.0,0.0,0.0,7504000000.0,7504000000.0,36281000000.0,0.0,208000000.0,393000000.0,2744000000.0,0.0710291986,2351000000.0,0.0608562849,-208000000.0,2143000000.0,0.0554721474,493000000.0,1653000000.0,0.042788362,6.8675,6.7913,240700000,243400000,https://www.sec.gov/Archives/edgar/data/1156039/000115603922000081/0001156039-22-000081-index.htm,https://www.sec.gov/Archives/edgar/data/1156039/000115603922000081/elv-20220630.htm,160.498545907769,6.867469879518072,10.186954715413378,8.961362692147903,133.8637307852098,149.0112172829248,3.0660573327793936,148.78271707519735,98.8616535105941,116157006000.0,133289006000.0,17.567605263157894,3.006756212466349,47.372351549755294,53.85118497913769,3.2435218921032054,3.2435218921032054,3.4502227686891698,48.57471064139942,54.35930097879282,61.79369772832638,0.014230738695176,0.0185696935060464,0.658661901038758,0.233829316890867,6.243440233236152,1.9048048910590456,11.302884615384617,1.500611995104039,0.002660192532855,0.1869328493647913,0.0,0.0,0.3482359705383784,0.1203099510603589,0.0076361565541519,0.7506361323155216,0.0018637399047421,151.6232786626199,0.0229338940488089,0.0251414491695564,-91.97444952222683,22051000000.0,738000000.0,-18588000000.0,61270000000.0,14431500000.0,20591500000.0,0.0,33.08371298405467,65.60551829586129,0.0,2.7203718048024785,1.371835820184011,0.0,0.0461577124986038,1.2255920232654758,2022-07-20,7.74,bmo,37913796940.0,2025-04-25,2022-06-30,0.0387596899224804,494.71096774193546,1179331.741935484
2022-03-31,ELV,USD,1156039,2022-04-20,2022-04-20 15:17:33,2022,Q1,38095000000.0,28215000000.0,9880000000.0,0.2593516209,0,0.0,0.0,0.0,7353000000.0,7353000000.0,35568000000.0,0.0,201000000.0,358000000.0,2885000000.0,0.0757317233,2527000000.0,0.0663341646,-201000000.0,2326000000.0,0.0610578816,531000000.0,1805000000.0,0.0473815461,7.4772,7.3854,241400000,244400000,https://www.sec.gov/Archives/edgar/data/1156039/000115603922000051/0001156039-22-000051-index.htm,https://www.sec.gov/Archives/edgar/data/1156039/000115603922000051/antm-20220331.htm,157.8086164043082,7.477216238608119,10.52609776304888,9.47390223695112,134.13421706710852,149.25849212924606,4.937862468931234,149.026512013256,97.1665285832643,118580508000.0,135674508000.0,16.423893074792243,3.112757789736186,46.6668665879575,51.849806733712285,3.296192022237665,3.296192022237665,3.561478094238089,47.02755909878683,53.39413931523023,59.3242273721032,0.015221725985522,0.0192864749744536,0.6464211257817929,0.2314252731723822,5.925129982668977,1.8977731160238824,12.572139303482588,1.415598885793872,0.0026058245592943,0.171191135734072,0.0,0.0,0.34670501363374,0.0999606454151908,0.0066675416721354,0.7094972067039106,0.0013125082031762,158.3408593863079,0.0246631330402515,0.0274955443508461,-87.31772990886495,22254000000.0,1192000000.0,-17413000000.0,61079000000.0,14051000000.0,19347000000.0,0.0,34.63919149494684,64.45295055821371,0.0,2.598213067794298,1.396367415619123,0.0,0.0501737317581653,1.0521955260977631,2022-04-20,7.81,bmo,37394873729.0,2025-04-25,2022-03-31,0.0563380281690141,457.1041935483871,1234968.2741935484
2021-12-31,ELV,USD,1156039,2022-02-16,2022-02-16 16:01:21,2021,Q4,36581000000.0,27538000000.0,9043000000.0,0.2472048331,0,0.0,0.0,0.0,7449000000.0,7449000000.0,34987000000.0,0.0,200000000.0,360000000.0,1960000000.0,0.0535797272,1594000000.0,0.0435745332,-194000000.0,1400000000.0,0.0382712337,275000000.0,1137000000.0,0.0310817091,4.7028,4.6314,241770746,245500000,https://www.sec.gov/Archives/edgar/data/1156039/000115603922000009/0001156039-22-000009-index.htm,https://www.sec.gov/Archives/edgar/data/1156039/000115603922000009/antm-20211231.htm,151.30449239710745,4.702802215781722,6.915642308519824,5.509351408461965,128.82865489441804,149.43081658026568,5.314952372277497,149.1495584002541,96.08689382130623,112070411600.84,130221411600.84,24.64169120510994,3.063623509495093,67.02775813447369,84.13694564627629,3.107887176950638,3.107887176950638,3.559810054422788,66.4394957147143,77.88361937849282,97.76382252315317,0.010145407550118,0.0118853850982913,0.638685524126456,0.2363123332649292,9.260714285714286,2.072368115268417,7.97,1.486222222222222,0.0024359685674425,0.2401055408970976,0.0,0.0,0.3575107736507285,0.2033492822966507,0.0092944424701347,0.9444444444444444,0.0016128591345233,125.62630958071864,0.0164598987026671,0.0181580082086334,-83.15728984018604,23072000000.0,1285000000.0,-16745000000.0,61834000000.0,13123500000.0,19005000000.0,0.0,33.06634591727946,60.4226886484131,0.0,2.7218005952380957,1.4895067070532235,0.0,0.03153078202995,1.406290900057859,2022-01-26,5.11,bmo,37328000000.0,2025-04-25,2021-12-31,0.0058708414872797,420.7034375,1072948.203125
2021-09-30,ELV,USD,1156039,2021-10-20,2021-10-20 12:14:19,2021,Q3,35822000000.0,26645000000.0,9177000000.0,0.256183351,0,0.0,0.0,0.0,6980000000.0,6980000000.0,33625000000.0,0.0,201000000.0,351000000.0,2548000000.0,0.0711294735,2197000000.0,0.0613310256,-201000000.0,1996000000.0,0.0557199486,494000000.0,1509000000.0,0.0421249511,6.1997,6.1342,243400000,246000000,https://www.sec.gov/Archives/edgar/data/1156039/000115603921000091/0001156039-21-000091-index.htm,https://www.sec.gov/Archives/edgar/data/1156039/000115603921000091/antm-20210930.htm,147.1733771569433,6.199671322925226,10.28759244042728,9.22760887428102,130.80525883319638,147.11585866885784,3.5949055053410026,146.8241577649959,94.43714050944946,90739520000.0,108034520000.0,15.033055003313454,2.533066830439395,36.23782747603834,40.40049866429207,2.5390916976802758,2.5390916976802758,3.0158706939869355,42.39973312401884,43.14477635782748,48.10085485307213,0.0166300196430397,0.0247521697271486,0.637574502616336,0.2323577401590862,6.787676609105181,2.0765116279069766,10.930348258706468,1.66711051930759,0.003041673572882,0.1829025844930417,0.0,0.0,0.356241076891699,0.103035143769968,0.0072022779297638,0.7350427350427351,0.0017586957735469,143.1114398264046,0.0213092068856211,0.0239041931344749,-85.49198849630238,23145000000.0,875000000.0,-17607000000.0,61913000000.0,12746000000.0,19098000000.0,0.0,32.17659538830886,65.94032651529368,0.0,2.797064105567268,1.364870402622682,0.0,0.0422251448079021,1.059983566146261,2021-10-20,6.37,bmo,35302100000.0,2025-04-25,2021-09-30,0.0659340659340659,380.038125,1080474.78125
2021-06-30,ELV,USD,1156039,2021-07-21,2021-07-21 12:19:18,2021,Q2,33851000000.0,24763000000.0,9088000000.0,0.2684706508,0,0.0,0.0,0.0,6525000000.0,6525000000.0,31288000000.0,0.0,205000000.0,309000000.0,2867000000.0,0.0846946914,2563000000.0,0.0757141591,-210000000.0,2353000000.0,0.0695105019,552000000.0,1793000000.0,0.052967416,7.3333,7.2474,244500000,247400000,https://www.sec.gov/Archives/edgar/data/1156039/000115603921000075/0001156039-21-000075-index.htm,https://www.sec.gov/Archives/edgar/data/1156039/000115603921000075/antm-20210630.htm,138.44989775051124,7.333333333333333,6.883435582822086,5.717791411042945,127.22290388548058,143.33742331288343,0.4376278118609407,143.01840490797545,95.89366053169734,93350100000.0,111333100000.0,13.015909090909092,2.7576762872588696,55.46648841354724,66.77403433476395,2.6695864790665755,2.6695864790665755,3.288916132462852,38.83261248692013,66.15157456922162,79.63741058655222,0.0192072638379605,0.014975881118499,0.6646362388469458,0.2418493813542566,6.272410184862225,2.1074642668078347,12.502439024390243,0.9344808439755692,0.0029780364455956,0.1550474065811489,0.0,0.0,0.3635805488204626,0.1693404634581105,0.0084192490620661,0.9223300970873788,0.0020383445097633,153.6165251846817,0.0256966706612246,0.0293175054776153,-83.56339468302659,23012000000.0,107000000.0,-17260000000.0,61684000000.0,12488000000.0,18175000000.0,0.0,33.7257392691501,67.86980575859145,0.0,2.668584942845881,1.3260683302988112,0.0,0.0512754518416838,1.165644171779141,2021-07-21,6.33,bmo,35318800000.0,2025-04-25,2021-06-30,0.1105845181674565,382.1553968253969,1020170.3174603176
2021-03-31,ELV,USD,1156039,2021-04-21,2021-04-21 12:55:08,2021,Q1,32385000000.0,23699000000.0,8686000000.0,0.2682105913,0,0.0,0.0,0.0,6318000000.0,6318000000.0,30017000000.0,0.0,192000000.0,282000000.0,2650000000.0,0.0818280068,2368000000.0,0.0731202717,-192000000.0,2176000000.0,0.067191601,509000000.0,1665000000.0,0.0514126911,6.7959,6.7083,245000000,248200000,https://www.sec.gov/Archives/edgar/data/1156039/000115603921000041/0001156039-21-000041-index.htm,https://www.sec.gov/Archives/edgar/data/1156039/000115603921000041/antm-20210331.htm,132.18367346938774,6.795918367346939,10.224489795918368,9.391836734693875,138.28979591836736,138.4408163265306,11.66530612244898,138.17551020408163,95.61632653061224,87942750000.0,101850750000.0,13.204617117117117,2.7155396016674387,35.106886227544905,38.21936114732725,2.5977830620624465,2.5977830620624465,3.144997684113015,38.43424528301887,40.65898203592814,44.26368970013038,0.0189327716042539,0.026164749226059,0.6863202670368949,0.2428226539719699,5.2483018867924525,2.365974891109403,12.333333333333334,1.5026994601079784,0.003149776417044,0.1663663663663663,0.0,0.0,0.3246135677184035,0.081437125748503,0.0062992125984251,0.723404255319149,0.0019762235602902,145.35530080995562,0.0236000446908221,0.0257648205747179,-76.18673469387755,26657000000.0,2858000000.0,-15593000000.0,61250000000.0,11624500000.0,17264000000.0,0.0,34.15748031496063,67.1268829908435,0.0,2.6348547717842323,1.340744512333107,0.0,0.0491832333914276,0.8326530612244898,2021-04-21,6.51,bmo,29897672811.0,2025-04-25,2021-03-31,0.0768049155145929,321.58295081967213,1402368.491803279
2020-12-31,ELV,USD,1156039,2021-02-18,2021-02-18 16:03:06,2020,Q4,31824000000.0,24088000000.0,7736000000.0,0.2430869784,0,0.0,0.0,0.0,6932000000.0,6932000000.0,31020000000.0,0.0,191000000.0,290000000.0,1092000000.0,0.0343137255,804000000.0,0.0252639517,-193000000.0,611000000.0,0.0191993464,60000000.0,551000000.0,0.0173139769,2.23,2.1943,245401430,251100000,https://www.sec.gov/Archives/edgar/data/1156039/000115603921000012/0001156039-21-000012-index.htm,https://www.sec.gov/Archives/edgar/data/1156039/000115603921000012/antm-20201231.htm,129.68139590710618,2.2453006895681087,15.537806768281667,14.404969033799029,118.88276282660618,135.28446024132785,8.569632214449607,135.28446024132785,82.42005761743115,78795945158.7,93089945158.7,35.751336278901995,2.4759912380184765,20.66507871982691,22.29022493881188,2.373443331386488,2.373443331386488,2.925149106293992,85.24720252628205,24.413832981563072,26.333789295247524,0.0069927456151487,0.0448627146089851,0.6034820325913431,0.231310973849795,13.08974358974359,2.1334325660517783,4.209424083769633,6.9201451905626135,0.0029696959599724,0.4246823956442831,0.0,0.0,0.359014027593373,0.072908471020194,0.0087355455002513,0.9586206896551724,0.0021681749622926,82.67086286608671,0.0105840164541504,0.0099245303409643,-65.29505553410996,21321000000.0,2103000000.0,-13284000000.0,55900000000.0,11247500000.0,16327000000.0,0.0,30.98981900452489,62.96413151776818,0.0,2.9041795948165725,1.429385236173748,0.0,0.0165968854483568,1.1328377344826392,2021-01-27,2.52,bmo,30874300000.0,2025-04-25,2020-12-31,0.0079365079365079,306.88375,1280843.421875
2020-09-30,ELV,USD,1156039,2020-10-28,2020-10-28 16:02:19,2020,Q3,31158000000.0,22921000000.0,8237000000.0,0.2643622826,0,0.0,0.0,0.0,7620000000.0,7620000000.0,30541000000.0,0.0,198000000.0,308000000.0,895000000.0,0.0287245651,617000000.0,0.019802298,-228000000.0,389000000.0,0.0124847551,167000000.0,222000000.0,0.0071249759,0.8845,0.8733,251000000,254200000,https://www.sec.gov/Archives/edgar/data/1156039/000115603920000089/0001156039-20-000089-index.htm,https://www.sec.gov/Archives/edgar/data/1156039/000115603920000089/antm-20200930.htm,124.13545816733068,0.8844621513944223,-4.581673306772909,-5.800796812749004,106.33864541832668,135.14342629482073,10.904382470119522,135.14342629482073,83.82868525896414,67416089999.99999,84275090000.0,75.91902027027027,2.1636847679568647,-58.622686956521726,-46.30225961538461,1.9874440612010256,1.9874440612010256,2.704765710250979,94.16211173184358,-73.28268695652174,-57.88124313186813,0.0032929824319387,-0.0215972181121747,0.6144571209575189,0.2407535749763208,18.83687150837989,2.0650388936905792,3.1161616161616164,-5.18018018018018,0.0035303144991054,1.072072072072072,0.0,0.0,0.3602005220967034,-0.2660869565217391,0.0098209127671865,0.9935064935064936,0.0025675588933821,51.859502747996345,0.0050438792157112,0.0040079436721429,-68.96115537848605,19716000000.0,2737000000.0,-14425000000.0,54263000000.0,11262500000.0,15468500000.0,0.0,33.32466782206817,62.047031106845246,0.0,2.7007020889312647,1.4505125933426148,0.0,0.0065446183779959,1.2191235059760956,2020-10-28,4.15,bmo,30787071428.0,2025-04-25,2020-09-30,0.0120481927710842,269.07015625,1163116.40625
2020-06-30,ELV,USD,1156039,2020-07-29,2020-07-29 15:54:24,2020,Q2,29264000000.0,19547000000.0,9717000000.0,0.3320462001,0,0.0,0.0,0.0,6364000000.0,6364000000.0,25911000000.0,0.0,201000000.0,286000000.0,3636000000.0,0.1242482231,3353000000.0,0.1145776381,-204000000.0,3149000000.0,0.1076066156,873000000.0,2276000000.0,0.0777747403,9.0246,8.9115,252200000,255400000,https://www.sec.gov/Archives/edgar/data/1156039/000115603920000070/0001156039-20-000070-index.htm,https://www.sec.gov/Archives/edgar/data/1156039/000115603920000070/antm-2020630x10q.htm,116.03489294210944,9.02458366375892,21.847739888977003,20.9238699444885,111.20539254559873,136.61776367961934,12.835051546391751,136.61776367961934,85.95162569389373,66323556000.00001,81771556000.0,7.285100615114236,2.266387233460908,12.036943012704176,12.568420693575897,1.9249326948193293,1.9249326948193293,2.794271323127392,22.489426842684267,14.84057277676951,15.4958415766534,0.0343166159546692,0.0795644913852327,0.6233057611377159,0.2441120305537873,4.248624862486249,2.2073060393576114,16.681592039800996,2.42091388400703,0.0036487790250571,0.1063268892794376,0.0,0.0,0.3548467763935619,0.0422867513611615,0.0079620010934937,0.8146853146853147,0.0022895024603608,166.55529070357784,0.0337081146553147,0.040100073998379,-68.33465503568597,21350000000.0,3237000000.0,-14487000000.0,55995000000.0,11156500000.0,15047500000.0,0.0,33.79305631492618,69.68588530209239,0.0,2.663269020749909,1.291509745622729,0.0,0.0660571760267015,0.9238699444885012,2020-07-29,8.87,bmo,28246121739.0,2025-04-25,2020-06-30,0.0372040586245772,266.78253968253966,1562343.650793651
2020-03-31,ELV,USD,1156039,2020-04-29,2020-04-29 14:39:56,2020,Q1,29621000000.0,21489000000.0,8132000000.0,0.2745349583,0,0.0,0.0,0.0,5848000000.0,5848000000.0,27337000000.0,0.0,194000000.0,270000000.0,2553000000.0,0.0861888525,2284000000.0,0.0771074575,-195000000.0,2089000000.0,0.0705242902,566000000.0,1523000000.0,0.051416225,6.0341,5.9399,252400000,256400000,https://www.sec.gov/Archives/edgar/data/1156039/000115603920000028/0001156039-20-000028-index.htm,https://www.sec.gov/Archives/edgar/data/1156039/000115603920000028/antm-2020331x10q.htm,117.35736925515056,6.034072900158479,9.964342313787638,9.156101426307448,99.9445324881141,125.56656101426309,1.6600633914421552,125.56656101426309,86.67591125198098,57304896000.0,73642896000.0,9.406581746552856,1.9346036933256807,22.785246918489065,24.796579835569016,1.8081246963051776,1.8081246963051776,2.4861718375476856,28.845631022326675,29.28146958250497,31.86624664647339,0.0265771357477029,0.0403281422934612,0.6841573849114947,0.2631463974077355,6.399529964747356,1.9666935700834005,11.77319587628866,1.6513460275771503,0.0041881238210431,0.1575837163493105,0.0,0.0,0.3795434410611779,0.0811133200795228,0.006887005840451,0.7555555555555555,0.0022619087809324,130.56703304089004,0.0250431045567246,0.0297897310513447,-67.29893026941363,17966000000.0,419000000.0,-14155000000.0,52590000000.0,10858000000.0,14000000000.0,0.0,34.40970932784173,62.65531202010331,0.0,2.6155408388520973,1.4364304812834223,0.0,0.0480547755024768,0.8082408874801902,2020-04-29,6.48,bmo,29621000000.0,2025-04-25,2020-03-31,0.0,272.5169354838709,2260356.5
2019-12-31,ELV,USD,1156039,2020-02-19,2020-02-19 15:14:06,2019,Q4,27407000000.0,21383000000.0,6024000000.0,0.2197978619,0,0.0,0.0,0.0,4733000000.0,4733000000.0,26116000000.0,0.0,190000000.0,120000000.0,1408000000.0,0.0513737366,1291000000.0,0.0471047543,-193000000.0,1098000000.0,0.0400627577,164000000.0,934000000.0,0.034078885,3.69,3.6202,252922161,258000000,https://www.sec.gov/Archives/edgar/data/1156039/000115603920000003/0001156039-20-000003-index.htm,https://www.sec.gov/Archives/edgar/data/1156039/000115603920000003/antm-2019123110kq42019.htm,108.36140214696331,3.692835757480342,5.246673501259544,3.85889475299873,97.31452515938292,125.44570975731936,10.09796844176102,125.44570975731936,80.163003193698,76390080286.82999,91538080286.83,20.44702363137848,2.7872470641379934,57.5659987089902,78.26852488404711,2.407655077118948,2.407655077118948,3.3399525773280545,65.01284111280539,68.98122101494347,93.7890166873258,0.012226718397114,0.0127765280038364,0.6330370650529501,0.2593185544781997,10.758522727272728,2.140262916539285,6.794736842105263,1.4207708779443255,0.0026443223942366,0.2162740899357601,0.0,0.0,0.3766671400720437,0.2645064054257724,0.0128069471302951,1.4268292682926829,0.0024811179625643,102.09375132113824,0.0173224342528606,0.0193458853745935,-52.659482060965,18649000000.0,2554000000.0,-10721000000.0,50956000000.0,10344500000.0,13231000000.0,0.0,34.12230452074288,54.88472150773979,0.0,2.637570974882109,1.6398006134969323,0.0,0.0294377206253151,1.3877787482608137,2020-01-29,3.88,bmo,27407000000.0,2025-04-25,2019-12-31,0.0,275.185625,1439861.90625
2019-09-30,ELV,USD,1156039,2019-10-23,2019-10-23 11:38:12,2019,Q3,26674000000.0,20753000000.0,5921000000.0,0.2219764565,0,0.0,0.0,0.0,4247000000.0,4247000000.0,25000000000.0,0.0,185000000.0,122000000.0,1796000000.0,0.0673314838,1674000000.0,0.0627577416,-185000000.0,1489000000.0,0.0558221489,306000000.0,1183000000.0,0.0443503037,4.6356,4.55,255200000,260000000,https://www.sec.gov/Archives/edgar/data/1156039/000115603919000016/0001156039-19-000016-index.htm,https://www.sec.gov/Archives/edgar/data/1156039/000115603919000016/antm-2019930x10q.htm,104.52194357366773,4.635579937304075,6.532131661442007,5.470219435736677,94.67084639498432,122.7742946708464,8.134796238244514,122.7742946708464,79.99608150470219,61273520000.0,77313520000.0,12.948757396449704,2.2971252905451003,36.75676064787042,43.892206303724926,1.95562109025916,1.95562109025916,2.8984599235210315,43.04761692650334,46.37883623275345,55.3821776504298,0.0193068718754855,0.0227830880288907,0.6456657730116175,0.2599956303255407,8.930957683741648,2.1836501901140686,9.04864864864865,1.4091293322062552,0.0033293337807261,0.1724429416737109,0.0,0.0,0.3759976352349985,0.1625674865026994,0.0101597060808277,0.9003322259136213,0.0032241133688235,113.16106347520233,0.0209647250970724,0.0243651267686857,-57.184561128526646,18678000000.0,2076000000.0,-12019000000.0,50855000000.0,10256000000.0,13104000000.0,0.0,34.74619479643098,58.20748807401339,0.0,2.5902116915906,1.5461928177618836,0.0,0.0377569258266309,1.061912225705329,2019-10-23,4.82,bmo,26400139630.0,2025-04-25,2019-09-30,0.0103734439834024,273.993125,1457425.15625
2019-06-30,ELV,USD,1156039,2019-07-24,2019-07-24 12:07:21,2019,Q2,25466000000.0,20368000000.0,5098000000.0,0.2001884866,0,0.0,0.0,0.0,3461000000.0,3461000000.0,23829000000.0,0.0,184000000.0,122000000.0,1759000000.0,0.0690724888,1637000000.0,0.0642817875,-184000000.0,1453000000.0,0.0570564674,314000000.0,1139000000.0,0.0447263017,4.4371,4.364,256700000,261000000,https://www.sec.gov/Archives/edgar/data/1156039/000115603919000013/0001156039-19-000013-index.htm,https://www.sec.gov/Archives/edgar/data/1156039/000115603919000013/antm-2019630x10q.htm,99.20529801324504,4.437086092715232,5.5979742890533695,4.737047136735489,90.43630697312038,119.95714842228284,5.6603038566419945,119.95714842228284,75.88624853915076,72574224000.0,87792224000.0,15.92937313432836,2.8498477970627505,50.50398329853863,59.68275,2.356841619848667,2.356841619848667,3.4474288855729207,49.91030358158044,61.09410160055671,72.19755263157894,0.0156942773511432,0.016755260104469,0.626635923748904,0.2543934819580493,8.651506537805572,2.1503280586646083,8.896739130434783,1.2616330114135206,0.0028384733400663,0.1808604038630377,0.0,0.0,0.3868109846936757,0.1537926235212247,0.0086782376502002,0.7441077441077442,0.0027487630566245,109.43424686628715,0.0206424314573879,0.024488830599213,-55.2493182703545,17883000000.0,1453000000.0,-11629000000.0,50060000000.0,10196500000.0,12489500000.0,0.0,36.0975418204665,56.49744697564808,0.0,2.4932445662815743,1.5929923353668074,0.0,0.0369889260546228,0.8609271523178808,2019-07-24,4.61,bmo,25301349137.0,2025-04-25,2019-06-30,0.0065075921908892,273.1642857142857,2029796.1904761903
2019-03-31,ELV,USD,1156039,2019-04-24,2019-04-24 13:36:28,2019,Q1,24666000000.0,19282000000.0,5384000000.0,0.2182761696,0,0.0,0.0,0.0,3253000000.0,3253000000.0,22535000000.0,0.0,187000000.0,121000000.0,2253000000.0,0.0913403065,2131000000.0,0.0863942269,-186000000.0,1945000000.0,0.0788534825,394000000.0,1551000000.0,0.0628800778,6.0327,5.9131,257100000,262300000,https://www.sec.gov/Archives/edgar/data/1156039/000115603919000007/0001156039-19-000007-index.htm,https://www.sec.gov/Archives/edgar/data/1156039/000115603919000007/antm-2019331x10q.htm,95.93932322053676,6.03267211201867,6.339945546479969,5.429793854531311,86.72500972384286,116.67833527810193,2.2287047841306884,116.67833527810193,75.95877090626216,74129643000.0,88989643000.0,11.948685203094778,3.005337022622233,45.47830858895705,53.10146346704871,2.4711528435229013,2.4711528435229013,3.6077857374523634,39.49828806036396,54.59487300613497,63.746162607449854,0.0209228041203436,0.0188318726963247,0.6447763184212281,0.2595440333856662,6.595650244118953,2.1454713615643786,11.39572192513369,1.0509348807221148,0.0027789153119218,0.1328175370728562,0.0,0.0,0.394844544637226,0.1435582822085889,0.0094867428849428,0.8096885813148789,0.0028379145382307,125.84652611197424,0.0277069368502534,0.0343917690363209,-56.76293271100739,17339000000.0,573000000.0,-12049000000.0,49563000000.0,9745000000.0,12303000000.0,0.0,37.140598394551205,56.911627424541024,0.0,2.42322428529325,1.581399163454441,0.0,0.0517034468964597,0.910151691948658,2019-04-24,5.81,bmo,23766079601.0,2025-04-25,2019-03-31,0.0378657487091223,289.2122950819672,1661502.836065574
2018-12-31,ELV,USD,1156039,2019-02-20,2019-02-20 14:53:10,2018,Q4,23373000000.0,18936000000.0,4437000000.0,0.1898344243,0,0.0,0.0,0.0,3711000000.0,3711000000.0,22647000000.0,0.0,189000000.0,125000000.0,857000000.0,0.0366662388,726000000.0,0.0310614812,-183000000.0,543000000.0,0.0232319343,118000000.0,425000000.0,0.018183374,1.6512,1.6086,257354383,262300000,https://www.sec.gov/Archives/edgar/data/1156039/000115603919000004/0001156039-19-000004-index.htm,https://www.sec.gov/Archives/edgar/data/1156039/000115603919000004/antm-2018123110kq42018.htm,90.82029117802124,1.6514193193282432,1.7990756349387684,0.555654029797503,80.22789337922408,110.90155010105268,-3.769121740584461,110.90155010105268,75.38243481168922,67588981607.29,82865981607.29001,39.75822447487647,2.891754657394858,145.98052183,472.65022103,2.3681364215440945,2.3681364215440945,3.545372079206349,96.6930940575146,178.97620217557238,579.4823888621679,0.0062880071558018,0.0021157294665403,0.6731018534739498,0.2684187729667044,17.826137689614935,1.9568881050362528,3.8412698412698414,1.0894117647058823,0.0028554950142817,0.4541176470588235,0.0,0.0,0.4123318103701219,0.6911447084233261,0.0136910109955932,1.1111111111111112,0.0038933812518718,64.19315893113041,0.0097540518435679,0.0101046124583927,-59.83869332429438,14649000000.0,-970000000.0,-13072000000.0,46895000000.0,9348500000.0,13178500000.0,0.0,35.852907200616094,58.997148288973385,0.0,2.5102566856406403,1.5254974623378716,0.0,0.0148908587645842,1.2434216051412654,2019-01-30,2.2,bmo,21074016393.0,2025-04-25,2018-12-31,0.1090909090909089,274.97523809523807,1506831.492063492
2018-09-30,ELV,USD,1156039,2018-10-31,2018-10-31 15:21:07,2018,Q3,23251000000.0,18185000000.0,5066000000.0,0.2178831018,0,0.0,0.0,0.0,3637000000.0,3637000000.0,21822000000.0,0.0,188000000.0,122400000.0,1552400000.0,0.0667670208,1429000000.0,0.0614597222,-187000000.0,1242000000.0,0.0534170573,282000000.0,960000000.0,0.0412885467,3.6994,3.6172,259500000,265400000,https://www.sec.gov/Archives/edgar/data/1156039/000115603918000013/0001156039-18-000013-index.htm,https://www.sec.gov/Archives/edgar/data/1156039/000115603918000013/antm-20180930x10q.htm,89.59922928709057,3.699421965317919,2.338728323699422,0.96878612716763,83.51059730250482,112.1156069364162,-1.8304431599229287,112.1156069364162,75.55684007707129,71673900000.0,86832900000.0,18.665078125,3.0826158014709044,118.0983687592684,285.09904534606204,2.463528562590225,2.463528562590225,3.734587759666251,55.93461736665808,143.07612456747404,345.3973747016706,0.0133939969779794,0.0035075529586083,0.6674572076716849,0.2608502921619988,9.764880185519196,1.831299015272127,7.601063829787234,0.6327807319361902,0.002720655636152,0.203125,0.0,0.0,0.3971925582644905,0.5857637172516065,0.0152896649606468,1.2330905306971904,0.0024515074620446,96.60313724977767,0.0185310135525867,0.0213922809519565,-64.1252408477842,14098000000.0,-475000000.0,-14294000000.0,46259000000.0,9320700000.0,13710350000.0,0.0,36.331340587501614,69.0107231234534,0.0,2.477200085233326,1.3041451520367182,0.0,0.0329964941224994,1.369942196531792,2018-10-31,3.7,bmo,22579711286.0,2025-04-25,2018-09-30,0.0297297297297296,259.5931746031746,1088626.825396825
2018-06-30,ELV,USD,1156039,2018-07-25,2018-07-25 12:22:40,2018,Q2,22943700000.0,17727800000.0,5215900000.0,0.2273347368,0,0.0,0.0,0.0,3521600000.0,3521600000.0,21249400000.0,0.0,191700000.0,124200000.0,1819400000.0,0.0792984567,1694300000.0,0.0738459795,-190800000.0,1503500000.0,0.0655299712,450100000.0,1053400000.0,0.0459123855,4.0719,3.9826,258700000,264500000,https://www.sec.gov/Archives/edgar/data/1156039/000115603918000010/0001156039-18-000010-index.htm,https://www.sec.gov/Archives/edgar/data/1156039/000115603918000010/antm-20180630x10q.htm,88.68844221105527,4.071897951294936,2.095863935059915,0.8809431774255895,84.21878623888674,111.03594897564749,-3.532276768457673,111.03594897564749,75.28913799768071,61578361000.0,76181961000.0,14.614192377064745,2.6838897387953997,113.57130394688308,270.1990390522159,2.143720139251523,2.143720139251523,3.320386903594451,41.87202429372321,140.50527665068242,334.27802106186925,0.0171066586199005,0.0037009754124504,0.6713872932985204,0.2593286843428706,8.026602176541717,1.7905726546998293,8.83828899321857,0.5147142585912284,0.0031829362915326,0.1860641731535978,0.0,0.0,0.3985455992814055,0.5796753965326448,0.0136987495478061,1.098951048951049,0.0015690581728317,100.86059040063978,0.0201881702068062,0.0235509271472838,-65.37862388867414,13706000000.0,-913800000.0,-14599600000.0,45737000000.0,8908250000.0,13466850000.0,0.0,36.305652532067626,68.41813422985368,0.0,2.478952827538518,1.3154407236192835,0.0,0.0366718885987815,1.2149207576343255,2018-07-25,4.16,bmo,22457833411.0,2025-04-25,2018-06-30,0.0216346153846153,231.5725,1483825.40625
2018-03-31,ELV,USD,1156039,2018-04-25,2018-04-25 12:36:51,2018,Q1,22537500000.0,17045900000.0,5491600000.0,0.2436650028,0,0.0,0.0,0.0,3508000000.0,3508000000.0,20553900000.0,0.0,184200000.0,109500000.0,2074000000.0,0.0920244038,1983600000.0,0.0880133111,-203300000.0,1780300000.0,0.0789927898,467800000.0,1312500000.0,0.0582362729,5.131,4.9943,255800000,262800000,https://www.sec.gov/Archives/edgar/data/1156039/000115603918000005/0001156039-18-000005-index.htm,https://www.sec.gov/Archives/edgar/data/1156039/000115603918000005/antm-20180331x10qforq1.htm,88.10594214229867,5.13096168881939,8.658717748240813,7.805707584050039,85.01329163408913,105.59968725566848,-8.792415949960906,105.59968725566848,78.4601250977326,56199260000.0,71454560000.0,10.704620952380951,2.4935889073765947,25.373271931012688,28.146071017178343,2.0804985858346536,2.0804985858346536,3.1704740987243483,34.452536162005785,32.26085150571132,35.78632744027646,0.0233544000401428,0.0355289375696405,0.7361767188402364,0.2712931989457083,7.35549662487946,1.746960867384876,10.768729641693811,1.6875428571428572,0.0034164150915866,0.1462857142857143,0.0,0.0,0.3991997315157898,0.0985146056255361,0.009681641708264,0.8090470893585465,0.0018635607321131,110.41344513850316,0.0253324660857623,0.0298031967192641,-70.83962079749804,12958800000.0,-2249100000.0,-15980500000.0,44457900000.0,8677550000.0,13236500000.0,0.0,34.18742096505824,71.05110319783643,0.0,2.632547219399376,1.266693913948131,0.0,0.048588796256534,0.853010164190774,2018-04-25,4.88,bmo,20329574861.0,2025-04-25,2018-03-31,0.1086065573770492,234.90934426229504,1586361.1147540985
2017-12-31,ELV,USD,1156039,2018-02-21,2018-02-21 14:02:53,2017,Q4,22680300000.0,18672600000.0,4007700000.0,0.1767040119,0,0.0,0.0,0.0,3437500000.0,3437500000.0,22110100000.0,0.0,163600000.0,73100000.0,360900000.0,0.0159124879,570200000.0,0.0251407609,-446000000.0,124200000.0,0.005476118,-1106500000.0,1230700000.0,0.0542629507,4.8,4.6741,256084913,263300000,https://www.sec.gov/Archives/edgar/data/1156039/000115603918000003/0001156039-18-000003-index.htm,https://www.sec.gov/Archives/edgar/data/1156039/000115603918000003/antm-2017123110kq42017.htm,88.56554544468615,4.805827823211124,-5.081127133795657,-6.1639710887614845,82.01576482563031,103.49301600598392,-4.279830417030464,103.49301600598392,78.47240887634798,57621666274.13,73944666274.13,11.705059371522305,2.5406042368985418,-44.28348161245773,-36.50406479197339,2.1741563700007545,2.1741563700007545,3.260303711773213,204.8896266947354,-56.82805585162159,-46.844894693778905,0.0213582855126933,-0.0273942095407381,0.7520658038712599,0.2825630847745959,45.22859517871986,1.814014367466212,3.4853300733496333,-1.0572844722515642,0.0031151476797988,0.1458519541724222,0.0,0.0,0.3912531896796144,-0.2131109744850907,0.0122264696675088,1.2189010989010989,0.0017151448613995,105.78665490583306,0.099712725895825,0.0286602547681702,-64.19159882331685,13371000000.0,-1096000000.0,-14240000000.0,43145000000.0,8308100000.0,12717050000.0,0.0,34.89636380471158,62.73577327206709,0.0,2.5790652717762117,1.4345881991395206,0.0,0.046436252499717,1.082843954965828,2018-01-31,1.27,bmo,22328667441.0,2025-04-25,2017-12-31,0.015748031496063,212.98380952380955,1639826.4444444445
2017-09-30,ELV,USD,1156039,2017-10-25,2017-10-25 12:18:22,2017,Q3,22426000000.0,18103600000.0,4322400000.0,0.192740569,0,0.0,0.0,0.0,3053000000.0,3053000000.0,21156600000.0,0.0,150500000.0,69100000.0,1338500000.0,0.0596851868,1269400000.0,0.0566039419,-150500000.0,1118900000.0,0.0498929814,372000000.0,746900000.0,0.0333050923,2.8672,2.7974,257404755,267000000,https://www.sec.gov/Archives/edgar/data/1156039/000115603917000013/0001156039-17-000013-index.htm,https://www.sec.gov/Archives/edgar/data/1156039/000115603917000013/antm-20170930x10qforq3.htm,87.12348767605323,2.901655798860437,9.342096263917114,8.492461609732112,96.39060475009484,100.80738407493676,2.019776208096855,100.80738407493676,63.639850009763805,48876014879.4,59009514879.4,16.35962474206721,2.1794352483456705,20.325202677839236,22.358652735315644,1.8835921767283408,1.8835921767283408,2.6312991563096406,44.08630174030631,24.53924185112488,26.994288599908508,0.0152815241144956,0.0447254139969039,0.6255014779388245,0.2376039197832232,7.570788195741501,1.9399703953821552,8.434551495016612,3.219574240192797,0.003703247910997,0.2423349846030258,0.0,0.0,0.3722505815408894,0.0909468956626606,0.0097520734861321,0.978961504028648,0.001957549273165,81.12605893177795,0.0157089029036653,0.017417767568765,-45.38979864610504,15811900000.0,519900000.0,-9728000000.0,43289500000.0,8226650000.0,12101650000.0,0.0,31.392044947828413,61.735179743255486,0.0,2.866968372069239,1.4578397661478004,0.0,0.0287841592705495,0.8496346541850014,2017-10-25,2.42,bmo,20479592452.0,2025-04-25,2017-09-30,0.0950413223140495,190.3236507936508,1470141.8095238097
2017-06-30,ELV,USD,1156039,2017-07-26,2017-07-26 10:22:45,2017,Q2,22407200000.0,17917200000.0,4490000000.0,0.2003820201,0,0.0,0.0,0.0,3094400000.0,3094400000.0,21011600000.0,0.0,189900000.0,67800000.0,1463400000.0,0.0653093648,1395600000.0,0.0622835517,-189900000.0,1205700000.0,0.0538085972,350400000.0,855300000.0,0.0381707665,3.2324,3.1584,264600000,270800000,https://www.sec.gov/Archives/edgar/data/1156039/000115603917000011/0001156039-17-000011-index.htm,https://www.sec.gov/Archives/edgar/data/1156039/000115603917000011/antm-20170630x10qforq2.htm,84.6832955404384,3.2324263038548757,1.4856386999244142,0.844671201814059,88.92101284958427,99.89304610733184,3.734315948601663,99.89304610733184,62.291383219954646,49779198000.0,61510398000.0,14.550215713784636,2.2215715484308616,126.63240396845586,222.72571812080537,1.8833142779314231,1.8833142779314231,2.7451175515013038,42.032525625256255,156.4751920630883,275.2143087248322,0.0171818758510331,0.0044898272567589,0.6163962212040844,0.2387598625977467,8.01640016400164,2.1689304935457328,7.34913112164297,0.4596048170232666,0.0034512408174997,0.2008651934993569,0.0,0.0,0.3728677444693248,0.4314423810735182,0.00756899567996,0.7751371115173674,0.0019815059445178,85.2360280087849,0.0181272287283253,0.0199864466981352,-44.61101662887377,17332200000.0,988100000.0,-9646300000.0,44751500000.0,8424850000.0,11663950000.0,0.0,34.66738369809704,59.19831223628692,0.0,2.5961001494595126,1.5203136136849609,0.0,0.0323588721118959,0.6409674981103552,2017-07-26,3.23,bmo,21476337091.0,2025-04-25,2017-06-30,0.043343653250774,179.6784126984127,1507947.380952381
2017-03-31,ELV,USD,1156039,2017-04-26,2017-04-26 10:17:05,2017,Q1,22525900000.0,17542800000.0,4983100000.0,0.2212164664,0,0.0,0.0,0.0,3233100000.0,3233100000.0,20775900000.0,0.0,235000000.0,69100000.0,1819100000.0,0.0807559298,1750000000.0,0.0776883499,-235000000.0,1515000000.0,0.0672559143,505100000.0,1009900000.0,0.0448328369,3.8196,3.7348,264400000,270400000,https://www.sec.gov/Archives/edgar/data/1156039/000115603917000005/0001156039-17-000005-index.htm,https://www.sec.gov/Archives/edgar/data/1156039/000115603917000005/antm-20170331x10qforq1.htm,85.19629349470499,3.819591527987897,10.167170953101362,9.683434190620272,93.5767776096823,98.68343419062028,2.298411497730711,98.68343419062028,65.7250378214826,43726472000.0,54096772000.0,10.824455886721458,1.941164259807599,16.266078416784463,17.078651720501504,1.6758638504670031,1.6758638504670031,2.4015365423801045,29.73820680556319,20.12378989658508,21.12907549896497,0.0230958491231581,0.0585526314585818,0.6570123294968937,0.2486485310435356,5.700786103017976,2.173932830308147,7.446808510638298,2.661847707693831,0.0039381178522703,0.170511931874443,0.0,0.0,0.3696389072211303,0.047578305185626,0.0056779085408352,0.5795197100135931,0.0018955957364633,92.09198774439064,0.0210285257083952,0.0232378340194158,-45.181354009077154,17798700000.0,607700000.0,-9891300000.0,45240500000.0,8392350000.0,11725100000.0,0.0,32.83660142325057,59.21762774471578,0.0,2.740843939357068,1.5198177202907466,0.0,0.0387054986413408,0.4837367624810892,2017-04-26,3.86,bmo,18579054273.0,2025-04-25,2017-03-31,0.2124352331606217,159.07322580645163,1754363.6290322582
2016-12-31,ELV,USD,1156039,2017-02-22,2017-02-22 13:09:22,2016,Q4,21726200000.0,17567900000.0,4158300000.0,0.1913956421,0,0.0,0.0,0.0,3310600000.0,3310600000.0,20878500000.0,0.0,177300000.0,72900000.0,908800000.0,0.0418296803,847700000.0,0.0390174076,-189100000.0,658600000.0,0.0303136305,290200000.0,368400000.0,0.0169564857,1.3968,1.3711,263747395,268700000,https://www.sec.gov/Archives/edgar/data/1156039/000115603917000002/0001156039-17-000002-index.htm,https://www.sec.gov/Archives/edgar/data/1156039/000115603917000002/antm-2016123110k.htm,82.37503160931693,1.3967910469788716,1.0415268746066668,0.4045537587205364,80.58544047420828,95.16833332135847,-1.6140443775757485,95.16833332135847,60.300879938548775,37918962979.15,49570562979.15,25.73219528986835,1.745310407671383,138.03772471477976,355.3792219226804,1.5106915817735973,1.5106915817735973,2.28160299450203,54.54507370064921,180.45345096159448,464.5788470398313,0.009715455567774,0.0028138955186793,0.6265597360998231,0.2416433759301569,12.820862676056338,2.092975757660832,4.781161872532431,0.745656894679696,0.0045175286068395,0.4649837133550488,0.0,0.0,0.3922078081713993,0.6115762650163815,0.0077325993500934,0.7228915662650602,0.0018549032964807,54.68940673139019,0.00908319824709,0.0093131430593826,-46.650413362376526,15572500000.0,-425700000.0,-10162400000.0,43076500000.0,7897550000.0,11548800000.0,0.0,35.484760335447525,61.00188411819284,0.0,2.5363000665413664,1.4753642662187696,0.0,0.0146770569393316,0.6369731158861304,2017-02-01,1.61,bmo,19863740909.0,2025-04-25,2016-12-31,0.0931677018633539,133.8995238095238,1665332.5714285714
2016-09-30,ELV,USD,1156039,2016-11-02,2016-11-02 10:46:45,2016,Q3,21414900000.0,16922500000.0,4492400000.0,0.2097791724,0,0.0,0.0,0.0,3146000000.0,3146000000.0,20068500000.0,0.0,172900000.0,47400000.0,1382800000.0,0.0645718635,1346400000.0,0.0628721124,-209900000.0,1136500000.0,0.0530705257,518700000.0,617800000.0,0.0288490724,2.3473,2.3044,263200000,268100000,https://www.sec.gov/Archives/edgar/data/1156039/000115603916000028/0001156039-16-000028-index.htm,https://www.sec.gov/Archives/edgar/data/1156039/000115603916000028/antm-20160930x10qforq3.htm,81.36360182370821,2.3472644376899696,3.6607142857142856,3.036094224924012,78.94452887537994,94.0129179331307,-3.1546352583586628,94.0129179331307,59.96618541033435,32981592000.0,46045792000.0,13.346387180317254,1.540123558830534,34.2310243902439,41.27342260042548,1.3329019325740985,1.3329019325740985,2.150175438596491,33.29895284929129,47.79013181110535,57.62206482292579,0.0187316609822836,0.0242286667059613,0.6308629901148552,0.2423947863273079,9.447642464564652,1.9763185006421384,7.78716020821284,1.559566202654581,0.005187742301827,0.2769504694075753,0.0,0.0,0.3971201818636364,0.1706279190451479,0.0076768978608352,0.7201051248357424,0.0019565816324148,70.46379585523209,0.0141851249589938,0.0159122636212376,-51.12367021276596,13835800000.0,-830300000.0,-11648500000.0,41416900000.0,7312050000.0,11480450000.0,0.0,30.38118319487833,59.51301521642783,0.0,2.962359939134044,1.5122742424107023,0.0,0.0249674671236087,0.6246200607902735,2016-11-02,2.47,bmo,21578625714.0,2025-04-25,2016-09-30,-0.0080971659919028,129.1209375,1701097.953125
2016-06-30,ELV,USD,1156039,2016-07-27,2016-07-27 11:38:41,2016,Q2,21456200000.0,17038800000.0,4417400000.0,0.2058798855,0,2617600000.0,351500000.0,2969100000.0,0.0,2969100000.0,20007900000.0,0.0,185700000.0,225800000.0,1859800000.0,0.0866789087,1448300000.0,0.0675003029,1448300000.0,1448300000.0,0.0675003029,667700000.0,780600000.0,0.0363810926,2.97,2.91,263000000,268200000,https://www.sec.gov/Archives/edgar/data/1156039/000115603916000026/0001156039-16-000026-index.htm,https://www.sec.gov/Archives/edgar/data/1156039/000115603916000026/antm-20160630x10qforq2.htm,81.58250950570343,2.968060836501901,2.517110266159696,2.008745247148289,76.67186311787073,92.14296577946769,-5.2787072243346005,92.14296577946769,59.90874524714829,34542420000.0,48530020000.0,11.062778631821676,1.609903897241823,52.17888217522659,65.38409994321408,1.4253936682952597,1.4253936682952597,2.261818029287572,26.09421443165932,73.30818731117824,91.86072307401098,0.0225983008717976,0.0152942382149253,0.6425087481843391,0.2430482059735321,7.521023765996343,1.9725727373581936,7.799138395261174,0.8480655905713553,0.0049475398654755,0.2189341532154752,0.1219973713891555,0.0,0.3999509854423642,0.2019637462235649,0.0062312991116786,0.5921169176262179,0.0020879745714525,78.44382309657269,0.0151693581297732,0.020306602117027,-53.68051330798479,13588300000.0,-1388300000.0,-12269200000.0,41200000000.0,7297200000.0,11669200000.0,0.0,31.01942562056655,62.17409676737798,0.0,2.9014076888750657,1.4475481700479151,0.0,0.0322114749768915,0.5083650190114068,2016-07-27,3.23,bmo,20811869669.0,2025-04-25,2016-06-30,0.0309597523219814,136.8271875,1844486.75
2016-03-31,ELV,USD,1156039,2016-04-27,2016-04-27 10:52:32,2016,Q1,20288500000.0,15776300000.0,4512200000.0,0.2224018533,0,2850300000.0,349900000.0,3200200000.0,0.0,3200200000.0,18976500000.0,0.0,187100000.0,225300000.0,1724400000.0,0.0849939621,1312000000.0,0.064667176,1312000000.0,1312000000.0,0.064667176,609000000.0,703000000.0,0.0346501713,2.67,2.63,262840916,267500000,https://www.sec.gov/Archives/edgar/data/1156039/000115603916000020/0001156039-16-000020-index.htm,https://www.sec.gov/Archives/edgar/data/1156039/000115603916000020/antm-20160331x10qforq1.htm,77.18927596493386,2.6746216331098163,4.962317206351541,4.515278739935604,76.28492665883115,89.58688912802297,-8.0759876822222,89.58688912802297,60.83832092565071,36532258914.84,50659958914.84,12.99155722433855,1.8006387320324324,28.009092168090167,30.78215277623863,1.5514546978116202,1.5514546978116202,2.4969790233304585,29.37831066738576,38.840725994663806,42.68618041358275,0.019243266660262,0.0324863568597424,0.6711527109495437,0.2474792001716289,8.19282069125493,2.0143331288207507,7.012292891501871,1.855334281650071,0.004672582672698,0.2428165007112375,0.140488454050324,0.0,0.4019781173121282,0.0900866365100053,0.005791458215245,0.5215268530847759,0.0018532666288784,73.4251197708146,0.013711775743225,0.0184084904252282,-56.54113988858569,13722000000.0,-2122700000.0,-13061500000.0,41390100000.0,7270050000.0,11228100000.0,0.0,31.936170737117084,65.99037797202134,0.0,2.818121206228384,1.363835194854594,0.0,0.0298550564613052,0.4470384664159365,2016-04-27,3.32,bmo,19467578034.0,2025-04-25,2016-03-31,0.0421686746987952,133.63032786885245,1781717.3278688523
2015-12-31,ELV,USD,1156039,2016-02-19,2016-02-19 10:48:08,2015,Q4,20187900000.0,7278800000.0,12909100000.0,0.6394473918,0,2918400000.0,350000000.0,3268400000.0,9266400000.0,12534800000.0,19813600000.0,0.0,179700000.0,57500000.0,431800000.0,0.0213890499,374300000.0,0.0185408091,-2185700000.0,374300000.0,0.0185408091,193400000.0,180900000.0,0.0089608132,0.69,0.68,261238188,268000000,https://www.sec.gov/Archives/edgar/data/1156039/000115603916000018/0001156039-16-000018-index.htm,https://www.sec.gov/Archives/edgar/data/1156039/000115603916000018/antm-2015123110kforq4.htm,77.27775236291258,0.692471500376507,3.6330829243081415,2.753043134719645,72.93190993959888,88.21106966183673,-10.243908137963352,88.21106966183673,61.41598256683667,36427052934.72,50178052934.72,50.34142196616916,1.8044003058624225,38.38062684092298,50.64940619399333,1.5807539862576538,1.5807539862576538,2.4855508960674464,116.20669970986567,52.86908959511115,69.76926158887653,0.0049660893601298,0.0197435680917932,0.68844085904852,0.2570490198937745,31.84576192681797,2.099028956346776,2.0829159710628824,5.246545052515202,0.0044774415402829,0.9016030956329464,0.1445618414991158,0.0,0.4167387690423184,0.242229480560531,0.0113880096493444,0.9939472546476438,0.0018426879467403,37.07266060815361,0.0036410331758705,0.0050253350223348,-54.0330650279966,13819300000.0,-2676100000.0,-12280300000.0,41559300000.0,6949800000.0,10646000000.0,0.0,32.72613793410905,134.63400560531957,0.0,2.7500953574542284,0.6684789596458681,0.0,0.0078501655521369,0.8800397895884962,2016-01-27,1.2,bmo,21250421052.0,2025-04-25,2015-12-31,-0.05,137.75640625,2081874.1875
2015-09-30,ELV,USD,1156039,2015-10-28,2015-10-28 11:23:33,2015,Q3,19901600000.0,15691600000.0,4210000000.0,0.2115407806,0,2721300000.0,359100000.0,3080400000.0,0.0,3080400000.0,18772000000.0,0.0,164800000.0,-29200000.0,654800000.0,0.0329018772,1129600000.0,0.0567592555,474800000.0,1129600000.0,0.0567592555,474800000.0,654800000.0,0.0329018772,2.51,2.43,261300000,269200000,https://www.sec.gov/Archives/edgar/data/1156039/000115603915000014/0001156039-15-000014-index.htm,https://www.sec.gov/Archives/edgar/data/1156039/000115603915000014/antm-20150930x10q.htm,76.16379640260237,2.5059318790662077,1.3141982395713738,0.630692690394183,74.48603138155377,88.92499043245311,-9.682357443551473,88.92499043245311,62.856486796785305,36582000000.0,51293800000.0,13.96686010995724,1.838143666840857,106.5288293535236,221.97815533980585,1.5743605854683016,1.5743605854683016,2.577370663665233,78.33506414172267,149.37041351193943,311.248786407767,0.0178995134219014,0.0045049477885298,0.6997559831469137,0.2608397127804978,22.467623701893707,2.188837952643311,6.854368932038835,0.5244349419670128,0.0044557432617134,0.2489309712889431,0.136737749728665,0.0,0.4133448623258619,0.5200931857891672,0.0089741528319331,-6.116438356164384,0.0021304819712987,70.80889272070768,0.0128424640742462,0.0179056317422989,-56.32300038270188,14133500000.0,-2530000000.0,-13077500000.0,41830400000.0,6940700000.0,11007550000.0,0.0,29.66052980664871,59.6692497896964,0.0,3.0343355491858266,1.5083145894611376,0.0,0.0281802884305025,0.683505549177191,2015-10-28,2.33,bmo,16985614652.0,2025-04-25,2015-09-30,0.1716738197424892,150.28515625,2157576.4375
2015-06-30,ELV,USD,1156039,2015-07-29,2015-07-29 09:53:14,2015,Q2,20015500000.0,15416700000.0,4598800000.0,0.2297619345,0,2677000000.0,363800000.0,3040800000.0,0.0,3040800000.0,18457500000.0,0.0,154100000.0,491500000.0,2049500000.0,0.1023956434,1558000000.0,0.0778396743,698900000.0,1558000000.0,0.0778396743,698900000.0,859100000.0,0.0429217357,3.27,3.13,263100000,274300000,https://www.sec.gov/Archives/edgar/data/1156039/000115603915000011/0001156039-15-000011-index.htm,https://www.sec.gov/Archives/edgar/data/1156039/000115603915000011/antm-20150630x10q.htm,76.07563664006081,3.265298365640441,4.4583808437856325,3.9228430254656015,75.30558722919042,87.65716457620677,-10.469783352337512,87.65716457620677,63.806157354618016,43185234000.0,58265534000.0,12.566998603189385,2.157589568084734,36.816056265984656,41.84210250944676,1.8725223522066028,1.8725223522066028,2.9110206589892837,28.429145645279338,49.672236999147486,56.453380486386976,0.019893373739737,0.023899372642047,0.7212239730125831,0.2588284539663076,7.358038545986826,1.9767831515760792,10.110317975340688,1.3653823769060645,0.0037952787288358,0.1907810499359795,0.1337463465813994,0.0,0.4017378368537185,0.1201193520886615,0.0070395443531263,0.2866734486266531,0.0020733931203317,80.25025180717921,0.0166165070326643,0.0223452789063272,-60.41942227290003,13408400000.0,-2754600000.0,-14065700000.0,41157000000.0,7418450000.0,11621750000.0,0.0,32.92618220878819,67.78707505497286,0.0,2.733387048316172,1.327686729763945,0.0,0.0372507869884575,0.5355378183200304,2015-07-29,2.77,bmo,17884817741.0,2025-04-25,2015-06-30,0.1191335740072202,159.77428571428572,1838286.3015873013
2015-03-31,ELV,USD,1156039,2015-04-29,2015-04-29 10:38:37,2015,Q1,19051500000.0,14337200000.0,4714300000.0,0.247450332,0,2777000000.0,368200000.0,3145200000.0,0.0,3145200000.0,17482400000.0,0.0,154400000.0,214300000.0,865200000.0,0.0454137469,1569100000.0,0.082360969,703900000.0,1569100000.0,0.082360969,703900000.0,865200000.0,0.0454137469,3.25,3.09,266600000,280400000,https://www.sec.gov/Archives/edgar/data/1156039/000115603915000006/0001156039-15-000006-index.htm,https://www.sec.gov/Archives/edgar/data/1156039/000115603915000006/antm-20150331x10q.htm,71.4609902475619,3.245311327831958,6.19092273068267,5.857839459864966,75.87059264816205,91.27644411102776,-5.739684921230308,91.27644411102776,59.99174793698425,41165706000.0,55608106000.0,11.894852635228848,2.1607593102905285,24.94135474098758,26.359547928539413,1.6916741389725614,1.6916741389725614,2.9188308532136578,64.2719671752196,33.69167282641624,35.607418838445284,0.0210174945135156,0.0379369176858038,0.650908388570865,0.2416531901260183,16.692556634304207,2.0122002524190155,10.162564766839376,1.9076514100785944,0.0040470580050297,0.1925566343042071,0.145762800829331,0.0,0.3946007384127178,0.0538018782187216,0.0046610503109991,0.4143723751749883,0.0014224601737396,81.63921089678126,0.0163756946232,0.0218036112546148,-57.57267441860465,13954800000.0,-1530200000.0,-13470300000.0,41735200000.0,7382850000.0,11072400000.0,0.0,35.49783481615621,73.0171860614346,0.0,2.5353659023461934,1.232586530029746,0.0,0.0355547519345121,0.3330832708177044,2015-04-29,2.67,bmo,16199842356.0,2025-04-25,2015-03-31,0.1760299625468165,142.37524590163935,1836417.163934426
2014-12-31,ELV,USD,1156039,2015-02-24,2015-02-24 13:20:29,2014,Q4,18984300000.0,6348800000.0,12635500000.0,0.665576292,0,2676500000.0,356300000.0,3032800000.0,8715600000.0,11748400000.0,18097200000.0,0.0,153600000.0,208100000.0,1095200000.0,0.0576897752,887100000.0,0.0467280858,-1673000000.0,887100000.0,0.0467280858,380400000.0,506700000.0,0.0266904758,1.9,1.81,266600000,280400000,https://www.sec.gov/Archives/edgar/data/1156039/000115603915000003/0001156039-15-000003-index.htm,https://www.sec.gov/Archives/edgar/data/1156039/000115603915000003/antm-20141231x10k.htm,71.20892723180795,1.9006001500375096,1.144411102775694,0.0041260315078769,73.66579144786196,90.96511627906976,-2.9587396849212304,90.96511627906976,57.004876219054765,33503622000.0,46395822000.0,16.530304914150385,1.764806814051611,109.81193706981315,30457.83818181818,1.3815185990029402,1.3815185990029402,2.443904805549849,42.36287618699781,152.06759095378564,42178.02,0.0151237379648087,3.2832271089973494e-05,0.6203337553038394,0.2439170313394286,11.77154857560263,2.1315772785642944,5.775390625,0.6021314387211367,0.0035100682547098,0.2320899940793369,0.1409849191173759,0.0,0.405992253102083,0.9963946247132088,0.0160132319864308,1.4608361364728495,0.0022755645454401,62.369760758592285,0.0101167610391892,0.0138305828661269,-46.31339084771193,14275300000.0,-788800000.0,-10534300000.0,41259700000.0,6785400000.0,10377400000.0,0.0,34.37714321834358,149.03131300403226,0.0,2.618018589513749,0.603899933415771,0.0,0.02089372528483,1.140285071267817,2015-01-28,1.72,bmo,18874564161.0,2025-04-25,2014-12-31,0.005813953488372,123.56765625,1557442.28125
2014-09-30,ELV,USD,1156039,2014-10-29,2014-10-29 11:07:01,2014,Q3,18557000000.0,14501500000.0,4055500000.0,0.2185428679,0,2594000000.0,374300000.0,2968300000.0,0.0,2968300000.0,17469800000.0,0.0,155300000.0,213500000.0,1300700000.0,0.0700921485,1087200000.0,0.0585870561,456300000.0,1087200000.0,0.0585870561,456300000.0,630900000.0,0.0339979523,2.33,2.22,270512468,270512468,https://www.sec.gov/Archives/edgar/data/1156039/000115603914000013/0001156039-14-000013-index.htm,https://www.sec.gov/Archives/edgar/data/1156039/000115603914000013/wlp-20140930x10q.htm,68.59942588672105,2.3322400060318107,2.23908348653268,1.7237652794620912,74.01359407951577,89.80732082190016,-2.952174463174836,89.80732082190016,56.99774252179756,32358701422.16,45904101422.16,12.822436765794896,1.743746371835965,53.423644414990925,69.39459880368861,1.3319626830558986,1.3319626830558986,2.4736811673309265,35.291843947228415,75.78686052857852,98.44327991027237,0.0194970741183063,0.0144103434163358,0.6282744710628139,0.2459513811228814,10.413930960252172,2.200529644202735,7.000643915003219,0.9600570613409416,0.0036837077744525,0.1889364400063401,0.1397855256776418,0.0,0.4043397971581515,0.2301469374277695,0.0075119900846041,0.652927400468384,0.0019830791615023,68.64892639543467,0.0124161384215425,0.0170672192524942,-48.068209558459245,14370700000.0,-798600000.0,-11423200000.0,41312200000.0,6139750000.0,10725350000.0,0.0,30.648596217060945,63.56321759817949,0.0,2.936512960091148,1.4159132183795815,0.0,0.0259693751543591,0.5153182070705887,2014-10-29,2.27,bmo,17849317796.0,2025-04-25,2014-09-30,0.0396475770925109,114.699375,1808519.90625
2014-06-30,ELV,USD,1156039,2014-07-30,2014-07-30 11:07:55,2014,Q2,18473400000.0,14323900000.0,4149500000.0,0.2246202648,0,2497100000.0,388700000.0,2885800000.0,0.0,2885800000.0,17209700000.0,0.0,145600000.0,212700000.0,731100000.0,0.0395758225,1263700000.0,0.0684064655,532600000.0,1263700000.0,0.0684064655,532600000.0,731100000.0,0.0395758225,2.66,2.56,274470910,286000000,https://www.sec.gov/Archives/edgar/data/1156039/000115603914000011/0001156039-14-000011-index.htm,https://www.sec.gov/Archives/edgar/data/1156039/000115603914000011/wlp-20140630x10q.htm,67.30549332167843,2.663670259263541,3.9020528623598034,3.408375772864235,73.36660923374357,88.81414791826208,-2.8309010962218184,88.81414791826208,54.44219935730165,29535814625.1,42548414625.1,10.099786152749282,1.598829377651109,27.57779143333333,31.572223009192943,1.2116312831040863,1.2116312831040863,2.303225969507508,58.19780416509369,39.72774474799253,45.482003875040085,0.024752999342659,0.0316734111408255,0.6070172991643729,0.2375015247915048,17.798659554096567,2.0196180098747853,8.679258241758241,1.4649158801805495,0.0040797926696627,0.1648201340445903,0.1351727348511914,0.0,0.4037310845601217,0.1265172735760971,0.0073348706789221,0.6370474847202633,0.0027120075351586,72.95794061830023,0.0145808237537194,0.019679835907154,-48.52836681308048,13175300000.0,-777000000.0,-11829600000.0,40158400000.0,5825800000.0,11014550000.0,0.0,29.036831335866705,70.42781644663813,0.0,3.099511753158504,1.277904165439963,0.0,0.0299915083542205,0.493677089495568,2014-07-30,2.26,bmo,17110608196.0,2025-04-25,2014-06-30,0.0796460176991151,103.03857142857144,2179617.904761905
2014-03-31,ELV,USD,1156039,2014-04-30,2014-04-30 13:32:28,2014,Q1,17859400000.0,13867800000.0,3991600000.0,0.2235013494,0,2490700000.0,370800000.0,2861500000.0,0.0,2861500000.0,16729300000.0,0.0,146200000.0,216700000.0,691400000.0,0.0387135066,1130100000.0,0.0632776017,438700000.0,1130100000.0,0.0632776017,438700000.0,701000000.0,0.0392510387,2.49,2.4,281912262,292600000,https://www.sec.gov/Archives/edgar/data/1156039/000115603914000005/0001156039-14-000005-index.htm,https://www.sec.gov/Archives/edgar/data/1156039/000115603914000005/wlp-20140331x10q.htm,63.35091589595347,2.4865892495304087,4.921744056666822,4.440388619917497,70.94796039769281,86.3577193389339,-3.400703442974041,86.3577193389339,53.87137080259389,28064365682.1,41133965682.1,10.00868961558488,1.5714058524978445,20.22656986097297,22.41920888488576,1.1527631896957522,1.1527631896957522,2.303210952333225,59.49373109936361,29.646101392504505,32.85985435540821,0.0249782948220031,0.0446046069303616,0.6178112407733731,0.2438303977433918,18.903095169221867,1.976065036648489,7.729822161422708,1.988392089423904,0.0043970350656707,0.1760342368045649,0.1394615720572919,0.0,0.41020985482812,0.0978018018018018,0.0075982395825167,0.6262113520996769,0.0021725253927903,69.50945239137293,0.0138856811193698,0.0192680345780135,-46.3636271344593,12690700000.0,-958700000.0,-11647600000.0,39806400000.0,5479600000.0,10186850000.0,0.0,28.68153465401973,70.22152035650933,0.0,3.13790740578055,1.281658379697233,0.0,0.0287940588121731,0.4813554367493245,2014-04-30,2.12,bmo,16461707826.0,2025-04-25,2014-03-31,0.0849056603773583,90.4422950819672,3003756.655737705
2013-12-31,ELV,USD,1156039,2014-02-20,2014-02-20 14:47:43,2013,Q4,17570900000.0,7158200000.0,10412700000.0,0.5926105094,0,2150400000.0,387000000.0,2537400000.0,7415500000.0,9952900000.0,17111100000.0,0.0,145800000.0,237700000.0,697500000.0,0.0396963161,459800000.0,0.0261682669,-2174500000.0,459800000.0,0.0261682669,167000000.0,148200000.0,0.0084344001,0.53,0.51,281912262,292600000,https://www.sec.gov/Archives/edgar/data/1156039/000115603914000003/0001156039-14-000003-index.htm,https://www.sec.gov/Archives/edgar/data/1156039/000115603914000003/wlp-20131231x10k.htm,62.32754785245915,0.5256954732958724,0.9676769575918625,0.1220237805760999,66.10780200827163,87.84718984660553,-2.1034913337682344,87.84718984660553,51.92182807571528,26045873886.18,38955373886.18,43.93703422095143,1.482330096135087,95.47607729538124,757.1474966912791,1.051712640567409,1.051712640567409,2.2170391890102383,55.84999840312545,142.79829137162756,1132.4236594819768,0.005689960745707,0.0013207466238348,0.5851598210392002,0.243251726829432,18.508243727598565,2.1165111296063466,3.15363511659808,0.7372972972972973,0.0042425145910973,0.7456140350877193,0.1223841692798889,0.0,0.42565527197039,0.873900293255132,0.0135678878145114,1.0029448885149348,0.0024073894905781,32.23460215347449,0.005951425150869,0.00433126901506,-43.35364809353344,12610100000.0,-593000000.0,-10905000000.0,39769800000.0,5226150000.0,9486000000.0,0.0,26.981714084082206,120.11609063731106,0.0,3.335592383772804,0.7492751347673627,0.0,0.0059842036405924,0.8456531770157625,2014-01-29,0.87,bmo,17570900000.0,2025-04-25,2013-12-31,0.0,88.8546875,2123009.09375
2013-09-30,ELV,USD,1156039,2013-10-23,2013-10-23 14:12:58,2013,Q3,17969800000.0,14507000000.0,3462800000.0,0.1927010874,0,2202700000.0,377300000.0,2580000000.0,0.0,2580000000.0,17087000000.0,0.0,151500000.0,66600000.0,1262300000.0,0.0702456343,882800000.0,0.0491268684,879700000.0,882800000.0,0.0491268684,226600000.0,656200000.0,0.0365168227,2.22,2.16,296188115,304500000,https://www.sec.gov/Archives/edgar/data/1156039/000115603913000003/0001156039-13-000003-index.htm,https://www.sec.gov/Archives/edgar/data/1156039/000115603913000003/wlp-20130930x10q.htm,60.670226420124926,2.215483899480572,4.717947578686606,4.182477072045919,66.64244444784694,83.75791851067353,-5.439448507243446,83.75791851067353,50.696159769948906,24764288295.15,37442688295.15,9.434733425460989,1.3781059497128516,17.721689061936452,19.99054592763158,0.9982339758042736,0.9982339758042736,2.0836452434167327,29.662273861324568,26.794538639723772,30.22496633447691,0.0264978339849368,0.0500236463586403,0.5991631765431452,0.2466517875662714,10.043888140695556,2.3274749493383635,5.827062706270628,2.1295336787564767,0.0044984131452635,0.1697653154526059,0.1225778806664514,0.0,0.4383947165365436,0.1134964934879061,0.0088259190419481,0.6862829943747295,0.0022593462364634,64.61576586309309,0.0131489040242218,0.0193887892495929,-39.93492446514946,14215000000.0,-1611100000.0,-10532100000.0,42440700000.0,5305200000.0,9431700000.0,0.0,25.966566127614108,58.43144688770938,0.0,3.465995448057709,1.540266496788236,0.0,0.0264510381689851,0.5354705066406867,2013-10-23,1.82,bmo,15573826666.0,2025-04-25,2013-09-30,0.1538461538461538,85.70390625,1936774.171875
2013-06-30,ELV,USD,1156039,2013-07-24,2013-07-24 14:07:15,2013,Q2,17795600000.0,14114600000.0,3681000000.0,0.206848884,0,2093800000.0,376700000.0,2470500000.0,0.0,2470500000.0,16585100000.0,0.0,151900000.0,228000000.0,1438500000.0,0.0808345883,1210500000.0,0.0680224325,1208100000.0,1210500000.0,0.0680224325,410400000.0,800100000.0,0.044960552,2.67,2.64,299500000,303200000,https://www.sec.gov/Archives/edgar/data/1156039/000119312513300316/0001193125-13-300316-index.htm,https://www.sec.gov/Archives/edgar/data/1156039/000119312513300316/d571188d10q.htm,59.41769616026711,2.6714524207011685,1.4196994991652754,0.945575959933222,63.58196994991653,81.91151919866444,-6.491485809682804,81.91151919866444,50.060100166944906,24454175000.0,37947975000.0,7.640974565679291,1.3741697385870664,57.51217074317969,86.34948799435028,0.9968072964434934,0.9968072964434934,2.132435826833599,26.380239833159543,89.24735418626528,133.99708686440678,0.0327183395064441,0.0115808445797087,0.6049566901049628,0.2489603655621407,9.380465762947514,2.220764015574373,7.969058591178407,0.5314335708036495,0.0046086200004702,0.1408573928258967,0.1176582975566994,0.0,0.4441482714137854,0.3339604891815616,0.0079795005506979,0.6228070175438597,0.0023376564993593,70.16773717705384,0.0162148030755636,0.0241462354688009,-39.95876460767946,13450500000.0,-1944200000.0,-10611200000.0,41696700000.0,5226450000.0,9298550000.0,0.0,27.440603295196563,60.22423589758122,0.0,3.279811272070478,1.494414975277663,0.0,0.0326138795475389,0.4741235392320534,2013-07-24,2.11,bmo,14441813846.0,2025-04-25,2013-06-30,0.2322274881516589,74.83921875,1975181.484375
2013-03-31,ELV,USD,1156039,2013-04-24,2013-04-24 15:23:22,2013,Q1,17687200000.0,14035100000.0,3652100000.0,0.2064826541,0,1979100000.0,385900000.0,2365000000.0,0.0,2365000000.0,16400100000.0,0.0,153500000.0,212000000.0,1499100000.0,0.0847562079,1287100000.0,0.0727701389,1282500000.0,1287100000.0,0.0727701389,401900000.0,885200000.0,0.050047492,2.92,2.89,303200000,305900000,https://www.sec.gov/Archives/edgar/data/1156039/000119312513170158/0001193125-13-170158-index.htm,https://www.sec.gov/Archives/edgar/data/1156039/000119312513170158/d522011d10q.htm,58.33509234828496,2.9195250659630605,3.156002638522428,2.8014511873350925,64.31860158311346,80.20448548812665,-7.345976253298153,80.20448548812665,49.25098944591029,20447808000.0,33561908000.0,5.774911884319928,1.156079424668687,21.3688034277354,24.07323757946786,0.8408507278559092,0.8408507278559092,1.8975252159753944,22.38803815622707,35.073579266381024,39.51248881563457,0.043290703825075,0.0415399049130351,0.6077555720042767,0.248775429819925,8.747982122606897,2.278054851262619,8.385016286644952,1.0809986443741528,0.0055458267213776,0.1281066425666516,0.1118944773621602,0.0,0.4468258804280862,0.1123419375065315,0.0060778416029671,0.5070754716981132,0.0012155683205934,72.5849683486069,0.0179224023955926,0.0269358220263941,-38.980458443271765,13761200000.0,-2227300000.0,-10562100000.0,42044600000.0,4935300000.0,9212700000.0,0.0,25.580023972138044,58.68843114762274,0.0,3.518370432257166,1.533521994711654,0.0,0.0364010198207089,0.3545514511873351,2013-04-24,2.38,bmo,14318209523.0,2025-04-25,2013-03-31,0.2352941176470588,63.50933333333333,2159891.0
2012-12-31,ELV,USD,1156039,2013-02-22,2013-02-22 13:56:49,2012,Q4,15536100000.0,6316400000.0,9219700000.0,0.5934372204,0,2001800000.0,410400000.0,2412200000.0,6326100000.0,8738300000.0,15054700000.0,0.0,151500000.0,193100000.0,674500000.0,0.0434150141,481400000.0,0.0309858974,-52354600000.0,481400000.0,0.0309858974,17200000.0,464200000.0,0.0298787984,1.53,1.52,303200000,305900000,https://www.sec.gov/Archives/edgar/data/1156039/000119312513071165/0001193125-13-071165-index.htm,https://www.sec.gov/Archives/edgar/data/1156039/000119312513071165/d484484d10k.htm,51.24043535620053,1.5310026385224274,2.505936675461742,1.945910290237467,63.99406332453826,78.50494722955145,-5.780343007915567,78.50494722955145,49.8990765171504,18470944000.0,30973544000.0,9.947729426971136,1.1889048088001493,24.31027112397999,31.306684745762716,0.7760020501875838,0.7760020501875838,1.9936498863936247,45.920747220163086,40.765390892340086,52.49753220338983,0.0251313630748921,0.0319420599185401,0.6292521436643742,0.2540547600389446,18.53610081541883,2.2088256461178277,3.1775577557755774,1.6367944851357177,0.0047155142693302,0.1876346402412753,0.1288482952607153,0.0,0.4334683506515094,0.2234798631218741,0.0109293838221947,0.8793371310201968,0.001467549771178,52.00292136288029,0.0095151418252182,0.0138981619815509,-39.96396767810026,13269400000.0,-1752600000.0,-10906200000.0,40542000000.0,4774750000.0,4636600000.0,0.0,28.05819993434645,132.1303274016845,0.0,3.2076184577268503,0.6811456670836389,0.0,0.0195019892701248,0.5600263852242744,2013-01-23,0.95,bmo,14329412621.0,2025-04-25,2012-12-31,0.0842105263157895,59.15016129032258,3003513.1129032257
2012-09-30,ELV,USD,1156039,2012-11-07,2012-11-07 13:40:15,2012,Q3,15353100000.0,12248800000.0,3104300000.0,0.2021936938,0,1688400000.0,390200000.0,2078600000.0,0.0,2078600000.0,14327400000.0,0.0,133600000.0,63900000.0,1223200000.0,0.0796712065,1025700000.0,0.0668073549,1025700000.0,1025700000.0,0.0668073549,334500000.0,691200000.0,0.0450202239,2.2,2.15,314012463,321900000,https://www.sec.gov/Archives/edgar/data/1156039/000119312512456839/0001193125-12-456839-index.htm,https://www.sec.gov/Archives/edgar/data/1156039/000119312512456839/d432590d10q.htm,48.89328230261994,2.201186517873974,0.7649377916570146,0.2901158735218735,70.48096049614439,75.84571571606698,3.6205569331176513,75.84571571606698,43.697310192430166,18206442604.74,29352242604.74,6.585084854144965,1.185847978892862,75.79701334196503,199.85118117167943,0.7644466065433627,0.7644466065433627,1.911812116428604,23.99627420269784,122.19917820457952,322.1980527413831,0.0379645829229729,0.0050037232411499,0.5705246362815695,0.2434326622821711,9.112001308044473,26.417856088197656,7.677395209580839,0.347511574074074,0.0049817529964028,0.1312210648148148,0.1099712761592121,0.0,0.4063141035402621,0.6207327227310575,0.0097113937901791,0.797752808988764,0.00339996482795,61.289377176113874,0.0125685981430769,0.0208580403943473,-20.190281428415787,25822000000.0,1136900000.0,-5163500000.0,50038100000.0,4834800000.0,0.0,0.0,27.586611172987865,0.0,0.0,3.262452188695282,0.0,0.0,0.0290218965843008,0.474821918135141,2012-11-07,1.84,bmo,13516604784.0,2025-04-25,2012-09-30,0.1358695652173911,58.65285714285714,3554087.603174603
2012-06-30,ELV,USD,1156039,2012-07-25,2012-07-25 11:03:55,2012,Q2,15407300000.0,12276900000.0,3130400000.0,0.2031764164,0,1688800000.0,393000000.0,2081800000.0,0.0,2081800000.0,14358700000.0,0.0,117600000.0,182000000.0,1348200000.0,0.0875039754,1048600000.0,0.0680586475,1048600000.0,1048600000.0,0.0680586475,405000000.0,643600000.0,0.0417724066,1.96,1.94,327700000,331200000,https://www.sec.gov/Archives/edgar/data/1156039/000119312512313785/0001193125-12-313785-index.htm,https://www.sec.gov/Archives/edgar/data/1156039/000119312512313785/d383349d10q.htm,47.0164784864205,1.9639914555996336,1.5913945682026245,1.279523954836741,61.99145559963381,72.15074763503205,3.0006103143118708,72.15074763503205,34.38175160207507,20903983000.0,30100183000.0,8.119943676196396,1.3567583548058388,40.08433940556088,49.85447889339376,0.8841211226621778,0.8841211226621778,1.9536312656987271,22.32620011867676,57.71847171620326,71.78674695921774,0.0307883909013894,0.0200583783482793,0.4715527960818481,0.2044430182451636,6.8210947930574095,9.28833363953702,8.916666666666666,0.810285891858297,0.0044728318043503,0.1452765692977004,0.1096103794954339,0.0,0.4155221417438342,0.1959731543624161,0.0066332193181154,0.5615384615384615,0.0025312676458561,56.46527842030348,0.0121831177878062,0.0201916892814004,-20.915166310649983,22556700000.0,983300000.0,-5613000000.0,46695600000.0,4814450000.0,1404950000.0,0.0,28.99430789301176,0.0,0.0,3.104057538883069,0.0,0.0,0.0272206667286984,0.3118706133658834,2012-07-25,2.08,bmo,15709403921.0,2025-04-25,2012-06-30,-0.0192307692307692,68.51714285714286,3085142.8412698414
2012-03-31,ELV,USD,1156039,2012-04-25,2012-04-25 16:51:07,2012,Q1,15415200000.0,11939700000.0,3475500000.0,0.2254592869,0,1772400000.0,393300000.0,2165700000.0,0.0,2165700000.0,14105400000.0,0.0,109100000.0,178700000.0,1597600000.0,0.1036379677,1309800000.0,0.0849680835,1309800000.0,1309800000.0,0.0849680835,453300000.0,856500000.0,0.0555620427,2.58,2.53,331807383,339000000,https://www.sec.gov/Archives/edgar/data/1156039/000119312512182273/0001193125-12-182273-index.htm,https://www.sec.gov/Archives/edgar/data/1156039/000119312512182273/d321993d10q.htm,46.45827907934165,2.5813168840790985,3.6861747588057736,3.31306672582388,59.43689324116095,70.90981456551857,5.399819569415669,70.90981456551857,28.879405615878053,24487384865.4,31681584865.4,7.147514554991242,1.58852203444652,20.020754529801323,22.275434244883105,1.040758609399704,1.040758609399704,2.055217244369194,19.830736645843764,25.90269386427929,28.819780647139087,0.0349771935512073,0.0448925030599441,0.4026325632002176,0.180455839913137,4.503129694541813,4.478934028798119,12.005499541704856,1.4280210157618214,0.0039122184964456,0.1118505545826036,0.1149774248793398,0.0,0.4140599849513777,0.1012182160085029,0.008031034303804,0.6927811975377728,0.0021083086823395,64.17488438369055,0.0178205461638491,0.0278447844264267,-17.32187194882279,18942100000.0,1791700000.0,-4581200000.0,42133400000.0,4558950000.0,5711500000.0,0.0,27.237856141989724,21.180682931731955,0.0,3.3042248086939745,4.249154774191252,0.0,0.0364028153210588,0.3731080329818942,2012-04-25,2.27,bmo,14954061538.0,2025-04-25,2012-03-31,0.0308370044052862,67.23903225806451,3318691.3870967743
2011-12-31,ELV,USD,1156039,2012-02-22,2012-02-22 16:09:42,2011,Q4,15317700000.0,6403900000.0,8913800000.0,0.5819280963,0,1817200000.0,411200000.0,2228400000.0,6207200000.0,8435600000.0,14839500000.0,0.0,112600000.0,179800000.0,133400000.0,0.0087088793,478200000.0,0.0312187861,478200000.0,478200000.0,0.0312187861,142900000.0,335300000.0,0.0218897093,1.01,0.99,331807383,339000000,https://www.sec.gov/Archives/edgar/data/1156039/000119312512072739/0001193125-12-072739-index.htm,https://www.sec.gov/Archives/edgar/data/1156039/000119312512072739/d277395d10k.htm,46.16443389989306,1.0105260376318992,0.1744988296417744,-0.3833549418036909,54.63862749551899,70.18590059522576,4.514064715672707,70.18590059522576,29.995715918111443,21982239123.75,29620839123.75,16.389978469840443,1.435087455933332,379.6587068005181,-172.8163453125,0.943921776854802,0.943921776854802,1.9337654558941613,222.04527079272864,511.5861679404145,-232.8682321049528,0.0152532232095381,-0.0057864896876028,0.4225401705584802,0.1886425679406171,57.26086956521739,2.0690757827031088,4.246891651865009,0.1726811810319117,0.0038986019357513,0.2555920071577691,0.1186339985768098,0.0,0.4177351082755659,3.1968911917098444,0.0120840596173054,1.0294771968854282,0.0023959210586445,39.94753184600641,0.0078665340327893,0.0110394826950429,-22.320329141078812,11668000000.0,1497800000.0,-6292900000.0,34876500000.0,4414700000.0,4306550000.0,0.0,26.161499441822208,121.04795515232904,0.0,3.440169788438216,0.7435069835483159,0.0,0.0143978495547101,0.5578537714454654,2012-01-25,1.12,bmo,17329115151.0,2025-04-25,2011-12-31,-0.1160714285714286,66.91555555555556,2662462.238095238
2011-09-30,ELV,USD,1156039,2011-10-26,2011-10-26 13:12:32,2011,Q3,15398000000.0,12233200000.0,3164800000.0,0.2055331861,0,1716600000.0,403000000.0,2119600000.0,0.0,2119600000.0,14352800000.0,0.0,108200000.0,151900000.0,1305300000.0,0.0847707494,1045200000.0,0.0678789453,1045200000.0,1045200000.0,0.0678789453,362000000.0,683200000.0,0.0443693986,1.92,1.9,356000000,360400000,https://www.sec.gov/Archives/edgar/data/1156039/000119312511281687/0001193125-11-281687-index.htm,https://www.sec.gov/Archives/edgar/data/1156039/000119312511281687/d235859d10q.htm,43.252808988764045,1.9191011235955056,4.016292134831461,3.657303370786517,56.65280898876404,66.62387640449438,5.272471910112359,66.62387640449438,28.38370786516854,23239680000.0,30727680000.0,8.503981264637003,1.5092661384595405,16.253797733948804,17.84921658986175,0.9798289070372416,0.9798289070372416,1.99556306013768,23.54070328660078,21.49089383130508,23.60036866359447,0.0293979951531174,0.0560248678122934,0.4214671495608839,0.1902268129910808,5.73661227304068,8.147243336541973,9.65988909426987,2.092798594847775,0.0037952329808327,0.1290983606557377,0.1114820106507338,0.0,0.4156259098494954,0.0893831305077633,0.0082997791921028,0.8413429888084266,0.0024158981685933,53.63584632956255,0.0134194176931251,0.0222476944719428,-15.114606741573034,21532500000.0,1877000000.0,-4286600000.0,44690500000.0,4318000000.0,0.0,0.0,25.582023639433693,0.0,0.0,3.518095412173277,0.0,0.0,0.0288050054599651,0.3589887640449438,2011-10-26,1.68,bmo,14615050847.0,2025-04-25,2011-09-30,0.0535714285714286,66.64828125,3801567.609375
2011-06-30,ELV,USD,1156039,2011-07-27,2011-07-27 11:07:03,2011,Q2,15100700000.0,12082200000.0,3018500000.0,0.1998913958,0,1605500000.0,405600000.0,2011100000.0,0.0,2011100000.0,14093300000.0,0.0,103600000.0,154800000.0,1265800000.0,0.0838239287,1007400000.0,0.0667121392,1007400000.0,1007400000.0,0.0667121392,305800000.0,701600000.0,0.0464614223,1.92,1.89,366100000,371500000,https://www.sec.gov/Archives/edgar/data/1156039/000119312511198437/0001193125-11-198437-index.htm,https://www.sec.gov/Archives/edgar/data/1156039/000119312511198437/d10q.htm,41.24747336793226,1.9164162797049984,2.10816716744059,1.822179732313576,53.42474733679322,66.05107894018028,8.287899481016115,66.05107894018028,24.452335427478832,28837697000.0,35986297000.0,10.27569020809578,1.909692729476117,37.36420963980305,43.22844700944386,1.192561897003056,1.192561897003056,2.3830880025429284,28.42968636435456,46.62645374449339,53.94438165192625,0.0243292659604544,0.0231329152255119,0.3659191193194741,0.1739168035976822,5.647495654921789,14.938534872052182,9.723938223938225,1.1000570125427591,0.0031590594769062,0.1298460661345496,0.1063195745892574,0.0,0.4156498392207118,0.1356569059341798,0.0069334534160668,0.6763565891472868,0.002536306263948,53.36741203106473,0.0140773007538258,0.0235989788127184,-10.769461895656924,22223600000.0,3034200000.0,-2877900000.0,44583600000.0,4239550000.0,1333700000.0,0.0,25.384783486858225,0.0,0.0,3.545431066867017,0.0,0.0,0.0290141555664914,0.2859874351270144,2011-07-27,1.8,bmo,14853147540.0,2025-04-25,2011-06-30,0.0166666666666666,75.81079365079366,2866726.1746031744
2011-03-31,ELV,USD,1156039,2011-04-27,2011-04-27 11:39:51,2011,Q1,14894300000.0,11390700000.0,3503600000.0,0.2352309273,0,1679500000.0,397000000.0,2076500000.0,0.0,2076500000.0,13467200000.0,0.0,105900000.0,150700000.0,1683700000.0,0.1130432447,1427100000.0,0.0958151776,1427100000.0,1427100000.0,0.0958151776,500500000.0,926600000.0,0.0622117186,2.51,2.44,368668482,379300000,https://www.sec.gov/Archives/edgar/data/1156039/000119312511111114/0001193125-11-111114-index.htm,https://www.sec.gov/Archives/edgar/data/1156039/000119312511111114/d10q.htm,40.400253146673926,2.513369179196609,3.0241261578742717,2.747726072227677,53.00968472808045,65.0397339906046,7.5230190141396465,65.0397339906046,24.70268125605595,25729373358.780003,32328573358.780003,6.941877120327002,1.727464423220964,23.07774092634317,25.39918396720632,1.0730363689691844,1.0730363689691844,2.170533248207704,19.200910707833938,28.99683680938201,31.91369531962488,0.0360133139303139,0.0393713436341549,0.3753925456979494,0.1767783495031226,3.919463087248322,5.692257940880563,13.475920679886686,1.2032160587092595,0.0036067726448663,0.1001510900064752,0.1127612576623272,0.0,0.4164460505125889,0.0913983316889407,0.0068415434092236,0.6761778367617783,0.0015173589896806,60.6469241906831,0.0196302746035176,0.0311845833866201,-11.479080004457773,19588300000.0,2773500000.0,-3177000000.0,41979000000.0,4086200000.0,2804800000.0,0.0,25.499083542026145,21.07561431694277,0.0,3.5295386146591152,4.270338157006823,0.0,0.0386435956143314,0.2764000856465946,2011-04-27,1.87,bmo,11852060000.0,2025-04-25,2011-03-31,0.2566844919786096,65.08290322580645,3125672.2741935486
2010-12-31,ELV,USD,1156039,2011-02-17,2011-02-17 16:42:39,2010,Q4,14647900000.0,5056400000.0,9591500000.0,0.6548037603,0,1963200000.0,404100000.0,2367300000.0,6445300000.0,8839400000.0,13895800000.0,0.0,113000000.0,522600000.0,786900000.0,0.0537210112,752100000.0,0.051345244,0.0,752100000.0,0.051345244,203300000.0,548800000.0,0.0374661214,1.49,1.45,368668482,379300000,https://www.sec.gov/Archives/edgar/data/1156039/000119312511039172/0001193125-11-039172-index.htm,https://www.sec.gov/Archives/edgar/data/1156039/000119312511039172/d10k.htm,39.73190200728903,1.4886002649936318,1.5922163913106084,1.272688127432602,51.85037759750778,64.59082119203237,6.919224518899883,64.59082119203237,24.59309770885161,20962489886.52,28127389886.52,9.549239197576531,1.431091821115655,35.711226382487226,44.67708841969309,0.8803108390734317,0.8803108390734317,1.920233609358338,35.744554437056806,47.91718890378194,59.94754877774936,0.0261800961131486,0.0223828372745797,0.3760068199188665,0.1784782396360947,9.105223027068243,4.972109063476668,6.65575221238938,1.069606413994169,0.0,0.0,0.1340260378620826,0.0,0.4238192912059545,0.2006814310051107,0.0080421084250984,0.2254114045158821,0.0026898053645915,46.51207428946652,0.0118446128378509,0.0189862031745153,-11.59395285653955,18428600000.0,2550900000.0,-3286200000.0,40845800000.0,4018650000.0,2847450000.0,0.0,24.28505109947501,52.3688790443794,0.0,3.705983554712207,1.7185779348786625,0.0,0.0230466223763889,0.3195282638780062,2011-01-26,1.23,bmo,13546554135.0,2025-04-25,2010-12-31,0.0813008130081301,56.716875,4173932.953125
2010-09-30,ELV,USD,1156039,2010-11-03,2010-11-03 13:55:24,2010,Q3,14598200000.0,11371400000.0,3226800000.0,0.2210409503,0,1689300000.0,400700000.0,2090000000.0,0.0,2090000000.0,13461400000.0,0.0,106300000.0,24800000.0,1267900000.0,0.0868531737,1136800000.0,0.0778726144,1136800000.0,1136800000.0,0.0778726144,397700000.0,739100000.0,0.0506295297,1.87,1.84,394807753,402200000,https://www.sec.gov/Archives/edgar/data/1156039/000119312510245878/0001193125-10-245878-index.htm,https://www.sec.gov/Archives/edgar/data/1156039/000119312510245878/d10q.htm,36.97546435973865,1.8720503697909905,2.270725418099882,1.99008249972234,5.689351292957006,61.70522188301606,7.699443531444531,61.70522188301606,23.125179104575487,22361911129.92,29139411129.92,7.563899042727641,1.5318266039593924,24.94357069706637,28.461131640473464,0.91791258943013,0.91791258943013,1.9960961714403147,22.98242064036596,32.503526079107644,37.087197568944894,0.0330517367547844,0.0351356373538548,0.3704051851882258,0.1768229595315917,5.345453111444121,0.0,10.694261523988713,1.2129617101880663,0.0,0.0,0.115719746270088,0.0,0.4178110376937005,0.1235917456776352,0.0075899768464605,4.467741935483871,0.0027058130454439,50.98130909944393,0.9164290142591446,0.0248767270830177,-54.104560606235104,0.0,3039800000.0,-26670700000.0,22528600000.0,4454250000.0,2693500000.0,0.0,25.183378772725405,21.78649946356649,0.0,3.573785742264003,4.130998655865151,0.0,0.0303386052697471,0.2806429183775426,2010-11-03,1.58,bmo,13232318390.0,2025-04-25,2010-09-30,0.10126582278481,52.5446875,3848552.59375
2010-06-30,ELV,USD,1156039,2010-07-28,2010-07-28 17:01:37,2010,Q2,14457200000.0,11146100000.0,3311100000.0,0.2290277509,0,1778400000.0,403100000.0,2181500000.0,0.0,2181500000.0,13327600000.0,0.0,100200000.0,60900000.0,1377000000.0,0.0952466591,1129600000.0,0.0781340785,1129600000.0,1129600000.0,0.0781340785,407200000.0,722400000.0,0.0499681819,1.79,1.71,441100000,441100000,https://www.sec.gov/Archives/edgar/data/1156039/000119312510169193/0001193125-10-169193-index.htm,https://www.sec.gov/Archives/edgar/data/1156039/000119312510169193/d10q.htm,32.77533439129449,1.637723872137837,0.5805939696214011,0.3479936522330537,4.597370210836545,53.93448197687599,5.4593062797551575,53.93448197687599,19.607345273180684,21583023000.0,28103723000.0,7.469207848837208,1.4928909470713554,84.27576337368215,140.60601302931596,0.9072118282507724,0.9072118282507724,1.9439257255900173,20.40938489469862,109.73730183522062,183.0861433224756,0.0334707515254003,0.0071120713720223,0.3593283033143482,0.17042663476874,4.735439360929557,1.4030675977310425,11.273453093812376,0.3545127353266888,0.0,0.0,0.1230113714965553,0.0,0.4262838915470494,0.4006247559547052,0.007096809894032,3.976744186046512,0.0029742965442824,44.58049175323944,0.0155386584355943,0.0251028577782719,-46.982146905463615,1968300000.0,2408100000.0,-19517900000.0,24521900000.0,4580200000.0,2660500000.0,0.0,30.02884375951083,21.270848099335197,0.0,2.997118394593362,4.231142998139923,0.0,0.0303650616842857,0.2326003173883473,2010-07-28,1.55,bmo,13418359281.0,2025-04-25,2010-06-30,0.0774193548387096,54.98904761904762,5847582.206349206
2010-03-31,ELV,USD,1156039,2010-04-28,2010-04-28 12:15:47,2010,Q1,15098500000.0,11562600000.0,3535900000.0,0.2341888267,0,1798200000.0,402400000.0,2200600000.0,0.0,2200600000.0,13763200000.0,0.0,99400000.0,27600000.0,1462300000.0,0.0968506805,1335300000.0,0.0884392489,1335300000.0,1335300000.0,0.0884392489,458500000.0,876800000.0,0.0580719939,1.99,1.96,441100000,446600000,https://www.sec.gov/Archives/edgar/data/1156039/000119312510096170/0001193125-10-096170-index.htm,https://www.sec.gov/Archives/edgar/data/1156039/000119312510096170/d10q.htm,34.229199727952846,1.9877578780321925,-0.7320335524824303,-1.0045341192473365,7.994105644978463,55.586488324642936,6.972795284515983,55.586488324642936,19.24665608705509,28398018000.0,33262118000.0,8.097062614051094,1.880850283140709,-87.94678847940538,-64.08941096817873,1.1581951287154555,1.1581951287154555,2.203008113388747,22.746439171168703,-103.01058532053266,-75.06684269916497,0.0308753941912425,-0.0156032016037175,0.3421930568697184,0.1639342020167679,3.32633522532996,1.7226957036128212,13.433601609657948,-0.3682709854014598,0.0,0.0,0.1190979236347981,0.0,0.4189746565613344,-0.3722514710436668,0.0079610557340133,4.355072463768116,0.0009338676027419,49.860613732561525,0.0185070657393433,0.0294847565691687,-45.07588982090229,3298600000.0,3075700000.0,-18798800000.0,25886600000.0,4248600000.0,2840400000.0,0.0,25.85044872007153,20.91251102693166,0.0,3.48156432310282,4.303643875386162,0.0,0.0357597311494665,0.2725005667649059,2010-04-28,1.67,bmo,12930510256.0,2025-04-25,2010-03-31,0.1676646706586826,62.7727868852459,6668090.262295082
2009-12-31,ELV,USD,1156039,2010-02-18,2010-02-18 15:30:26,2009,Q4,19046500000.0,5047700000.0,13998800000.0,0.7349801801,0,2141900000.0,411700000.0,2553600000.0,7105500000.0,9659100000.0,14706800000.0,0.0,103700000.0,28400000.0,4364700000.0,0.2291602132,4339700000.0,0.227847636,0.0,4339700000.0,0.227847636,1597900000.0,2741800000.0,0.1439529572,6.22,6.14,441100000,446600000,https://www.sec.gov/Archives/edgar/data/1156039/000119312510034180/0001193125-10-034180-index.htm,https://www.sec.gov/Archives/edgar/data/1156039/000119312510034180/d10k.htm,43.17955112219451,6.215824076173203,0.0673316708229426,-0.173203355248243,48.85558830197234,56.36658354114713,7.570618907277262,56.36658354114713,19.276354568125143,25711719000.0,29294719000.0,2.3444196330877527,1.3499445567427086,865.7144444444444,-336.54082460732985,1.0341233464584347,1.0341233464584347,1.5380631087076366,6.711737118244095,986.354175084175,-383.43873036649217,0.1066361996255481,-0.0029714077071237,0.3378111513757224,0.1611325764406604,0.8209040712992874,6.263416892007114,41.84860173577628,0.0108322999489386,0.0,0.0,0.1124563568109626,0.0,0.4129253684384196,3.572390572390572,0.0055705772714146,3.7359154929577465,0.0019898669046806,88.78742737009861,0.0570242485124154,0.0895969151838962,-5.875141691226479,21605800000.0,3339400000.0,-1551400000.0,44229300000.0,3718400000.0,2877950000.0,0.0,19.659517496652928,53.3845117578303,0.0,4.577935344309578,1.685882235062289,0.0,0.1102749836103815,0.2405350260711856,2010-01-27,1.02,bmo,16747784482.0,2025-04-25,2009-12-31,0.1372549019607842,52.0403125,5154127.734375
2009-09-30,ELV,USD,1156039,2009-10-28,2009-10-28 16:14:27,2009,Q3,15425100000.0,11911000000.0,3514100000.0,0.2278169996,0,1976300000.0,420600000.0,2396900000.0,0.0,2396900000.0,14307900000.0,0.0,110600000.0,26400000.0,1254200000.0,0.0813090353,1117200000.0,0.0724274073,1117200000.0,1117200000.0,0.0724274073,387000000.0,730200000.0,0.0473384289,1.55,1.53,471500000,476800000,https://www.sec.gov/Archives/edgar/data/1156039/000119312509216157/0001193125-09-216157-index.htm,https://www.sec.gov/Archives/edgar/data/1156039/000119312509216157/d10q.htm,32.71495227995758,1.548674443266172,3.053234358430541,2.8106044538706256,3.907104984093319,48.49925768822906,2.5840933191940616,48.49925768822906,19.03032873806999,22330240000.0,29350240000.0,7.645247877293891,1.4476560929912934,15.51141983884412,16.850467853908842,0.976509791231185,0.976509791231185,1.9027584910308524,23.401562749162817,20.387774381772715,22.147781466948384,0.032700051589235,0.0593455332320655,0.3875473381320132,0.1790433860295974,5.597193430074948,1.5799790097542907,10.10126582278481,1.971514653519584,0.0,0.0,0.1281223460463789,0.0,0.4373756250315672,0.0794665184773548,0.0074164835236076,4.333333333333333,0.0025283466557753,41.1091853510948,0.0156240304520955,0.0262204427527514,-47.36092258748675,1878900000.0,1218400000.0,-21511600000.0,24595500000.0,3654300000.0,2757900000.0,0.0,19.116051111500088,20.868273024934933,0.0,4.708085340170314,4.31276703599102,0.0,0.0319319205506528,0.2426299045599151,2009-10-28,1.37,bmo,11872127528.0,2025-04-25,2009-09-30,0.2992700729927006,52.10171875,4771882.921875
2009-06-30,ELV,USD,1156039,2009-07-29,2009-07-29 16:42:31,2009,Q2,15413200000.0,12017200000.0,3396000000.0,0.2203306257,0,1922300000.0,421200000.0,2343500000.0,0.0,2343500000.0,14360700000.0,0.0,117000000.0,66600000.0,1195700000.0,0.0775763631,1052500000.0,0.0682856253,1052500000.0,1052500000.0,0.0682856253,359000000.0,693500000.0,0.0449939013,1.45,1.43,496000000,496000000,https://www.sec.gov/Archives/edgar/data/1156039/000119312509158214/0001193125-09-158214-index.htm,https://www.sec.gov/Archives/edgar/data/1156039/000119312509158214/d10q.htm,31.075,1.3981854838709675,0.7612903225806451,0.5818548387096775,3.477016129032258,44.864717741935486,0.667741935483871,44.864717741935486,18.72741935483871,25241440000.0,32688640000.0,9.099293439077146,1.6376508447304907,66.84703389830509,87.46167706167707,1.134298900368042,1.134298900368042,2.1208211143695013,27.338496278330684,86.56949152542373,113.26625086625089,0.0274746607166627,0.0114335790668044,0.4121620103447191,0.1858735456780215,6.228318140001672,1.687201430204273,8.995726495726496,0.5444844989185292,0.0,0.0,0.1247177743752108,0.0,0.444260025980711,0.2356991525423729,0.0057742714037318,3.3969465648854964,0.0033672436612773,37.56869620317833,0.0148850726438765,0.0252893598710552,-45.04551411290323,2344800000.0,331200000.0,-21334500000.0,25304700000.0,4479100000.0,2878800000.0,0.0,23.54520800352944,20.6254368738142,0.0,3.8224338466879946,4.363543936092956,0.0,0.0311644774388956,0.1794354838709677,2009-07-29,1.43,bmo,14693917333.0,2025-04-25,2009-06-30,0.0489510489510489,45.3136507936508,4890420.555555556
2009-03-31,ELV,USD,1156039,2009-04-22,2009-04-22 16:25:57,2009,Q1,15143300000.0,11884600000.0,3258700000.0,0.2151908765,0,1933100000.0,432000000.0,2365100000.0,0.0,2365100000.0,14249700000.0,0.0,116100000.0,26100000.0,1035800000.0,0.0683998864,893600000.0,0.059009595,893600000.0,893600000.0,0.059009595,313200000.0,580400000.0,0.038327181,1.17,1.16,496000000,498200000,https://www.sec.gov/Archives/edgar/data/1156039/000119312509084590/0001193125-09-084590-index.htm,https://www.sec.gov/Archives/edgar/data/1156039/000119312509084590/d10q.htm,30.53084677419355,1.1701612903225806,2.403225806451613,2.264314516129032,4.794556451612904,43.36290322580645,-1.439516129032258,43.36290322580645,19.059879032258063,18833120000.0,25792620000.0,8.112129565816678,1.243660232578104,15.79959731543624,16.768871872495772,0.8756332527431654,0.8756332527431654,1.703236414784096,24.90115852481174,21.63810402684564,22.9655596117888,0.0308180482044398,0.0596343038222025,0.4341454342570206,0.188963630329375,6.718961189418807,1.9149996067224249,7.696813092161929,2.0537560303239144,0.0,0.0,0.1276538138978954,0.0,0.4497033277479621,0.0578020134228187,0.0045498669378537,2.6398467432950192,0.0016376879544088,33.78884124668919,0.0125056020960457,0.021343885146068,-44.02071572580645,3489900000.0,-714000000.0,-20602800000.0,26763700000.0,4751300000.0,2930050000.0,0.0,29.27571929500175,22.74573818218535,0.0,3.074219939503441,3.9567851911040086,0.0,0.0269853077924493,0.1389112903225806,2009-04-22,1.25,bmo,11684645061.0,2025-04-25,2009-03-31,0.2960000000000001,39.09377049180328,5817620.016393443
2008-12-31,ELV,USD,1156039,2009-02-19,2009-02-19 15:37:06,2008,Q4,15069600000.0,5541300000.0,9528300000.0,0.6322861921,0,1892300000.0,440800000.0,2333100000.0,6687400000.0,9020500000.0,14561800000.0,0.0,115900000.0,26700000.0,545000000.0,0.0361655253,507800000.0,0.0336969793,0.0,507800000.0,0.0336969793,176400000.0,331400000.0,0.0219912937,0.67,0.67,496000000,498200000,https://www.sec.gov/Archives/edgar/data/1156039/000119312509033022/0001193125-09-033022-index.htm,https://www.sec.gov/Archives/edgar/data/1156039/000119312509033022/d10k.htm,30.38225806451613,0.6681451612903225,1.0026209677419355,0.7814516129032258,4.403024193548387,43.20907258064516,-1.7274193548387098,43.20907258064516,18.05947580645161,20896480000.0,27554180000.0,15.763789981894991,1.3866645431862823,42.01986728332998,53.9124871001032,0.9750267127666028,0.9750267127666028,1.8284612730264904,50.55812844036697,55.40756082847376,71.08921568627451,0.0158591303415694,0.0185485785165731,0.4125477680258682,0.1826656088853629,12.215963302752291,1.749547124890016,4.381363244176014,1.5006035003017502,0.0,0.0,0.125570685353294,0.0,0.4604757536691789,0.2205911924391715,0.0072795561925996,4.108614232209738,0.0017717789456919,25.486731592997742,0.0072760485391916,0.0126901706701589,-43.05458669354839,2896400000.0,-856800000.0,-20210900000.0,26239400000.0,4595000000.0,2827450000.0,0.0,27.33337314859054,46.39434789670294,0.0,3.292678130530732,1.939891475582006,0.0,0.0154630757242775,0.2211693548387096,2009-01-28,1.36,bmo,31530240000.0,2025-04-25,2008-12-31,-0.5220588235294118,38.163125,4521897.640625
2008-09-30,ELV,USD,1156039,2008-10-22,2008-10-22 15:32:18,2008,Q3,14961000000.0,12191400000.0,2769600000.0,0.1851213154,0,1772000000.0,448200000.0,2220200000.0,0.0,2220200000.0,14411600000.0,0.0,118400000.0,71900000.0,694600000.0,0.0464273778,549400000.0,0.0367221442,549400000.0,549400000.0,0.0367221442,-271300000.0,820700000.0,0.0548559588,1.6,1.6,513500000,535440000,https://www.sec.gov/Archives/edgar/data/1156039/000119312508214377/0001193125-08-214377-index.htm,https://www.sec.gov/Archives/edgar/data/1156039/000119312508214377/d10q.htm,29.13534566699124,1.5982473222979552,1.7386562804284322,1.5830574488802336,4.421811100292113,42.20701071080818,-1.565530671859786,42.20701071080818,18.176046738072056,24016395000.0,30960795000.0,7.315826428658463,1.6052666934028474,26.900084005376343,29.54409521466355,1.108109747938708,1.108109747938708,2.069433527170644,44.573560322487765,34.67830981182796,38.08684340017222,0.0341724892516133,0.0338477111156774,0.4251775225738581,0.1851941171978311,9.99769651598042,1.9544873796882545,4.640202702702703,1.0878518338004142,0.0,0.0,0.1184412806630572,0.0,0.451724927952153,0.0894937275985663,0.0053405521021322,2.9813432835820897,0.0026602499832898,38.95879800047585,0.0174765013777624,0.030082767013423,-43.534031158714704,3361800000.0,-803900000.0,-21201400000.0,26858400000.0,2333200000.0,5951550000.0,0.0,27.75195508321636,20.658496973276243,0.0,3.2430147616673533,4.35656089193825,0.0,0.0378668684510434,0.1555988315481986,2008-10-22,1.49,bmo,13932431250.0,2025-04-25,2008-09-30,0.0738255033557047,50.32921875,4019238.96875
2008-06-30,ELV,USD,1156039,2008-07-23,2008-07-23 16:05:19,2008,Q2,15666800000.0,12262200000.0,3404600000.0,0.2173130441,0,1773500000.0,445100000.0,2218600000.0,0.0,2218600000.0,14480800000.0,0.0,116500000.0,-92800000.0,1209700000.0,0.0772142365,1186000000.0,0.0757014834,1186000000.0,1186000000.0,0.0757014834,435500000.0,750500000.0,0.0479038476,1.44,1.44,519700000,522600000,https://www.sec.gov/Archives/edgar/data/1156039/000119312508156255/0001193125-08-156255-index.htm,https://www.sec.gov/Archives/edgar/data/1156039/000119312508156255/d10q.htm,30.14585337694824,1.444102366750048,0.2145468539542043,0.0663844525687896,11.189147585145276,40.897633249951895,-2.634789301520108,40.897633249951895,19.022128150856265,24768902000.0,32264402000.0,8.250800133244503,1.580980289529451,222.1426188340807,717.9391884057972,1.1653486085299585,1.1653486085299585,2.059412387979677,26.67140778705464,289.36683408071747,935.2000579710144,0.0303000916229552,0.001392875630902,0.4596344303559246,0.1916454638368327,6.196164338265686,0.6431569833075768,10.180257510729614,0.1485676215856096,0.0,0.0,0.1132011642454106,0.0,0.4438136452715891,0.6905829596412556,0.0049148517884954,-0.8297413793103449,0.0033510353103377,36.4535087727018,0.0179240145971455,0.0264707023465633,-45.92375408889744,-3255800000.0,-1369300000.0,-23853300000.0,20382200000.0,2568600000.0,5925400000.0,0.0,0.305039957106748,66.82512110388022,0.0,295.0433145009416,1.3467989060595078,0.0,0.0353101696111411,0.1481624013854146,2008-07-23,1.36,bmo,14796422222.0,2025-04-25,2008-06-30,0.0588235294117645,50.8396875,5194967.4375
2008-03-31,ELV,USD,1156039,2008-04-23,2008-04-23 14:41:14,2008,Q1,15553700000.0,12425900000.0,3127800000.0,0.2010968451,0,1804300000.0,444300000.0,2248600000.0,0.0,2248600000.0,14674500000.0,0.0,119000000.0,144700000.0,1142900000.0,0.0734809081,879200000.0,0.0565267428,879200000.0,879200000.0,0.0565267428,291100000.0,588100000.0,0.0378109389,1.08,1.07,542700000,547600000,https://www.sec.gov/Archives/edgar/data/1156039/000119312508087834/0001193125-08-087834-index.htm,https://www.sec.gov/Archives/edgar/data/1156039/000119312508087834/d10q.htm,28.65984890363,1.0836557950985812,1.904919845218353,1.7593513911921872,11.72268288188686,39.62428597751981,-1.980836557950986,39.62428597751981,17.330753639211352,23949351000.0,30683651000.0,10.180815762625404,1.5397848100451983,23.166329077190948,25.08310745705907,1.1137109202431164,1.1137109202431164,1.9727557430064877,26.84718785545542,29.680451731476108,32.13620758273984,0.0245559890119778,0.0398674686424696,0.4318432298956943,0.1801236332743033,5.892291539067285,4.138105567606652,7.388235294117648,1.757864308791022,0.0,0.0,0.1160045519715566,0.0,0.4379554540041159,0.0764171019539562,0.0050791773018638,0.5459571527297857,0.0023788551920121,31.082623125133967,0.012048859240805,0.0202956868645734,-36.62543762668141,8680000000.0,-1075000000.0,-18605600000.0,32261800000.0,4475750000.0,2827850000.0,0.0,29.418659225779077,19.889826893826605,0.0,3.05928286225684,4.524926259058301,0.0,0.0273482731200096,0.1455684540261654,2008-04-23,1.19,bmo,17298040186.0,2025-04-25,2008-03-31,-0.1008403361344536,70.56688524590164,6804957.0
2007-12-31,ELV,USD,1156039,2008-02-21,2008-02-21 16:59:37,2007,Q4,15561400000.0,5537100000.0,10024300000.0,0.6441772591,0,1686300000.0,433400000.0,2119700000.0,6581800000.0,8701500000.0,14238600000.0,0.0,125300000.0,144100000.0,1006000000.0,0.0646471397,1322800000.0,0.0850052052,0.0,1322800000.0,0.0850052052,463700000.0,859100000.0,0.055207115,1.58,1.56,544537037,549626168,https://www.sec.gov/Archives/edgar/data/1156039/000119312508035367/0001193125-08-035367-index.htm,https://www.sec.gov/Archives/edgar/data/1156039/000119312508035367/d10k.htm,28.57730318167504,1.5776704643140738,2.027961231221082,1.825036558532565,11.926094202477543,42.220085022426126,0.6137323584841852,42.220085022426126,16.838524061679205,47772234256.01,54048234256.01,13.90182582237516,3.069918789826751,43.260195830852126,48.07026992957336,2.0779209694485523,2.0779209694485523,3.4732244050027634,53.7258789821173,48.94343408132754,54.38542388409137,0.0179832493367613,0.0208028788160556,0.393377235715777,0.1737207068766807,6.238568588469185,3.536382252559727,10.55706304868316,1.2854149691537655,0.0,0.0,0.1083642859896924,0.0,0.4351940069150979,0.100063388571946,0.0071009035176783,0.7668285912560722,0.011380724099374,38.71318994433281,0.0174790032227611,0.0292173120481026,-36.13133480946311,7431600000.0,334200000.0,-18708000000.0,31083700000.0,4360850000.0,2966850000.0,0.0,22.367267726554164,47.29262610391721,0.0,4.023736877488752,1.9030450921088808,0.0,0.0373677708956781,0.2029246726885172,2008-01-23,1.51,bmo,15561400000.0,2025-04-25,2007-12-31,0.0,81.98671875,2924384.375
2007-09-30,ELV,USD,1156039,2007-10-24,2007-10-24 16:26:40,2007,Q3,15233900000.0,11672600000.0,3561300000.0,0.2337746736,0,1759100000.0,430800000.0,2189900000.0,0.0,2189900000.0,13862500000.0,0.0,119600000.0,146600000.0,1637600000.0,0.1074970953,1371400000.0,0.0900229094,1371400000.0,1371400000.0,0.0900229094,503400000.0,868000000.0,0.0569781868,1.47,1.45,589800000,597000000,https://www.sec.gov/Archives/edgar/data/1156039/000119312507224760/0001193125-07-224760-index.htm,https://www.sec.gov/Archives/edgar/data/1156039/000119312507224760/d10q.htm,25.82892505934215,1.4716853170566293,0.9042048151915903,0.7492370295015259,11.446592065106817,40.13886063072228,1.411495422177009,40.13886063072228,14.957782299084435,46564710000.0,52443210000.0,13.411494815668204,3.056650627875987,87.31428839302457,105.37386286490155,1.9669217999569144,1.9669217999569144,3.4425334287345986,32.02443209574988,98.33716482280144,118.67664630006789,0.0186407259918509,0.0094900193730402,0.3675989169507347,0.1645094395620391,3.589704445530044,3.4688845050215207,11.466555183946488,0.6144009216589862,0.0,0.0,0.1154727285855887,0.0,0.4317869477520666,0.1713857116069754,0.0059997768135539,0.6234652114597544,0.0033806182264554,36.45702766623149,0.0174032994089294,0.0288772152783091,-31.932646659884707,8259900000.0,832500000.0,-17620300000.0,32059100000.0,4928300000.0,2896850000.0,0.0,28.67860495342624,23.3169131127598,0.0,3.1382279628370724,3.859859131642472,0.0,0.036664850320395,0.1549677856900644,2007-10-24,1.44,bmo,15128838620.0,2025-04-25,2007-09-30,0.0069444444444444,79.2520634920635,3711363.873015873
2007-06-30,ELV,USD,1156039,2007-07-25,2007-07-25 14:57:10,2007,Q2,15259800000.0,11682200000.0,3577600000.0,0.2344460609,0,1830700000.0,429600000.0,2260300000.0,0.0,2260300000.0,13942500000.0,0.0,100100000.0,151400000.0,1448700000.0,0.0949357134,1317300000.0,0.0863248535,1317300000.0,1317300000.0,0.0863248535,482100000.0,835200000.0,0.054732041,1.37,1.35,609635036,618666667,https://www.sec.gov/Archives/edgar/data/1156039/000119312507161609/0001193125-07-161609-index.htm,https://www.sec.gov/Archives/edgar/data/1156039/000119312507161609/d10q.htm,25.031041687046347,1.3700000011154214,1.1907124051840092,1.0865517250225756,13.0879945029931,40.98977014831543,3.9310404725492174,40.98977014831543,13.569266055109075,48667164923.88,52634264923.88,14.567518236314656,3.189240024369913,67.04389712616062,73.47096153967391,1.947559103433538,1.947559103433538,3.449210666186975,36.33206662792848,72.50897496057308,79.45994100827295,0.0171614681337269,0.0136108195543351,0.3270345114611346,0.1507950127412393,2.738386139297301,3.94613326848249,13.15984015984016,0.8693413173652694,0.0,0.0,0.1199688069306281,0.0,0.4168774829732388,0.0874776139964182,0.0041612603048532,0.4194187582562748,0.0,35.54588113763032,0.0162412857684566,0.0264288743046282,-28.664158009448787,9691600000.0,2396500000.0,-16224100000.0,33252600000.0,4845900000.0,2621600000.0,0.0,29.502811308142963,21.337076920443067,0.0,3.050556743897807,4.218009820912767,0.0,0.0334229734921244,0.1041606801614335,2007-07-25,1.35,bmo,15259800000.0,2025-04-25,2007-06-30,0.0,81.96126984126985,3598225.095238095
2007-03-31,ELV,USD,1156039,2007-04-25,2007-04-25 16:54:52,2007,Q1,15079200000.0,11701200000.0,3378000000.0,0.2240171892,0,1708600000.0,423000000.0,2131600000.0,0.0,2131600000.0,13832800000.0,0.0,102900000.0,144100000.0,1493400000.0,0.0990370842,1246400000.0,0.0826569049,1246400000.0,1246400000.0,0.0826569049,463300000.0,783100000.0,0.0519324633,1.28,1.26,611796875,621507937,https://www.sec.gov/Archives/edgar/data/1156039/000119312507090286/0001193125-07-090286-index.htm,https://www.sec.gov/Archives/edgar/data/1156039/000119312507090286/d10q.htm,24.647396245690206,1.28,3.2381662622908958,3.145651896309539,11.660242625462905,41.09108926063082,3.864681394457924,41.09108926063082,11.783976503639382,49616726562.5,53321226562.5,15.839843749999998,3.290408414405273,25.045038898844076,25.78161941413354,1.9736639125237672,1.9736639125237672,3.5360779459454084,35.70458454700683,26.914959649941952,27.706534976617306,0.0157829839704069,0.038787323012448,0.2826837553800011,0.1328585957539092,2.480581224052498,3.9483052262481215,12.112730806608358,2.52917145410443,0.0,0.0,0.1133083983235185,0.0,0.425786887820345,0.0285699863712079,0.0037535147753196,0.3927827897293546,0.0026725555732399,34.40092107351441,0.0153502066034703,0.0254963502223727,-28.929495594432385,8828700000.0,2364400000.0,-16526600000.0,32582900000.0,4551100000.0,2588800000.0,0.0,27.98921693458539,19.025740949646192,0.0,3.2155240430749545,4.730433376455369,0.0,0.0311503058943331,0.0925143659813561,2007-04-25,1.26,bmo,15079200000.0,2025-04-25,2007-03-31,0.0,79.3344262295082,3177010.344262295
2006-12-31,ELV,USD,1156039,2007-02-26,2007-02-26 17:15:01,2006,Q4,14555500000.0,4454000000.0,10101500000.0,0.6939988321,0,1830100000.0,424200000.0,2254300000.0,6563400000.0,8817700000.0,13271700000.0,0.0,100000000.0,154700000.0,933600000.0,0.0641407028,1283800000.0,0.0882003366,0.0,1283800000.0,0.0882003366,482700000.0,801100000.0,0.0550376146,1.31,1.29,611796875,621507937,https://www.sec.gov/Archives/edgar/data/1156039/000119312507039867/0001193125-07-039867-index.htm,https://www.sec.gov/Archives/edgar/data/1156039/000119312507039867/d10k.htm,23.79139318094752,1.3094215298173923,2.338848167539267,2.2352190014046736,8.25764270208147,40.16986847145959,2.935778316945473,40.16986847145959,11.628369301494065,48142296093.75,52554396093.75,15.02380979083448,3.3074986152141803,33.644766296561606,35.2046040904936,1.9589309846983616,1.9589309846983616,3.610621146216207,56.29219804386247,36.728210282863934,38.43100262797075,0.0166402532700138,0.0284053755420596,0.2854108513252875,0.1360002636941613,4.725899742930591,2.9347906976744187,12.838,1.786169017600799,0.0,0.0,0.1257325409638968,0.0,0.441681903406502,0.0443077783213362,0.0043557418158084,0.409825468648998,0.016962660162825,34.40180284658634,0.0163921679363383,0.0278206089903872,-30.46366492146597,6239700000.0,1796100000.0,-17534400000.0,30008000000.0,4519800000.0,2704150000.0,0.0,27.284737728006597,54.63852716659183,0.0,3.2985473746232463,1.647189349112426,0.0,0.0325971077238584,0.1036291661345932,2007-01-24,1.27,bmo,14555500000.0,2025-04-25,2006-12-31,0.0,75.89158730158731,2578742.936507937
2006-09-30,ELV,USD,1156039,2006-10-25,2006-10-25 15:49:12,2006,Q3,14425900000.0,10972600000.0,3453300000.0,0.239381945,0,1783000000.0,415700000.0,2198700000.0,0.0,2198700000.0,13171300000.0,0.0,105600000.0,151600000.0,1511800000.0,0.1047976209,1254600000.0,0.0869685774,1254600000.0,1254600000.0,0.0869685774,443800000.0,810800000.0,0.0562044656,1.31,1.29,618931298,628527132,https://www.sec.gov/Archives/edgar/data/1156039/000119312506214673/0001193125-06-214673-index.htm,https://www.sec.gov/Archives/edgar/data/1156039/000119312506214673/d10q.htm,23.307756525830108,1.3099999993860385,0.9931635417150936,0.8999383320893234,7.27754439718122,39.0082066911407,1.968716081958421,39.0082066911407,12.03574617097486,47688656510.9,52802856510.9,14.704198480173902,3.30576646939879,77.5803749973971,85.61697757791742,1.9752253829576616,1.9752253829576616,3.660281612301485,34.92714414003175,85.9002058091752,94.79866519012567,0.0170019467798317,0.0116799264385376,0.3041700837495961,0.1426398778654422,3.3828548749834635,3.120924191674072,11.880681818181818,0.7581401085347804,0.0,0.0,0.1235971412528854,0.0,0.4452802995870578,0.0938669269562388,0.0039997504488454,0.3806068601583113,0.0,33.9082127468038,0.0166216002902835,0.0283900515768943,-31.28994294290802,6205400000.0,1218500000.0,-18209600000.0,30123700000.0,4420050000.0,2315400000.0,0.0,28.866205921294338,22.181342617064324,0.0,3.117832674144676,4.057464038753097,0.0,0.033582676839219,0.0932252096257701,2006-10-25,1.23,bmo,14309562096.0,2025-04-25,2006-09-30,0.008130081300813,76.22412698412698,2496033.396825397
2006-06-30,ELV,USD,1156039,2006-07-26,2006-07-26 15:20:02,2006,Q2,14151900000.0,10756500000.0,3395400000.0,0.239925381,0,1778900000.0,413200000.0,2192100000.0,0.0,2192100000.0,12948600000.0,0.0,103900000.0,150200000.0,1457400000.0,0.1029826384,1203300000.0,0.0850274521,1203300000.0,1203300000.0,0.0850274521,452100000.0,751200000.0,0.0530812117,1.2,1.17,626000000,642051282,https://www.sec.gov/Archives/edgar/data/1156039/000119312506153668/0001193125-06-153668-index.htm,https://www.sec.gov/Archives/edgar/data/1156039/000119312506153668/d10q.htm,22.606869009584663,1.2,0.3210862619808307,0.2629392971246006,6.256549520766773,37.12108626198083,0.4001597444089457,37.12108626198083,12.096964856230032,45554020000.0,51088420000.0,15.160416666666666,3.218933146785944,226.63691542288555,276.75589307411906,1.960341340402276,1.960341340402276,3.6100043103752855,35.05449430492658,254.1712437810945,310.37922235722965,0.0164903119417342,0.0036132925261041,0.3214073621427157,0.1491022482721723,3.7974475092630713,4.171481348452973,11.581328200192493,0.2670741429710337,0.0,0.0,0.1257004359838608,0.0,0.4589034532598149,0.181094527363184,0.0025720927931938,0.2423435419440745,0.0,31.658637511325125,0.0155962902753642,0.0277149550812595,-31.593450479233223,6180900000.0,250500000.0,-18724200000.0,30183100000.0,4353800000.0,2870250000.0,0.0,26.79414071608759,16.119090782317667,0.0,3.3589433209911705,5.583441474175967,0.0,0.0323266402155109,0.05814696485623,2006-07-26,1.14,bmo,13672174576.0,2025-04-25,2006-06-30,0.0350877192982456,71.92746031746032,3669493.777777778
2006-03-31,ELV,USD,1156039,2006-04-26,2006-04-26 16:44:00,2006,Q1,13819700000.0,10474400000.0,3345300000.0,0.2420674834,0,1771200000.0,401400000.0,2172600000.0,0.0,2172600000.0,12647000000.0,0.0,94000000.0,148400000.0,1301600000.0,0.094184389,1172700000.0,0.0848571243,1172700000.0,1172700000.0,0.0848571243,440900000.0,731800000.0,0.0529533926,1.12,1.09,653392857,671376147,https://www.sec.gov/Archives/edgar/data/1156039/000119312506089455/0001193125-06-089455-index.htm,https://www.sec.gov/Archives/edgar/data/1156039/000119312506089455/d10q.htm,21.15067505245164,1.1200000002448756,2.7511779180653027,2.6954687078864104,6.481552338121137,36.904137750621295,1.5837332607999417,36.904137750621295,11.071440286651312,50592208917.51,55592208917.51,17.283482139078302,3.660876062252437,28.14430847658545,28.7259873481206,2.098138710711279,2.098138710711279,4.022678416862161,42.710670649592814,30.92579490293169,31.56496077532932,0.0144646777766353,0.0348116842036214,0.2961070630243562,0.1390032648245814,3.8414259373079287,2.034777744108529,12.475531914893615,2.461117196056955,0.0,0.0,0.1281648660969485,0.0,0.4492900904689316,0.0202492211838006,0.0026339211415587,0.2452830188679245,0.0039508817123381,30.495643484258327,0.0153895654624335,0.0258699925055501,-30.06919924133789,4439300000.0,1034800000.0,-18523400000.0,28564800000.0,4505450000.0,4123050000.0,0.0,29.26952104604297,32.77132819063622,0.0,3.074870950516198,2.746303093864709,0.0,0.0303489003811237,0.0557092101788924,2006-04-26,1.07,bmo,13442799090.0,2025-04-25,2006-03-31,0.0280373831775701,77.07112903225806,2728516.14516129
2005-12-31,ELV,USD,1156039,2006-02-23,2006-02-23 16:12:36,2005,Q4,11432300000.0,3118200000.0,8314100000.0,0.7272464858,0,1486400000.0,376500000.0,1862900000.0,5409800000.0,7272700000.0,10390900000.0,0.0,58000000.0,156500000.0,622100000.0,0.0544159968,1041400000.0,0.091092781,0.0,1041400000.0,0.091092781,389400000.0,652000000.0,0.0570313935,1.0,0.97,653392857,671376147,https://www.sec.gov/Archives/edgar/data/1156039/000119312506037706/0001193125-06-037706-index.htm,https://www.sec.gov/Archives/edgar/data/1156039/000119312506037706/d10k.htm,17.496824272751425,0.9978682702373038,1.4750696914949593,1.4092593607891248,29.875747478518885,38.25125991544165,2.8123968303498,38.25125991544165,10.505012300739002,52134216060.03001,56199916060.03001,19.990113519950157,4.560256121692923,54.092359472950825,56.61839276719158,2.085944363045401,2.085944363045401,4.91588884651645,90.3390388362482,58.31076578131355,61.03379241966768,0.0125061821059945,0.0176621050355824,0.2723111578795748,0.1323971115762607,6.535444462305096,4.89225164349826,17.955172413793104,1.4829973842129558,0.0,0.0,0.1300175817639495,0.0,0.4504505380778598,0.0446150653662585,0.0037612728847213,0.2747603833865815,0.0,29.305608127795843,0.0138802846735684,0.0230798911138879,-5.362968025222841,19123800000.0,1837600000.0,-2375000000.0,43357900000.0,4110150000.0,3014700000.0,0.0,35.555837408045626,127.92284010005774,0.0,2.5312299346839366,0.7035491076464881,0.0,0.0260872000672185,0.0658103307058344,2006-01-25,1.04,bmo,11323420952.0,2025-04-25,2005-12-31,0.0096153846153846,76.08142857142857,2766822.285714286
2005-09-30,ELV,USD,1156039,2005-10-26,2005-10-26 17:27:24,2005,Q3,11304600000.0,8433400000.0,2871200000.0,0.2539851034,0,1477200000.0,370600000.0,1847800000.0,0.0,1847800000.0,10281200000.0,0.0,56100000.0,156800000.0,1236300000.0,0.1093625604,1023400000.0,0.090529519,1023400000.0,1023400000.0,0.090529519,382700000.0,640700000.0,0.0566760434,1.05,1.02,610190476,628137255,https://www.sec.gov/Archives/edgar/data/1156039/000119312505208945/0001193125-05-208945-index.htm,https://www.sec.gov/Archives/edgar/data/1156039/000119312505208945/d10q.htm,18.52634618964456,1.0500000003277663,1.5213282352181452,1.4669189953072947,27.438481357090208,34.800117070329364,4.988278447007422,34.800117070329364,7.266255660142424,46264641890.31999,48479041890.31999,18.052380946745743,4.092550102641402,49.83802853637832,51.6865622727293,2.1787283027459767,2.1787283027459767,4.288434963671425,39.2130080808218,52.22346427913389,54.16047580194391,0.0138485887671823,0.0193473884899405,0.2061578454134035,0.1045905446344097,1.7911510151257786,9.940444358014489,18.24242424242424,1.444150591163659,0.0,0.0,0.1306724696141393,0.0,0.4346109003335276,0.0357643003339437,0.0029368575624082,0.211734693877551,0.0,28.67320641370918,0.0159147306269763,0.0270740808038977,-1.8032893715633804,18389600000.0,3043800000.0,-174400000.0,37547300000.0,3352050000.0,2643700000.0,0.0,29.487288360490417,17.046149832807647,0.0,3.052162643771262,5.279784636574219,0.0,0.0301723123001502,0.0544092399108503,2005-10-26,1.01,bmo,11193770588.0,2025-04-25,2005-09-30,0.0099009900990099,72.17328125,2491806.3125
2005-06-30,ELV,USD,1156039,2005-07-27,2005-07-27 16:55:16,2005,Q2,11299200000.0,8569700000.0,2729500000.0,0.2415657746,0,1465300000.0,367600000.0,1832900000.0,0.0,1832900000.0,10402600000.0,0.0,58900000.0,176400000.0,1131900000.0,0.1001752336,896600000.0,0.0793507505,896600000.0,896600000.0,0.0793507505,337200000.0,559400000.0,0.0495079298,0.92,0.9,608043478,621555556,https://www.sec.gov/Archives/edgar/data/1156039/000119312505150061/0001193125-05-150061-index.htm,https://www.sec.gov/Archives/edgar/data/1156039/000119312505150061/d10q.htm,18.582881666892906,0.9200000003947086,1.0757454420060402,0.9959814090794344,27.32913122373792,33.79972114428304,3.922252414982733,33.79972114428304,7.699120489538414,42344147807.92,45013347807.92,18.923913035359316,3.747535029729538,64.73650482788565,69.92098383077939,2.0603720280035227,2.0603720280035227,3.983764143295101,39.767954596625145,68.81722643008715,74.32851355336855,0.0132107983973967,0.0143018582578896,0.224920566181873,0.1108744510245542,2.3581588479547664,4.559263735242168,15.222410865874364,1.1692885234179478,0.0,0.0,0.1296817473803455,0.0,0.4357455872088421,0.0741476838403913,0.004292339280657,0.2749433106575963,0.0,26.45097782666706,0.0147205877709124,0.0237794639631022,-3.7366982497261487,15314800000.0,2384900000.0,-1522000000.0,34481200000.0,3234950000.0,3383400000.0,0.0,23.89788657604078,38.753865362848174,0.0,3.766023397660234,2.3223489878323083,0.0,0.02721915948559,0.0797640329266059,2005-07-27,0.97,bmo,10960224000.0,2025-04-25,2005-06-30,0.0309278350515464,65.74953125,3320807.84375
2005-03-31,ELV,USD,1156039,2005-05-04,2005-05-04 15:38:11,2005,Q1,11099900000.0,8441900000.0,2658000000.0,0.2394616168,0,1369600000.0,359500000.0,1729100000.0,0.0,1729100000.0,10171000000.0,0.0,53200000.0,144100000.0,1126200000.0,0.1014603735,928900000.0,0.0836854386,928900000.0,928900000.0,0.0836854386,317200000.0,611700000.0,0.0551086046,1.01,0.98,605643564,624183673,https://www.sec.gov/Archives/edgar/data/1156039/000119312505095619/0001193125-05-095619-index.htm,https://www.sec.gov/Archives/edgar/data/1156039/000119312505095619/d10q.htm,18.32744647146948,1.010000000594409,1.1731322550634748,1.111875102828633,26.032803677246704,33.02387937205918,3.4459212052321915,33.02387937205918,7.143475564119096,37961738591.52,40744038591.52,15.514851476017656,3.420007260562707,53.42961096624912,56.37323818164538,1.89802049885854,1.89802049885854,3.670667176417805,36.17833297062688,57.34558563197748,60.50495781336501,0.0161135928620677,0.0177389135741645,0.2136525221617243,0.1055426436046324,2.4705203338660984,6.252218285825722,17.460526315789473,1.1615170835376818,0.0,0.0,0.1233884989954864,0.0,0.442445767747895,0.0522167487684729,0.0033423724538058,0.2574600971547536,0.0,27.394664793928637,0.0163507185014113,0.027097305773848,-3.497766881247664,16159500000.0,2087000000.0,-1251000000.0,35091900000.0,3289550000.0,3020850000.0,0.0,28.13214533464265,32.80102820455111,0.0,3.1991872261932213,2.7438164266909357,0.0,0.0305839295624653,0.0612571522348415,2005-04-27,0.91,bmo,10745647872.0,2025-04-25,2005-03-31,0.0329670329670328,60.61704918032787,3438577.049180328
2004-12-31,ELV,USD,1156039,2005-03-14,2005-03-14 15:46:56,2004,Q4,6833500000.0,3042400000.0,3791100000.0,0.5547815907,0,563000000.0,537200000.0,1100200000.0,2377500000.0,3477700000.0,6520100000.0,0.0,44900000.0,98100000.0,179900000.0,0.0263261872,313400000.0,0.045862296,313400000.0,313400000.0,0.045862296,131500000.0,184500000.0,0.0269993415,0.3,0.3,612489242,612489242,https://www.sec.gov/Archives/edgar/data/1156039/000119312505049418/0001193125-05-049418-index.htm,https://www.sec.gov/Archives/edgar/data/1156039/000119312505049418/d10k.htm,11.156930655118348,0.3012297806203753,1.0130790182923737,0.9294857133180472,24.56222733133328,31.77035393545737,2.0073821966002794,31.77035393545737,7.055797397989237,35218131415.0,38037631415.0,47.721045277777776,5.153747188849052,56.75766545527801,61.86216654663622,1.8098633750449664,1.8098633750449664,5.5663468815394745,211.43763988326847,61.30158165189364,66.81473988231161,0.0052387787933978,0.0161649689272703,0.2197800503623002,0.1076213435870593,15.672595886603668,6.122630691399663,6.979955456570156,3.3486238532110093,0.0,0.0,0.0823882344333065,0.0,0.4587376441930224,0.0825141015310233,0.0074925001829223,0.5219164118246687,0.0,14.67409202607486,0.0049465102492562,0.0085778445201753,-4.7399608040789065,15188600000.0,1229500000.0,-2125800000.0,34463300000.0,2358050000.0,1705350000.0,0.0,40.95339138069803,87.71036024191427,0.0,2.197620196173018,1.02610455311973,0.0,0.0094814738681329,0.0835933049743263,2005-02-07,0.84,bmo,6753105882.0,2025-04-25,2004-12-31,0.0119047619047619,47.82765625,6276762.5
2004-09-30,ELV,USD,1156039,2004-10-27,2004-10-27 15:57:39,2004,Q3,4803000000.0,4084100000.0,718900000.0,0.149677285,0,800900000.0,116900000.0,800900000.0,0.0,344800000.0,4428900000.0,7800000.0,32900000.0,59500000.0,379100000.0,0.0789298355,374100000.0,0.0778888195,372400000.0,374100000.0,0.0778888195,131000000.0,242100000.0,0.0504059963,0.87,0.85,278275862,284823529,https://www.sec.gov/Archives/edgar/data/1156039/000119312504179321/0001193125-04-179321-index.htm,https://www.sec.gov/Archives/edgar/data/1156039/000119312504179321/d10q.htm,17.259851305392775,0.8700000002156134,1.471920694292917,1.353333333668732,28.56050806160112,24.438698890815044,11.36534077109426,24.438698890815044,6.942391575450407,12141175859.06,13329575859.06,12.537356318731929,2.527831742465126,29.641542624658207,32.23891624816782,1.7852832589380505,1.7852832589380505,2.7752604328669586,35.161107515325774,32.54290981215821,35.394519009718536,0.019940407981105,0.0310184124150522,0.2792359610040142,0.1343331093269196,3.134792930625165,9.73367782967306,11.370820668693009,1.6918628665840565,0.0,0.0,0.1667499479491984,0.0,0.2573479998585222,0.08056640625,0.0068707058088694,0.5546218487394958,0.0,21.872071939033667,0.0179956768920999,0.023060437205315,6.528952913637907,8788700000.0,3162700000.0,2459200000.0,12926500000.0,1556600000.0,400100000.0,0.0,30.10493441599001,9.82174775348302,0.0,2.989543134569899,9.163338568543864,0.0,0.0355992765450615,0.1185873606241852,2004-10-27,0.83,bmo,4745821428.0,2025-04-25,2004-09-30,0.0120481927710843,42.439375,4198106.3125
2004-06-30,ELV,USD,1156039,2004-08-05,2004-08-05 15:18:33,2004,Q2,4604500000.0,3905000000.0,699500000.0,0.1519166033,0,798500000.0,112100000.0,798500000.0,0.0,336300000.0,4241300000.0,7900000.0,32200000.0,62700000.0,457500000.0,0.0993593224,363200000.0,0.0788793572,362600000.0,363200000.0,0.0788793572,124800000.0,237900000.0,0.0516668476,0.86,0.83,276627907,286626506,https://www.sec.gov/Archives/edgar/data/1156039/000119312504132557/0001193125-04-132557-index.htm,https://www.sec.gov/Archives/edgar/data/1156039/000119312504132557/d10q.htm,16.64510298304791,0.8599999999277007,-0.1243547709016935,-0.2252122740457997,27.230441359627537,23.725372003049568,10.525329969691018,23.725372003049568,7.683245060304057,12387397675.46,13390197675.46,13.01744186155948,2.6902807417656645,-360.09876963546515,-198.834633634992,1.8874308901982293,1.8874308901982293,2.908067689316973,29.26819164034973,-389.2499324261629,-214.93094182118784,0.0192050022315252,-0.0050293049139303,0.3189346497844006,0.1532525533550536,2.191912568306011,9.582834125180748,11.279503105590065,-0.144598570828079,0.0,0.0,0.1734173091540884,0.0,0.2673426803821796,-0.811046511627907,0.006059289825171,0.4449760765550239,0.0,21.42629105142592,0.0181722552957946,0.0237733586489457,5.665552752781374,8309900000.0,2911600000.0,2182700000.0,12460400000.0,1482550000.0,363450000.0,0.0,29.4481485503312,8.170294494238156,0.0,3.056219301739015,11.015514809590972,0.0,0.0362481144581066,0.1008575031441061,2004-07-27,0.82,bmo,4549024096.0,2025-04-25,2004-06-30,0.0121951219512195,44.77483870967742,3725222.677419354
2004-03-31,ELV,USD,1156039,2004-04-28,2004-04-28 16:25:08,2004,Q1,4574100000.0,3851100000.0,723000000.0,0.1580638814,0,778100000.0,111000000.0,778100000.0,0.0,330400000.0,4181500000.0,8600000.0,32300000.0,58800000.0,482000000.0,0.1053759209,392600000.0,0.0858310925,390900000.0,392600000.0,0.0858310925,95900000.0,295600000.0,0.0646247349,0.54,0.52,276822482,276822482,https://www.sec.gov/Archives/edgar/data/1156039/000119312504072284/0001193125-04-072284-index.htm,https://www.sec.gov/Archives/edgar/data/1156039/000119312504072284/d10q.htm,16.523585681888367,1.067832344628714,1.1108201825890716,1.0215933256461447,28.40448486405812,22.95875665185315,9.721392498749433,22.95875665185315,7.602706199274667,12545594884.24,13931594884.24,10.61027984120433,2.7427460886819266,40.79868255037399,44.36207526251768,1.973974492052553,1.973974492052553,3.0457565169629,28.903723826224063,45.30599962354472,49.26306536152758,0.0235620552654173,0.022541776823613,0.3260640390213201,0.1487663228020301,2.87551867219917,9.90540260815566,12.154798761609907,1.0402571041948578,0.0,0.0,0.1701099669880413,0.0,0.2630600363247403,0.0803252032520325,0.005399969392886,0.4200680272108844,0.0,23.48642834211792,0.0221876565736634,0.0287954800058448,4.994084981869356,8604400000.0,2691100000.0,1996200000.0,12772100000.0,1443200000.0,432900000.0,0.0,28.697448678428543,8.70296798317364,0.0,3.136167295166267,10.341299677765845,0.0,0.0465108960742663,0.089226856942927,2004-04-28,0.73,bmo,4122337037.0,2025-04-25,2004-03-31,0.1095890410958905,41.67338709677419,3163183.870967742
2003-12-31,ELV,USD,1156039,2004-02-27,2004-02-27 11:30:22,2003,Q4,4294900000.0,2786400000.0,1508500000.0,0.3512305292,0,835800000.0,0.0,835800000.0,2273800000.0,1180700000.0,3967100000.0,7300000.0,32600000.0,61400000.0,421800000.0,0.0982095043,327800000.0,0.0763230809,0.0,327800000.0,0.0763230809,118300000.0,208800000.0,0.0486158001,0.76,0.73,276261682,284230769,https://www.sec.gov/Archives/edgar/data/1156039/000119312504030877/0001193125-04-030877-index.htm,https://www.sec.gov/Archives/edgar/data/1156039/000119312504030877/d10k.htm,15.546491894594345,0.7558051427486784,1.5119722611404356,1.412066983650668,26.71271653229129,21.71817660908906,8.407970237435968,21.71817660908906,7.590991211006961,10359813075.0,11959813075.0,12.40399075071839,2.412119740855433,24.802042315058657,26.55681382978723,1.7266642902381706,1.7266642902381706,2.784654607790636,28.35422729966809,28.632542674168064,30.6583262624968,0.0201548038066314,0.0376551195640178,0.3440890681511359,0.1539649039071065,3.793266951161688,8.367235809875403,10.05521472392638,2.000478927203065,0.0,0.0,0.1946029011152762,0.0,0.2742283110471403,0.0660761311946373,0.0064262264546322,0.4495114006514658,0.0,19.21798546612405,0.0164609376841542,0.0214554347602704,3.770428792220269,7982400000.0,2322800000.0,1656900000.0,12170000000.0,1411700000.0,464200000.0,0.0,29.92176767794361,15.936692506459949,0.0,3.0078436865326705,5.647344953384677,0.0,0.0348005800096668,0.0999052774897678,2004-01-29,0.69,bmo,4115945833.0,2025-04-25,2003-12-31,0.0434782608695652,35.8534375,3974968.5625
2003-09-30,ELV,USD,1156039,2003-11-14,2003-11-14 14:04:23,2003,Q3,4261800000.0,3654200000.0,607600000.0,0.1425688676,0,783500000.0,0.0,783500000.0,0.0,297400000.0,3951600000.0,7300000.0,32900000.0,65100000.0,355000000.0,0.0832981369,310200000.0,0.0727861467,196900000.0,310200000.0,0.0727861467,112100000.0,196500000.0,0.0461072786,0.71,0.69,276760563,284782609,https://www.sec.gov/Archives/edgar/data/1156039/000119312503081679/0001193125-03-081679-index.htm,https://www.sec.gov/Archives/edgar/data/1156039/000119312503081679/d10q.htm,15.398870250166386,0.7100000009755725,1.197786261187798,1.0926412228753848,25.933608178127603,21.148244303867816,7.78940459085567,21.148244303867816,7.740264641678735,9872049282.21,11311249282.21,12.559859137671758,2.316403698486555,29.77993750289593,32.645665615773815,1.6866648355048697,1.6866648355048697,2.654101384910132,31.86267403439437,34.12141563260936,37.40492487503308,0.0199046818327886,0.0306319378434366,0.3603792926704254,0.1597325296095477,4.054084507042253,8.194335755543134,9.428571428571429,1.6870229007633588,0.0,0.0,0.1838425078605284,0.0,0.2799806136976343,0.0877828054298642,0.0068281008024778,0.4470046082949309,0.0,18.380511505899403,0.0157483444761548,0.020666806899453,3.150105602292766,7722400000.0,2155800000.0,1443600000.0,11939900000.0,1357050000.0,402950000.0,0.0,29.46994227791074,10.71369930490942,0.0,3.053959154424937,8.400459770114942,0.0,0.0335725269092772,0.105145038312413,2003-10-27,0.66,bmo,4136452941.0,2025-04-25,2003-09-30,0.0303030303030303,37.29265625,2071056.25
2003-06-30,ELV,USD,1156039,2003-07-31,2003-07-31 16:07:37,2003,Q2,4114400000.0,83300000.0,4031100000.0,0.9797540346,0,773900000.0,0.0,773900000.0,3462600000.0,3752500000.0,3835800000.0,0.0,32800000.0,62100000.0,323200000.0,0.0785533735,278600000.0,0.0677133969,0.0,278600000.0,0.0677133969,99900000.0,177300000.0,0.043092553,0.64,0.63,277031250,283680000,https://www.sec.gov/Archives/edgar/data/1156039/000119312503027145/0001193125-03-027145-index.htm,https://www.sec.gov/Archives/edgar/data/1156039/000119312503027145/d10q.htm,14.851754089114497,0.64,0.5241285956006768,0.3894867456288776,25.80900169204737,20.699108855047943,7.293401015228427,20.699108855047943,7.4731641285956,10685095312.5,12246695312.5,15.06640625,2.596999638464904,73.58881069214875,99.02776007877664,1.863365242924158,1.863365242924158,2.976544651103441,37.89200282332921,84.34363162878788,113.50041994902688,0.0165932071558205,0.0100981785229161,0.3553179987095199,0.1578368412490607,4.831683168316832,11.332128997725144,8.49390243902439,0.8189509306260575,0.0,0.0,0.1880954695702897,0.0,0.2876929870089628,0.2568870523415978,0.0090657203966556,0.6006441223832528,0.0,17.264621846790924,0.0142526718774924,0.0192820088960424,3.480654258319233,7721200000.0,2020500000.0,1293900000.0,11959500000.0,1261150000.0,363700000.0,0.0,28.84357378961696,400.7322929171669,0.0,3.1202790838768397,0.2245888379617147,0.0,0.0309192054827965,0.1346418499717992,2003-07-31,0.62,bmo,3924504615.0,2025-04-25,2003-06-30,0.0483870967741935,36.03047619047619,2392292.0634920634
2003-03-31,ELV,USD,1156039,2003-04-30,2003-04-30 15:58:24,2003,Q1,4100300000.0,81700000.0,4018600000.0,0.9800746287,0,716400000.0,0.0,716400000.0,3424000000.0,3716100000.0,3797800000.0,0.0,32900000.0,56400000.0,262900000.0,0.0641172597,302500000.0,0.0737750896,0.0,302500000.0,0.0737750896,109800000.0,191700000.0,0.0467526766,0.69,0.68,277826087,281911765,https://www.sec.gov/Archives/edgar/data/1156039/000095013103002459/0000950131-03-002459-index.htm,https://www.sec.gov/Archives/edgar/data/1156039/000095013103002459/d10q.htm,14.758513299724802,0.6899999998920188,0.8962441313151418,0.8361345851586643,24.68450703839053,19.71017214089043,6.224397495113553,19.71017214089043,7.476259779737674,9204378262.31,10784678262.31,12.0036231902843,2.244806053778992,36.96537454742972,39.62280784464056,1.6808579733948137,1.6808579733948137,2.6302168773772654,41.02197893613542,43.31196089281125,46.42564899832114,0.0208270449710841,0.0252379892894254,0.3733016800584368,0.1634457779305823,6.01103081019399,10.888303619665043,9.19452887537994,1.2989045383411582,0.0,0.0,0.1747189230056337,0.0,0.2995706370083714,0.0670682730923694,0.0040728727166304,0.2960992907801418,0.0,17.492867759159346,0.0158595601790887,0.0218830620305472,2.627093113829876,7321300000.0,1729300000.0,1030800000.0,11587900000.0,640100000.0,414150000.0,0.0,26.420749701241373,392.7172582619339,0.0,3.406413558195564,0.229172510518934,0.0,0.0350073046018991,0.0601095461564773,2003-04-30,0.59,bmo,4100300000.0,2025-04-25,2003-03-31,0.0,29.97114754098361,2643573.770491803
2002-12-31,ELV,USD,1156039,2003-03-07,2003-03-07 17:12:23,2002,Q4,3990400000.0,2758800000.0,1231600000.0,0.3086407378,0,772900000.0,0.0,772900000.0,190700000.0,962200000.0,3721000000.0,0.0,33100000.0,56000000.0,325400000.0,0.0815457097,269400000.0,0.0675120289,269400000.0,269400000.0,0.0675120289,96300000.0,171900000.0,0.0430783881,0.62,0.61,277826087,281911765,https://www.sec.gov/Archives/edgar/data/1156039/000095013103001203/0000950131-03-001203-index.htm,https://www.sec.gov/Archives/edgar/data/1156039/000095013103001203/d10k.htm,14.362942094778882,0.618732394269369,1.321690140638233,1.1719561813502417,23.91064162380115,19.300923314663397,5.76907668141329,19.300923314663397,6.091940531128022,8737630436.15,9702130436.15,12.707432280613729,2.1896627997569165,23.7952898587963,26.8354743125,1.6294557253697106,1.6294557253697106,2.4313678919782475,29.81601240365704,26.4219238457244,29.797697899723588,0.0196735260499004,0.037264107515111,0.3094567629561942,0.1333997893772157,2.9640442532267977,8.098710377244787,8.138972809667674,2.136125654450262,0.0,0.0,0.1936898556535685,0.0,0.3022276173096557,0.1132897603485838,0.0104250200481154,0.7428571428571429,0.0,16.391991828848965,0.0144641738040526,0.0198046037927141,-1.3556142407894187,5889800000.0,1602800000.0,-357500000.0,10186700000.0,603650000.0,442650000.0,0.0,1.7253909382518045,15.39147455415398,0.0,52.16209150326797,5.847392963119966,0.0,0.0320571396602204,0.1497339592879915,2003-02-02,0.55,bmo,3919142857.0,2025-04-25,2002-12-31,0.0181818181818181,31.98078125,3654809.4375
2002-09-30,ELV,USD,1156039,2002-11-04,2002-11-04 17:30:10,2002,Q3,3579400000.0,78400000.0,3501000000.0,0.9780968877,0,683700000.0,0.0,683700000.0,3013900000.0,3271600000.0,3350000000.0,0.0,30300000.0,45100000.0,193500000.0,0.0540593396,229400000.0,0.0640889535,0.0,229400000.0,0.0640889535,56900000.0,171200000.0,0.0478292451,0.67,0.65,257443609,265426357,https://www.sec.gov/Archives/edgar/data/1156039/000095013102004131/0000950131-02-004131-index.htm,https://www.sec.gov/Archives/edgar/data/1156039/000095013102004131/d10q.htm,13.903627337666787,0.6650000000582652,1.477993574895852,1.3272809580602174,25.63784754897528,20.685306660690884,5.968685748186509,20.685306660690884,8.001752337149686,8366917292.5,9484617292.5,12.218045111711447,2.3375194983796166,21.98927015111695,24.48614952443664,1.5711635574521623,1.5711635574521623,2.6497785362071857,49.01611003875969,24.9267208738502,27.757147475856016,0.0204615384633312,0.0408394140941605,0.3811428464124087,0.1658902183862952,5.776227390180878,9.85230024213075,7.570957095709571,2.2225467289719627,0.0,0.0,0.1910096664245404,0.0,0.3096557473519027,0.1019710906701708,0.0108398055540034,0.8603104212860311,0.0,17.59272295404282,0.0145918099765685,0.0202687503699757,2.091720210463644,6946400000.0,1536600000.0,821200000.0,11271800000.0,1038400000.0,330400000.0,0.0,28.432698217578366,474.6811224489796,0.0,3.1653696498054478,0.1896009673518742,0.0,0.0321484235629917,0.1507126168356348,2002-11-04,0.5,bmo,3376792452.0,2025-04-25,2002-09-30,0.06,31.911875,3826918.75
2002-06-30,ELV,USD,1156039,2002-08-05,2002-08-05 15:09:35,2002,Q2,2900100000.0,2524700000.0,375400000.0,0.1294438123,0,544400000.0,0.0,544400000.0,0.0,216100000.0,2740800000.0,0.0,17500000.0,27400000.0,180900000.0,0.0623771594,159300000.0,0.0549291404,159300000.0,159300000.0,0.0549291404,52800000.0,106200000.0,0.0366194269,0.52,0.51,206213592,210297030,https://www.sec.gov/Archives/edgar/data/1156039/000091205702029863/0000912057-02-029863-index.htm,https://www.sec.gov/Archives/edgar/data/1156039/000091205702029863/a2085863z10-q.htm,14.063573462218727,0.5150000005819209,0.2914453863933469,0.2187052733168044,22.62556970541496,10.817424682656224,8.529020725268197,10.817424682656224,5.535522605124885,6625642710.960001,7083942710.960001,15.597087361016952,2.284625602896452,110.24363911747088,146.91003793702885,2.9702078768816964,2.9702078768816964,2.442654636378056,39.15944008269763,117.86926307753744,157.07190046474503,0.0160286336938039,0.0068068868134704,0.5038777065495136,0.1692414250007528,2.533443891652847,10.166123188405797,9.102857142857143,0.5659133709981168,0.0,0.0,0.1877176649081066,0.0,0.07105429578101,0.2495840266222961,0.0051722354401572,0.5474452554744526,0.0,11.195843364924052,0.0166559797313148,0.0172137126185266,4.677189270821683,5059700000.0,1758800000.0,1201000000.0,5928100000.0,954750000.0,246550000.0,0.0,29.35760835833247,8.815700875351526,0.0,3.065644820295983,10.20905782450465,0.0,0.0476083740529878,0.0727401130765425,2002-08-05,0.49,bmo,2842098000.0,2025-04-25,2002-06-30,0.0204081632653061,33.78328125,3059237.5
2002-03-31,ELV,USD,1156039,2002-05-10,2002-05-10 16:47:15,2002,Q1,2812400000.0,5308700000.0,-2496300000.0,-0.8876048926,0,505600000.0,0.0,505600000.0,0.0,-2645800000.0,2662900000.0,0.0,17600000.0,28500000.0,46100000.0,0.0163916939,149500000.0,0.0531574456,0.0,149500000.0,0.0531574456,49200000.0,99800000.0,0.0354857062,0.49,0.48,206646000,209642000,https://www.sec.gov/Archives/edgar/data/1156039/000095013102001902/0000950131-02-001902-index.htm,https://www.sec.gov/Archives/edgar/data/1156039/000095013102001902/d10q.txt,13.609748071581352,0.4829515209585475,0.8870241862895967,0.7520106849394617,21.375685955692344,10.288125586752225,8.018543789862857,10.288125586752225,5.790095138546112,6019597980.0,6742197980.0,15.079153256513026,2.140377606314891,32.840141734860886,38.736151737451735,2.8314195578551278,2.8314195578551278,2.3973111861755085,146.2515830802603,36.78231303873432,43.38608738738738,0.0165791802594763,0.0258156774781826,0.5545155221072436,0.1841168202405122,15.674620390455532,8.87904290429043,8.494318181818182,1.8366733466933869,0.0,0.0,0.1797752808988764,0.0,0.0732469155083554,0.1522094926350245,0.0099203527236523,0.9789473684210528,0.0,10.573314652866763,0.0162898720197492,0.0168183350185372,4.175377215140869,4774700000.0,1657000000.0,1103700000.0,5650300000.0,877200000.0,288400000.0,0.0,30.833096287868013,4.167121894249063,0.0,2.9189413596263623,21.597640358014647,0.0,0.0469426152398871,0.135013501350135,2002-04-29,0.42,bmo,2513208510.0,2025-04-25,2002-03-31,0.119047619047619,27.221833333333333,1535690.0
2001-12-31,ELV,USD,1156039,2002-03-25,2002-03-25 00:00:00,2001,Q4,2662200000.0,5030300000.0,-2368100000.0,-0.8895274585,0,0.0,0.0,520200000.0,0.0,-2505900000.0,2524400000.0,0.0,18400000.0,7700000.0,145500000.0,0.0546540455,137800000.0,0.0517617008,137800000.0,137800000.0,0.0517617008,50200000.0,87700000.0,0.032942679,0.43,0.42,205773196,210105263,https://www.sec.gov/Archives/edgar/data/1156039/000095013102001063/0000950131-02-001063-index.htm,https://www.sec.gov/Archives/edgar/data/1156039/000095013102001063/d10k405.txt,12.937545082402275,0.4261973945333482,0.6939679354545283,0.6113527050432749,21.76279557809852,10.011022038069523,7.739589173703654,10.011022038069523,5.57458416498522,5092886601.0,5815186601.0,14.517920755416192,1.9130368120351589,35.66447199579832,40.48399523847377,2.4722750490291263,2.4722750490291263,2.184353767936293,39.96691821993127,40.72259524509804,46.22564865659778,0.0172200967488221,0.0247011193956878,0.5479126213592233,0.1781098609774186,4.96426116838488,8.21115786192925,7.489130434782608,1.628278221208666,0.0,0.0,0.0,0.0,0.0737561345094759,0.119047619047619,0.0063856960408684,0.0,0.0,9.797964531367018,0.0145851717420622,0.014941138388674,3.859953654994016,4627400000.0,1592600000.0,992000000.0,5497100000.0,781850000.0,321850000.0,0.0,26.737660581473968,5.92211200127229,0.0,3.366038690099886,15.197280966767371,0.0,0.0425728155339805,0.0826152304112533,2002-03-25,,bmo,,2025-04-25,2001-12-31,,23.424883720930232,3049367.4418604653
2001-09-30,ELV,USD,1156039,2001-12-11,2001-12-11 00:00:00,2001,Q3,2663700000.0,4960400000.0,-2296700000.0,-0.8622217217,0,0.0,0.0,474300000.0,0.0,-2473800000.0,2486600000.0,0.0,13800000.0,8100000.0,185200000.0,0.0695273492,177100000.0,0.0664864662,177100000.0,177100000.0,0.0664864662,64600000.0,111500000.0,0.0418590682,0.54,0.54,206176000,206176000,https://www.sec.gov/Archives/edgar/data/1156039/000095013101504466/0000950131-01-504466-index.htm,https://www.sec.gov/Archives/edgar/data/1156039/000095013101504466/d10q.txt,12.919544466863265,0.540800093124321,,,20.74635263076207,10.548754462207048,8.243442495731802,10.548754462207048,4.271108179419525,4216299200.0,4718499200.0,9.453585650224214,1.5828731463753425,0.0,0.0,1.9386174996551564,1.9386174996551564,1.771407891279048,25.47785745140389,0.0,0.0,0.0264449923288176,,0.3985470596349257,0.1422569421650364,2.711663066954644,8.681794739556473,12.833333333333334,0.0,,,0.0,0.0,0.0780049891682531,0.0,,0.0,,11.329486590261329,0.0194619842574171,0.0198472738923797,4.5529062548502255,4468500000.0,1699600000.0,1131900000.0,5353200000.0,,,,26.11104854150242,5.673534392387711,0.0,3.4468167701863357,15.863127598337064,0.0,0.0512667249068922,,2002-02-06,0.45,bmo,2484720000.0,2025-04-25,2001-09-30,0.0666666666666666,,
