date,symbol,reportedCurrency,cik,fillingDate,acceptedDate,calendarYear,period,revenue,costOfRevenue,grossProfit,grossProfitRatio,researchAndDevelopmentExpenses,generalAndAdministrativeExpenses,sellingAndMarketingExpenses,sellingGeneralAndAdministrativeExpenses,otherExpenses,operatingExpenses,costAndExpenses,interestIncome,interestExpense,depreciationAndAmortization,ebitda,ebitdaratio,operatingIncome,operatingIncomeRatio,totalOtherIncomeExpensesNet,incomeBeforeTax,incomeBeforeTaxRatio,incomeTaxExpense,netIncome,netIncomeRatio,eps,epsdiluted,weightedAverageShsOut,weightedAverageShsOutDil,link,finalLink,revenuePerShare,netIncomePerShare,operatingCashFlowPerShare,freeCashFlowPerShare,cashPerShare,bookValuePerShare,tangibleBookValuePerShare,shareholdersEquityPerShare,interestDebtPerShare,marketCap,enterpriseValue,peRatio,priceToSalesRatio,pocfratio,pfcfRatio,pbRatio,ptbRatio,evToSales,enterpriseValueOverEBITDA,evToOperatingCashFlow,evToFreeCashFlow,earningsYield,freeCashFlowYield,debtToEquity,debtToAssets,netDebtToEBITDA,currentRatio,interestCoverage,incomeQuality,dividendYield,payoutRatio,salesGeneralAndAdministrativeToRevenue,researchAndDdevelopementToRevenue,intangiblesToTotalAssets,capexToOperatingCashFlow,capexToRevenue,capexToDepreciation,stockBasedCompensationToRevenue,grahamNumber,roic,returnOnTangibleAssets,grahamNetNet,workingCapital,tangibleAssetValue,netCurrentAssetValue,investedCapital,averageReceivables,averagePayables,averageInventory,daysSalesOutstanding,daysPayablesOutstanding,daysOfInventoryOnHand,receivablesTurnover,payablesTurnover,inventoryTurnover,roe,capexPerShare,report_date,epsEstimated,time,revenueEstimated,updatedFromDate,fiscalDateEnding,surprise(%),QuarterAvgPrice,QuarterAvgVolume
2025-03-31,EMN,USD,915389,2025-04-25,2025-04-25 12:25:38,2025,Q1,2290000000.0,1723000000.0,567000000.0,0.2475982533,67000000,0.0,0.0,182000000.0,0.0,249000000.0,1972000000.0,4000000.0,53000000.0,126000000.0,431000000.0,0.188209607,318000000.0,0.1388646288,-65000000.0,253000000.0,0.1104803493,70000000.0,182000000.0,0.0794759825,1.58,1.57,116700000,117900000,https://www.sec.gov/Archives/edgar/data/915389/000091538925000105/0000915389-25-000105-index.htm,https://www.sec.gov/Archives/edgar/data/915389/000091538925000105/emn-20250331.htm,19.622964867180805,1.55955441302485,-1.43101970865467,-2.6906598114824334,3.581833761782348,50.93401885175664,10.976863753213369,50.30848329048843,43.479005998286205,10282437000.0,14885437000.0,14.124226648351648,4.490147161572052,-61.57147904191617,-32.746614649681526,1.7513944813490037,1.7513944813490037,6.500190829694323,34.536976798143854,-89.13435329341317,-47.40585031847134,0.0177000841337515,-0.0305375077911977,0.8552205757111224,0.3353817380268519,10.679814385150811,1.7192595857205817,6.0,-0.912568306010929,0.0093363081145063,0.5274725274725275,0.0,0.0292576419213973,0.3114688397568633,-0.8802395209580839,0.0641921397379912,1.1666666666666667,-0.0475982532751091,42.01575163419111,0.0177112351025394,0.0176561893674815,-56.61311053984576,1632000000.0,1281000000.0,-5126000000.0,11934000000.0,1215500000.0,1646500000.0,2052000000.0,49.480349344978166,103.633197910621,110.52814857806152,1.81890389197776,0.8684475806451613,0.8142722117202268,0.0309998296712655,1.2596401028277635,2025-04-24,1.89,amc,2330068710.0,2025-05-11,2025-03-31,0.0105820105820105,94.42133333333332,1089132.7333333334
2024-12-31,EMN,USD,915389,2025-02-14,2025-02-14 12:23:25,2024,Q4,2245000000.0,1691000000.0,554000000.0,0.2467706013,66000000,119000000.0,-9000000.0,110000000.0,0.0,176000000.0,1867000000.0,4000000.0,56000000.0,129000000.0,482000000.0,0.2146993318,378000000.0,0.1683741648,-81000000.0,297000000.0,0.1322939866,-34000000.0,330000000.0,0.1469933185,2.83,2.8,116700000,117900000,https://www.sec.gov/Archives/edgar/data/915389/000091538925000012/0000915389-25-000012-index.htm,https://www.sec.gov/Archives/edgar/data/915389/000091538925000012/emn-20241231.htm,19.237360754070263,2.827763496143959,4.627249357326479,3.1276778063410453,7.172236503856041,50.14567266495287,10.179948586118252,49.52013710368466,43.47043701799486,10657044000.0,14837044000.0,8.073518181818182,4.747012917594655,19.735266666666664,29.197380821917807,1.844098286900848,1.844098286900848,6.608928285077951,30.7822489626556,27.47600740740741,40.64943561643835,0.0309654346927722,0.0342496474632177,0.8681432773836304,0.3297837375928482,8.67219917012448,1.5144017725258494,6.75,1.6314199395770392,0.0088204571549108,0.2848484848484848,0.0530066815144766,0.0293986636971046,0.3065798987707881,0.324074074074074,0.0779510022271715,1.3565891472868217,0.0,56.13112158670517,0.03251815725764,0.0312825860271115,-56.99228791773779,1393000000.0,1188000000.0,-5260000000.0,11672000000.0,1252000000.0,1709000000.0,1946000000.0,46.98440979955457,69.66883500887049,105.80721466587818,1.915529010238908,1.291825821237586,0.8506036217303823,0.0571033050700813,1.4995715509854328,2025-01-30,1.6,amc,2286860000.0,2025-04-30,2024-12-31,0.16875,102.5434375,1028858.75
2024-09-30,EMN,USD,915389,2024-11-01,2024-11-01 11:24:59,2024,Q3,2464000000.0,1859000000.0,605000000.0,0.2455357143,65000000,0.0,0.0,183000000.0,0.0,248000000.0,2107000000.0,4000000.0,53000000.0,127000000.0,459000000.0,0.1862824675,357000000.0,0.1448863636,-77000000.0,280000000.0,0.1136363636,99000000.0,180000000.0,0.0730519481,1.55,1.53,116400000,117800000,https://www.sec.gov/Archives/edgar/data/915389/000091538924000227/0000915389-24-000227-index.htm,https://www.sec.gov/Archives/edgar/data/915389/000091538924000227/emn-20240930.htm,21.168384879725085,1.5463917525773196,3.402061855670103,2.3625429553264605,5.3436426116838485,49.20962199312715,8.599656357388316,48.57388316151203,43.8745704467354,13030980000.0,17462980000.0,18.098583333333337,5.288547077922078,32.90651515151515,47.38538181818182,2.304736469755925,2.304736469755925,7.087248376623377,38.04570806100218,44.09843434343434,63.50174545454546,0.0138132358425843,0.0211035547595038,0.8938804386275203,0.3355909694555113,9.655773420479305,1.52007722007722,6.735849056603773,2.2,0.0072903189169195,0.5277777777777778,0.0,0.0263798701298701,0.3138778220451527,0.3055555555555556,0.0491071428571428,0.952755905511811,0.0,41.11046918987148,0.0178646075243845,0.0174199167715087,-58.06701030927835,1347000000.0,1001000000.0,-5395000000.0,11663000000.0,1330500000.0,2072000000.0,1902000000.0,48.65259740259741,102.10328133405056,92.1785906401291,1.84984984984985,0.8814604077761973,0.9763655462184874,0.0318358684117439,1.0395189003436427,2024-10-31,2.14,amc,2377650000.0,2024-11-01,2024-09-30,0.05607476635514,100.03015625,860631.109375
2024-06-30,EMN,USD,915389,2024-07-26,2024-07-26 11:02:10,2024,Q2,2360000000.0,1741000000.0,619000000.0,0.2622881356,60000000,176000000.0,4000000.0,180000000.0,-23000000.0,240000000.0,1981000000.0,4000000.0,54000000.0,126000000.0,505000000.0,0.2139830508,379000000.0,0.1605932203,-92000000.0,287000000.0,0.1216101695,56000000.0,230000000.0,0.0974576271,1.96,1.94,117300000,118600000,https://www.sec.gov/Archives/edgar/data/915389/000091538924000192/0000915389-24-000192-index.htm,https://www.sec.gov/Archives/edgar/data/915389/000091538924000192/emn-20240630.htm,20.11935208866155,1.96078431372549,3.1287297527706737,2.131287297527707,4.518329070758738,48.5848252344416,8.286445012787723,47.971014492753625,43.367433930093775,11163441000.0,15682441000.0,12.134175,4.730271610169492,30.41809536784741,44.653764,1.983906344410876,1.983906344410876,6.645102118644068,31.054338613861383,42.731446866485015,62.729764,0.0206029664151044,0.02239452871207,0.8944375333214857,0.336768149882904,8.948514851485148,1.401678219627873,7.018518518518518,1.5956521739130434,0.0085099209105866,0.4130434782608695,0.0745762711864406,0.0254237288135593,0.3162930746068919,0.3188010899182561,0.0495762711864406,0.9285714285714286,0.0059322033898305,46.004002939364014,0.0236453593122862,0.0225092973184576,-57.70886615515772,1101000000.0,972000000.0,-5404000000.0,11357000000.0,1301500000.0,1951500000.0,1834500000.0,50.682203389830505,105.19816197587592,98.21941412981046,1.7757712565838977,0.8555282555282555,0.9163157894736842,0.0408743557846099,0.9974424552429668,2024-07-25,2.01,amc,2357777568.0,2025-04-25,2024-06-30,0.0696517412935324,99.23238095238096,873246.7301587302
2024-03-31,EMN,USD,915389,2024-04-26,2024-04-26 12:11:20,2024,Q1,2308000000.0,1778000000.0,530000000.0,0.2296360485,59000000,186000000.0,5000000.0,191000000.0,-8000000.0,250000000.0,2028000000.0,4000000.0,53000000.0,127000000.0,407000000.0,0.1763431542,280000000.0,0.1213171577,-66000000.0,214000000.0,0.0927209705,49000000.0,165000000.0,0.0714904679,1.41,1.4,117400000,118200000,https://www.sec.gov/Archives/edgar/data/915389/000091538924000133/0000915389-24-000133-index.htm,https://www.sec.gov/Archives/edgar/data/915389/000091538924000133/emn-20240331.htm,19.65928449744463,1.405451448040886,-0.1362862010221465,-1.7206132879045997,4.335604770017036,47.76831345826235,7.274275979557069,47.17206132879046,43.722316865417376,11775220000.0,16356220000.0,17.841242424242424,5.101915077989601,-735.95125,-58.29316831683168,2.1262585771036475,2.1262585771036475,7.086750433275563,40.18727272727273,-1022.26375,-80.97138613861387,0.014012477049261,-0.0171546688724287,0.917298663777537,0.3444534852183347,11.255528255528256,1.3896103896103895,5.283018867924528,-0.0969696969696969,0.0080677898162412,0.5757575757575758,0.0805892547660312,0.0255632582322357,0.3223487930566857,-11.625,0.0805892547660312,1.4645669291338583,0.0090987868284228,38.62260921774312,0.0167745027558111,0.0165099059435661,-57.84497444633731,1020000000.0,854000000.0,-5502000000.0,11309000000.0,1214000000.0,1519000000.0,1726000000.0,49.679376083188906,94.55568053993252,89.54443194600675,1.8116169544740977,0.9518201284796574,1.005087620124364,0.0297941495124593,1.584327086882453,2024-04-25,1.43,amc,2290366603.0,2025-04-25,2024-03-31,0.125874125874126,87.94704918032787,1153629.8852459015
2023-12-31,EMN,USD,915389,2024-02-14,2024-02-14 13:15:32,2023,Q4,2205000000.0,1756000000.0,449000000.0,0.2036281179,57000000,182000000.0,-3000000.0,191000000.0,-18000000.0,248000000.0,2004000000.0,2000000.0,59000000.0,118000000.0,319000000.0,0.1446712018,201000000.0,0.0911564626,185000000.0,425000000.0,0.1927437642,114000000.0,310000000.0,0.1405895692,2.63,2.61,118000000,118700000,https://www.sec.gov/Archives/edgar/data/915389/000091538924000016/0000915389-24-000016-index.htm,https://www.sec.gov/Archives/edgar/data/915389/000091538924000016/emn-20231231.htm,18.6864406779661,2.6271186440677967,3.830508474576271,2.305084745762712,4.652542372881356,46.86440677966102,6.322033898305085,46.25423728813559,42.58474576271186,10598760000.0,15016760000.0,8.547387096774193,4.80669387755102,23.448584070796457,38.96602941176471,1.941876145108098,1.941876145108098,6.810321995464853,47.07448275862069,33.2229203539823,55.20867647058824,0.0292487045654397,0.0256633794896761,0.909857090509344,0.3393699173101893,13.849529780564264,1.3513198757763976,3.406779661016949,1.4580645161290322,0.0088689620295204,0.3032258064516129,0.0825396825396825,0.0258503401360544,0.3269322763616483,0.3982300884955752,0.0816326530612244,1.5254237288135593,0.0072562358276643,52.28858198309579,0.0116272494768658,0.0314752766778353,-58.02542372881356,905000000.0,746000000.0,-5622000000.0,11417000000.0,1151500000.0,1547500000.0,1702000000.0,47.10204081632653,59.96583143507972,86.25854214123007,1.910745233968804,1.5008547008547009,1.0433749257278668,0.0567973616709417,1.5254237288135593,2024-02-01,1.28,amc,2209160000.0,2025-04-25,2023-12-31,0.0234375,79.7031746031746,907157.5238095238
2023-09-30,EMN,USD,915389,2023-10-27,2023-10-27 10:56:18,2023,Q3,4050000000.0,3566000000.0,484000000.0,0.1195061728,60000000,0.0,0.0,160000000.0,-8000000.0,220000000.0,3786000000.0,2000000.0,57000000.0,120000000.0,386000000.0,0.095308642,264000000.0,0.0651851852,-65000000.0,199000000.0,0.0491358025,20000000.0,178000000.0,0.0439506173,1.5,1.5,118500000,119000000,https://www.sec.gov/Archives/edgar/data/915389/000091538923000170/0000915389-23-000170-index.htm,https://www.sec.gov/Archives/edgar/data/915389/000091538923000170/emn-20230930.htm,34.177215189873415,1.5021097046413503,4.337552742616034,2.345991561181435,3.839662447257384,45.77215189873418,5.341772151898734,45.16455696202531,44.53164556962025,9091320000.0,13872320000.0,12.76870786516854,2.2447703703703703,17.687392996108947,32.70258992805756,1.698677130044843,1.698677130044843,3.4252641975308644,35.93865284974093,26.98894941634241,49.90043165467626,0.0195791150240009,0.0305786178464733,0.9753363228699552,0.3576812388652871,12.3860103626943,1.3640535372848948,4.631578947368421,2.8715083798882683,0.010339532653124,0.5280898876404494,0.0,0.0148148148148148,0.3282855968206112,0.4591439688715953,0.0582716049382716,1.9666666666666663,0.0024691358024691,39.06977968540287,0.0188182373154304,0.0181577068244414,-59.01054852320675,952000000.0,633000000.0,-5603000000.0,11169000000.0,1177000000.0,1926500000.0,1840500000.0,25.53333333333333,48.58384744812114,43.43522153673584,3.524804177545692,1.8524675324675324,2.072051133062174,0.0332585949177877,1.9915611814345997,2023-10-26,1.44,amc,2301700000.0,2025-04-25,2023-09-30,0.0208333333333333,82.97222222222223,885450.1904761905
2023-06-30,EMN,USD,915389,2023-07-28,2023-07-28 12:24:28,2023,Q2,2324000000.0,1740000000.0,584000000.0,0.2512908778,60000000,182000000.0,3000000.0,185000000.0,-16000000.0,245000000.0,1985000000.0,3000000.0,54000000.0,119000000.0,442000000.0,0.1901893287,323000000.0,0.1389845095,-73000000.0,269000000.0,0.1157487091,-3000000.0,272000000.0,0.1170395869,2.28,2.27,118800000,119600000,https://www.sec.gov/Archives/edgar/data/915389/000091538923000136/0000915389-23-000136-index.htm,https://www.sec.gov/Archives/edgar/data/915389/000091538923000136/emn-20230630.htm,19.562289562289564,2.28956228956229,3.451178451178451,1.4225589225589226,3.451178451178451,45.05050505050505,3.9983164983164974,44.45286195286195,46.22053872053872,9945936000.0,14972936000.0,9.141485294117649,4.279662650602409,24.25838048780488,58.85169230769231,1.883343306192009,1.883343306192009,6.442743545611015,33.87542081447964,36.51935609756097,88.59725443786982,0.0273478534348099,0.0169918648179517,1.0295398598750236,0.3680861146841784,11.373303167420817,1.3171869393613205,5.981481481481482,1.5073529411764706,0.0094510964076181,0.3455882352941176,0.0783132530120482,0.0258175559380378,0.3301739895741656,0.5878048780487805,0.1037005163511187,2.025210084033614,0.007314974182444,47.85390181358044,0.0254601052762138,0.0274914089347079,-59.976851851851855,884000000.0,475000000.0,-5748000000.0,11163000000.0,1271000000.0,1942500000.0,1952000000.0,46.66523235800344,99.72413793103448,101.3793103448276,1.928630705394191,0.9024896265560166,0.8877551020408163,0.0515053967051694,2.0286195286195285,2023-07-27,1.93,amc,2693020000.0,2025-04-25,2023-06-30,0.0310880829015544,81.31,923967.3870967742
2023-03-31,EMN,USD,915389,2023-04-28,2023-04-28 14:10:42,2023,Q1,2412000000.0,1883000000.0,529000000.0,0.2193200663,62000000,188000000.0,3000000.0,191000000.0,-8000000.0,253000000.0,2136000000.0,3000000.0,52000000.0,141000000.0,409000000.0,0.1695688226,268000000.0,0.1111111111,-85000000.0,194000000.0,0.0804311774,60000000.0,134000000.0,0.0555555556,1.13,1.12,118900000,119700000,https://www.sec.gov/Archives/edgar/data/915389/000091538923000091/0000915389-23-000091-index.htm,https://www.sec.gov/Archives/edgar/data/915389/000091538923000091/emn-20230331.htm,20.28595458368377,1.1269974768713205,-0.016820857863751,-1.4970563498738436,5.03784693019344,44.25567703952902,2.9941126997476872,43.63330529857023,47.95626576955425,10028026000.0,15079026000.0,18.709003731343284,4.157556384742952,-5014.013,-56.33722471910112,1.9329271395528145,1.9329271395528145,6.251669154228856,36.86803422982885,-7539.513,-84.71362921348315,0.0133625501170419,-0.0177502531405483,1.0890516576715497,0.3770940399119001,12.34963325183374,1.3372601817569842,5.153846153846154,-0.0149253731343283,0.0093737291865816,0.7014925373134329,0.0779436152570481,0.0257048092868988,0.3274377627978375,-88.0,0.0729684908789386,1.24822695035461,0.0091210613598673,33.26302845545644,0.0142110703256453,0.0132976084152029,-60.11143818334735,1002000000.0,356000000.0,-5748000000.0,11166000000.0,1307000000.0,1638000000.0,1919000000.0,49.88805970149254,93.5369091874668,92.91556027615506,1.804038893044129,0.9621870209504344,0.9686213991769548,0.025828835774865,1.4802354920100924,2023-04-27,1.22,amc,2432730000.0,2025-04-25,2023-03-31,0.3360655737704917,85.89129032258064,1044656.5
2022-12-31,EMN,USD,915389,2023-02-15,2023-02-15 16:35:14,2022,Q4,2373000000.0,1997000000.0,376000000.0,0.1584492204,64000000,0.0,0.0,172000000.0,15000000.0,236000000.0,2233000000.0,3000000.0,48000000.0,117000000.0,272000000.0,0.1146228403,155000000.0,0.0653181627,-112000000.0,28000000.0,0.01179941,26000000.0,2000000.0,0.000842815,0.0167,0.0166,119500000,120500000,https://www.sec.gov/Archives/edgar/data/915389/000091538923000015/0000915389-23-000015-index.htm,https://www.sec.gov/Archives/edgar/data/915389/000091538923000015/emn-20221231.htm,19.85774058577406,0.0167364016736401,3.8242677824267775,2.100418410041841,4.133891213389122,43.81589958158996,3.0292887029288704,43.12133891213389,43.50627615062761,9732080000.0,14390080000.0,1216.51,4.101171512852929,21.29557986870897,38.773227091633466,1.888624102464584,1.888624102464584,6.064087652760219,52.90470588235294,31.488140043763675,57.33099601593626,0.0002055059144602,0.0257909922647573,0.9996118765767514,0.351196563714461,17.125,1.162103968009843,3.2291666666666665,228.5,0.0093505191079399,45.5,0.0,0.0269700800674252,0.3323106293038794,0.4507658643326039,0.0868099452170248,1.7606837606837606,0.0063211125158027,4.029660171356817,0.0008827482515889,0.0002042275094455,-58.84728033472803,527000000.0,362000000.0,-5653000000.0,10561000000.0,1435500000.0,1363000000.0,1934500000.0,48.43236409608091,59.444166249374064,85.35803705558338,1.8582615505090057,1.5140257771038663,1.0543822597676875,0.0003881234232485,1.7238493723849373,2023-01-26,1.26,amc,2433881030.0,2025-04-25,2022-12-31,-0.2936507936507936,80.56714285714285,976992.507936508
2022-09-30,EMN,USD,915389,2022-10-28,2022-10-28 14:58:05,2022,Q3,2709000000.0,2168000000.0,541000000.0,0.1997046881,68000000,0.0,0.0,173000000.0,29000000.0,241000000.0,2409000000.0,2000000.0,43000000.0,117000000.0,446000000.0,0.1646363972,329000000.0,0.1214470284,-19000000.0,281000000.0,0.103728313,-20000000.0,301000000.0,0.1111111111,2.49,2.46,121000000,122300000,https://www.sec.gov/Archives/edgar/data/915389/000091538922000051/0000915389-22-000051-index.htm,https://www.sec.gov/Archives/edgar/data/915389/000091538922000051/emn-20220930.htm,22.38842975206612,2.487603305785124,2.115702479338843,0.7603305785123967,3.809917355371901,45.18181818181818,5.099173553719008,44.49586776859504,42.21487603305785,8597050000.0,13201050000.0,7.140406976744186,3.173514211886305,33.5822265625,93.44619565217393,1.5967774888558692,1.5967774888558692,4.873034330011074,29.5987668161435,51.5666015625,143.48967391304348,0.03501200993364,0.0107013452288866,0.9407503714710252,0.3380046713380046,10.32286995515695,1.280012472715934,7.651162790697675,0.8504983388704319,0.010933983168645,0.3122923588039867,0.0,0.0251015134736064,0.3236569903236569,0.640625,0.0605389442598744,1.4017094017094016,0.0044296788482834,49.90472447059529,0.0272894819658325,0.0296990626541687,-56.8099173553719,898000000.0,617000000.0,-5413000000.0,10730000000.0,1614500000.0,1401000000.0,1900500000.0,52.95681063122924,58.40867158671587,81.98800738007381,1.6994981179422837,1.540867093105899,1.0977215189873415,0.0559063893016344,1.3553719008264462,2022-10-27,2.0,amc,2577820031.0,2025-04-25,2022-09-30,0.0249999999999999,89.868125,1075697.5
2022-06-30,EMN,USD,915389,2022-08-01,2022-07-29 17:47:55,2022,Q2,2784000000.0,2114000000.0,670000000.0,0.2406609195,67000000,0.0,0.0,185000000.0,20000000.0,252000000.0,2366000000.0,0.0,45000000.0,122000000.0,591000000.0,0.2122844828,469000000.0,0.1684626437,-71000000.0,381000000.0,0.1368534483,124000000.0,256000000.0,0.091954023,2.05,2.03,124800000,126400000,https://www.sec.gov/Archives/edgar/data/915389/000091538922000039/0000915389-22-000039-index.htm,https://www.sec.gov/Archives/edgar/data/915389/000091538922000039/emn-20220630.htm,22.307692307692307,2.051282051282051,1.963141025641025,0.8493589743589743,3.766025641025641,43.32532051282051,3.9743589743589753,42.65224358974359,40.3525641025641,11203296000.0,15738296000.0,10.94071875,4.024172413793104,45.72773877551021,105.6914716981132,2.104695848205899,2.104695848205899,5.653123563218391,26.62994247038917,64.23794285714285,148.47449056603773,0.0228504183054701,0.0094615013296087,0.9376291564907008,0.3355294117647059,7.673434856175973,1.2716010165184244,10.422222222222222,0.953307392996109,0.0087474257575627,0.3828125,0.0,0.0240660919540229,0.3301512605042017,0.5673469387755102,0.0499281609195402,1.139344262295082,0.0061063218390804,44.36851461067179,0.0248008450966206,0.0256924929747089,-54.95793269230769,855000000.0,496000000.0,-5465000000.0,10725000000.0,1641500000.0,1388000000.0,1748500000.0,52.855603448275865,59.38978240302744,77.73888363292338,1.7027522935779815,1.5154121863799284,1.1577217962760131,0.048093180537291,1.113782051282051,2022-07-28,2.69,amc,2768301374.0,2025-04-25,2022-06-30,0.0520446096654275,103.51983870967742,1120386.7903225806
2022-03-31,EMN,USD,915389,2022-05-04,2022-05-04 14:57:59,2022,Q1,2714000000.0,2164000000.0,550000000.0,0.2026529108,65000000,0.0,0.0,196000000.0,43000000.0,261000000.0,2425000000.0,1000000.0,46000000.0,121000000.0,453000000.0,0.1669123066,332000000.0,0.1223286662,-2000000.0,287000000.0,0.1057479735,51000000.0,235000000.0,0.0865880619,1.82,1.8,129000000,130700000,https://www.sec.gov/Archives/edgar/data/915389/000091538922000023/0000915389-22-000023-index.htm,https://www.sec.gov/Archives/edgar/data/915389/000091538922000023/emn-20220331.htm,21.03875968992248,1.821705426356589,0.1317829457364341,-0.7596899224806202,4.062015503875969,46.333333333333336,7.821705426356589,45.68217054263566,41.93023255813954,14455740000.0,19331740000.0,15.37844680851064,5.326359616801769,850.3376470588234,-147.50755102040816,2.4530358051926013,2.4530358051926013,7.122969786293294,42.67492273730685,1137.1611764705883,-197.26265306122448,0.0162565181720202,-0.0067793139610978,0.9100627863566944,0.3393015310641528,10.763796909492276,1.5717474489795915,7.217391304347826,0.0720338983050847,0.0067793139610978,0.4170212765957446,0.0,0.0239498894620486,0.314311021131216,6.764705882352941,0.0423728813559322,0.950413223140496,0.0092114959469417,43.27167438658338,0.0199243529645714,0.021682967337147,-56.07364341085271,1793000000.0,1009000000.0,-4900000000.0,11758000000.0,1614000000.0,1304500000.0,1587500000.0,54.64996315401621,57.43530499075786,69.49630314232903,1.6468446601941749,1.5669804489500363,1.2950329144225017,0.0398778211437298,0.8914728682170543,2022-04-28,2.11,amc,2499603728.0,2025-04-25,2022-03-31,-0.0236966824644548,117.18,1318733.8709677418
2021-12-31,EMN,USD,915389,2022-02-25,2022-02-24 17:58:53,2021,Q4,2694000000.0,2135000000.0,559000000.0,0.207498144,67000000,0.0,0.0,208000000.0,309000000.0,275000000.0,2410000000.0,1000000.0,48000000.0,122000000.0,698000000.0,0.2590942836,575000000.0,0.213437268,-46000000.0,529000000.0,0.1963622866,149000000.0,378000000.0,0.140311804,2.85,2.81,132500000,134600000,https://www.sec.gov/Archives/edgar/data/915389/000091538922000010/0000915389-22-000010-index.htm,https://www.sec.gov/Archives/edgar/data/915389/000091538922000010/emn-20211231.htm,20.332075471698115,2.852830188679245,3.2452830188679247,1.3962264150943395,3.660377358490566,43.68301886792453,5.9245283018867925,43.04905660377359,39.29811320754717,16020575000.0,20720575000.0,10.595618386243387,5.946761321455085,37.25715116279069,86.5977027027027,2.808656206171108,2.808656206171108,7.691378990348923,29.685637535816618,48.18738372093024,112.00310810810812,0.023594658743522,0.0115476504432581,0.90445301542777,0.3324312133513757,6.73352435530086,1.5637832379670145,11.979166666666666,1.131578947368421,0.0058050350876919,0.246031746031746,0.0,0.0248700816629547,0.3223790192667053,0.5697674418604651,0.0909428359317,2.0081967213114758,0.0037119524870081,52.566739352480816,0.0309511785883004,0.0359452263217953,-55.16226415094339,1675000000.0,785000000.0,-5085000000.0,11674000000.0,1643500000.0,1174500000.0,1567000000.0,52.783964365256125,51.76580796252927,63.40046838407493,1.7050632911392405,1.738599348534202,1.4195478723404256,0.0662692847124824,1.849056603773585,2022-01-27,1.89,amc,2377358955.0,2025-04-25,2021-12-31,-0.0423280423280422,111.186875,1025399.765625
2021-09-30,EMN,USD,915389,2021-11-01,2021-11-01 17:20:00,2021,Q3,2720000000.0,2058000000.0,662000000.0,0.2433823529,66000000,0.0,0.0,201000000.0,42000000.0,267000000.0,2325000000.0,1000000.0,49000000.0,127000000.0,558000000.0,0.2051470588,395000000.0,0.1452205882,-74000000.0,321000000.0,0.1180147059,-33000000.0,351000000.0,0.1290441176,2.6,2.57,135300000,137000000,https://www.sec.gov/Archives/edgar/data/915389/000091538921000074/0000915389-21-000074-index.htm,https://www.sec.gov/Archives/edgar/data/915389/000091538921000074/emn-20210930.htm,20.103473762010346,2.5942350332594235,4.042867701404287,3.1337767923133777,5.299334811529934,45.87583148558758,5.587583148558759,45.23281596452328,40.92387287509239,13630122000.0,18401122000.0,9.7080641025641,5.011074264705883,24.91795612431444,32.1465141509434,2.2271441176470588,2.2271441176470588,6.7651183823529415,32.97692114695341,33.640076782449725,43.39887264150944,0.025751787107995,0.0311075718911393,0.8967320261437909,0.3375361338335691,8.550179211469533,1.5660134918085449,8.061224489795919,1.5451977401129944,0.0068964899947337,0.2678062678062678,0.0,0.0242647058823529,0.3352604711236853,0.2248628884826325,0.0452205882352941,0.968503937007874,0.0073529411764705,51.38338745288408,0.0305775288948135,0.0324759437453738,-53.508869179600886,1762000000.0,756000000.0,-5177000000.0,12385000000.0,1723500000.0,1090000000.0,1565500000.0,56.48161764705882,49.02332361516035,71.28279883381924,1.593438781487991,1.8358608385370203,1.2625766871165645,0.0573529411764705,0.9090909090909092,2021-10-28,2.46,amc,2611000000.0,2025-04-25,2021-09-30,0.0,110.34421875,704786.640625
2021-06-30,EMN,USD,915389,2021-08-03,2021-08-03 17:24:48,2021,Q2,2653000000.0,1972000000.0,681000000.0,0.256690539,63000000,0.0,0.0,202000000.0,38000000.0,265000000.0,2237000000.0,0.0,51000000.0,140000000.0,81000000.0,0.0305314738,416000000.0,0.1568036185,-523000000.0,-107000000.0,-0.0403317,37000000.0,-146000000.0,-0.0550320392,-1.07,-1.07,135900000,135900000,https://www.sec.gov/Archives/edgar/data/915389/000091538921000063/0000915389-21-000063-index.htm,https://www.sec.gov/Archives/edgar/data/915389/000091538921000063/emn-20210630.htm,19.521707137601176,-1.0743193524650478,3.134657836644592,2.303164091243562,4.488594554819721,44.356144223693896,4.304635761589404,43.73804267844003,41.19941133186166,15866325000.0,20805325000.0,-27.1683647260274,5.980522050508858,37.24489436619718,50.69113418530351,2.669300975773889,2.669300975773889,7.842188088955899,256.8558641975309,48.83879107981221,66.47068690095847,-0.0092018788219704,0.01972731555669,0.933378196500673,0.3446390856006957,60.97530864197531,2.064488017429194,8.156862745098039,-2.958333333333333,0.0059244973237343,-0.6438356164383562,0.0,0.0237467018469656,0.3381165362156789,0.2652582159624413,0.0425932906143987,0.8071428571428572,0.0067847719562759,,0.0394789131436231,-0.0137024870952604,-54.48491537895512,2443000000.0,585000000.0,-5332000000.0,13067000000.0,1704500000.0,1017500000.0,1503000000.0,59.027516019600455,48.33164300202839,68.50405679513185,1.5247126436781608,1.862134088762984,1.3137908061292471,-0.0245625841184387,0.8314937454010302,2021-08-02,2.32,amc,2492905172.0,2025-04-25,2021-06-30,0.0603448275862069,120.0673015873016,747237.8253968254
2021-03-31,EMN,USD,915389,2021-05-03,2021-05-03 16:41:33,2021,Q1,2409000000.0,1811000000.0,598000000.0,0.2482357825,58000000,0.0,0.0,184000000.0,40000000.0,242000000.0,2053000000.0,1000000.0,50000000.0,149000000.0,537000000.0,0.2229140722,356000000.0,0.1477791615,-17000000.0,339000000.0,0.1407222914,62000000.0,274000000.0,0.1137401411,2.01,1.99,136100000,137600000,https://www.sec.gov/Archives/edgar/data/915389/000091538921000027/0000915389-21-000027-index.htm,https://www.sec.gov/Archives/edgar/data/915389/000091538921000027/emn-20210331.htm,17.700220426157237,2.01322556943424,1.5870683321087435,0.8743570903747244,3.967670830271859,46.42909625275533,0.9698750918442322,45.79720793534166,40.955180014695074,14987332000.0,19971332000.0,13.67457299270073,6.221391448733915,69.3857962962963,125.94396638655462,2.4045133964383125,2.4045133964383125,8.290299709422998,37.190562383612665,92.45987037037035,167.82631932773108,0.0182821065150221,0.0079400389609037,0.8862506016364512,0.3410929299166409,9.28119180633147,1.88343253968254,7.12,0.779783393501805,0.0062719635489492,0.3430656934306569,0.0,0.0240763802407638,0.3820314912009879,0.449074074074074,0.0402656704026567,0.6510067114093959,0.0091324200913242,45.54670652794608,0.0199815122583615,0.0273780975219824,-53.87031594415871,1781000000.0,132000000.0,-6079000000.0,13434000000.0,1351000000.0,887500000.0,1442000000.0,62.35367372353674,48.50358917725013,74.7929320817228,1.443379269023367,1.8555327868852456,1.2033222591362127,0.0439595700304829,0.7127112417340191,2021-04-29,2.04,amc,2316240000.0,2025-04-25,2021-03-31,0.0441176470588234,108.58524590163934,949087.31147541
2020-12-31,EMN,USD,915389,2021-02-22,2021-02-22 16:38:10,2020,Q4,2186000000.0,1660000000.0,526000000.0,0.2406221409,57000000,160000000.0,14000000.0,174000000.0,-207000000.0,231000000.0,1891000000.0,1000000.0,51000000.0,145000000.0,220000000.0,0.1006404392,295000000.0,0.1349496798,-270000000.0,25000000.0,0.0114364135,-9000000.0,32000000.0,0.0146386093,0.23,0.23,135600000,137000000,https://www.sec.gov/Archives/edgar/data/915389/000091538921000016/0000915389-21-000016-index.htm,https://www.sec.gov/Archives/edgar/data/915389/000091538921000016/emn-20201231.htm,16.12094395280236,0.2359882005899705,2.994100294985251,2.21976401179941,4.166666666666667,45.04424778761062,-1.09882005899705,44.41740412979351,41.806784660766965,13597968000.0,18651968000.0,106.234125,6.220479414455626,33.492532019704434,45.17597342192691,2.257673584592396,2.257673584592396,8.532464775846295,84.78167272727272,45.9408078817734,61.96667109634552,0.0023532927860986,0.0221356602692402,0.932757761912668,0.3493129391282721,22.972727272727276,1.737487733071639,5.784313725490196,11.941176470588236,0.0065450955613368,2.78125,0.0731930466605672,0.026075022872827,0.3890443325250264,0.2586206896551724,0.0480329368709972,0.7241379310344828,0.005946935041171,15.3572335952156,0.0277647058823529,0.0032566659881945,-58.59697640117994,1503000000.0,-149000000.0,-6434000000.0,13309000000.0,1243500000.0,731000000.0,1358500000.0,42.52973467520586,43.31927710843374,74.76506024096386,2.116166505324298,2.0775969962453065,1.203770848440899,0.0053129669599867,0.7743362831858407,2021-01-28,1.53,amc,1909106666.0,2025-04-25,2020-12-31,0.1045751633986927,92.72625,848979.828125
2020-09-30,EMN,USD,915389,2020-11-03,2020-11-03 14:32:21,2020,Q3,2122000000.0,1621000000.0,501000000.0,0.2360980207,56000000,0.0,0.0,165000000.0,23000000.0,221000000.0,1842000000.0,2000000.0,52000000.0,149000000.0,391000000.0,0.184260132,280000000.0,0.1319509896,-90000000.0,190000000.0,0.0895381715,25000000.0,161000000.0,0.075871819,1.19,1.18,135300000,136300000,https://www.sec.gov/Archives/edgar/data/915389/000091538920000064/0000915389-20-000064-index.htm,https://www.sec.gov/Archives/edgar/data/915389/000091538920000064/emn-20200930.htm,15.683665927568368,1.1899482631189948,3.2668144863266813,2.6607538802660757,4.8041389504804135,45.49889135254989,-0.6577974870657798,44.90022172949002,43.732446415373246,10569636000.0,15784636000.0,16.412478260869566,4.9809783223374176,23.913203619909503,29.3601,1.739857777777778,1.739857777777778,7.438565504241282,40.36991304347826,35.71184615384615,43.84621111111111,0.0152323126359318,0.0340598294964935,0.965432098765432,0.3663564245112124,13.337595907928389,1.975405254332029,5.384615384615385,2.6787878787878787,0.0085149573741233,0.5590062111801242,0.0,0.0263901979264844,0.3900930726466363,0.1855203619909502,0.0386427898209236,0.5503355704697986,0.0051837888784165,34.67205170400144,0.0166046090369326,0.0164891437935272,-55.01478196600148,1745000000.0,-89000000.0,-6319000000.0,13479000000.0,1390000000.0,594000000.0,1378500000.0,61.66823751178134,36.81061073411474,74.28747686613201,1.459422283356259,2.444947209653092,1.211509715994021,0.0265020576131687,0.6060606060606061,2020-10-29,1.4,amc,1851681528.0,2025-04-25,2020-09-30,0.1214285714285715,75.3684375,1003002.796875
2020-06-30,EMN,USD,915389,2020-08-05,2020-08-05 13:19:38,2020,Q2,1924000000.0,1553000000.0,371000000.0,0.1928274428,52000000,0.0,0.0,155000000.0,31000000.0,207000000.0,1760000000.0,0.0,55000000.0,141000000.0,335000000.0,0.1741164241,164000000.0,0.0852390852,-165000000.0,-1000000.0,-0.0005197505,-31000000.0,27000000.0,0.014033264,0.2,0.2,135300000,136100000,https://www.sec.gov/Archives/edgar/data/915389/000091538920000056/0000915389-20-000056-index.htm,https://www.sec.gov/Archives/edgar/data/915389/000091538920000056/emn-20200630.htm,14.220251293422026,0.1995565410199556,3.222468588322247,2.505543237250554,5.3067257945306725,45.07021433850702,-1.06430155210643,44.50110864745011,45.73540280857354,9422292000.0,14851292000.0,87.24344444444445,4.897241164241164,21.61076146788991,27.794371681415928,1.5649048330842052,1.5649048330842052,7.718966735966736,44.33221492537314,34.06259633027523,43.809120943952806,0.0028655448164841,0.0359785071403008,1.0186015612024582,0.3839604332310774,16.20597014925373,1.8775292864749733,2.981818181818182,14.533333333333331,0.0094456847654477,3.2962962962962963,0.0,0.027027027027027,0.3907844487572779,0.2224770642201834,0.0504158004158004,0.6879432624113475,0.0025987525987525,14.135450631227275,-0.3318494536624848,0.0027746377556263,-55.0849963045085,1648000000.0,-144000000.0,-6349000000.0,13368000000.0,1381000000.0,647500000.0,1539000000.0,62.02702702702703,30.42498390212492,82.23438506117192,1.4509803921568627,2.958095238095238,1.094432699083862,0.0044843049327354,0.7169253510716925,2020-08-03,1.03,amc,2376705882.0,2025-04-25,2020-06-30,-0.1747572815533981,63.00492063492064,1429042.507936508
2020-03-31,EMN,USD,915389,2020-05-11,2020-05-11 11:30:03,2020,Q1,2241000000.0,1664000000.0,577000000.0,0.2574743418,61000000,160000000.0,0.0,160000000.0,26000000.0,221000000.0,1885000000.0,1000000.0,52000000.0,139000000.0,525000000.0,0.234270415,356000000.0,0.1588576528,-40000000.0,316000000.0,0.1410084784,56000000.0,258000000.0,0.1151271754,1.9,1.89,136000000,136500000,https://www.sec.gov/Archives/edgar/data/915389/000091538920000034/0000915389-20-000034-index.htm,https://www.sec.gov/Archives/edgar/data/915389/000091538920000034/emn-20200331.htm,16.477941176470587,1.897058823529412,1.2573529411764706,0.5294117647058824,5.125,45.52941176470589,-1.375,44.97794117647059,46.66176470588236,6334880000.0,11948880000.0,6.138449612403101,2.826809460062472,37.04608187134503,87.98444444444445,1.0356187673696255,1.0356187673696255,5.33194109772423,22.75977142857143,69.87649122807018,165.95666666666668,0.0407268961685146,0.0113656454423761,1.0289357528200098,0.3822654114788946,10.693333333333332,1.663498920086393,6.846153846153846,0.6576923076923077,0.0142070568029702,0.3488372093023256,0.071396697902722,0.0272199910754127,0.3874278773155177,0.5789473684210527,0.0441767068273092,0.7122302158273381,0.0066934404283801,43.81587045686452,0.0194161071460336,0.0255800118976799,-56.39338235294117,1536000000.0,-187000000.0,-6422000000.0,13413000000.0,1208000000.0,830000000.0,1660500000.0,57.670682730923694,41.64663461538462,89.7295673076923,1.5605849582172702,2.161038961038961,1.0030138637733574,0.0421775380088278,0.7279411764705882,2020-04-30,1.71,amc,1887738916.0,2025-04-25,2020-03-31,0.1871345029239765,64.22145161290322,1497637.5
2019-12-31,EMN,USD,915389,2020-02-26,2020-02-26 16:19:17,2019,Q4,2205000000.0,1708000000.0,497000000.0,0.2253968254,60000000,176000000.0,0.0,176000000.0,-125000000.0,236000000.0,1944000000.0,1000000.0,53000000.0,149000000.0,288000000.0,0.1306122449,261000000.0,0.1183673469,-252000000.0,9000000.0,0.0040816327,-18000000.0,26000000.0,0.0117913832,0.19,0.19,135900000,137100000,https://www.sec.gov/Archives/edgar/data/915389/000091538920000016/0000915389-20-000016-index.htm,https://www.sec.gov/Archives/edgar/data/915389/000091538920000016/emn2019123110k.htm,16.225165562913908,0.191317144959529,4.937454010301693,4.076526857983811,1.5084621044885946,44.38557763061074,-3.0169242089771893,43.84105960264901,42.93598233995585,10771434000.0,16349434000.0,103.57148076923076,4.885004081632653,16.052807749627423,19.44302166064982,1.8078942598187315,1.8078942598187315,7.414709297052154,56.76886805555556,24.36577347242921,29.511613718411557,0.0024137918869483,0.0514323348219002,0.9704598858677408,0.3611944027986007,19.36805555555556,1.8563443264393515,4.9245283018867925,24.85185185185185,0.0078912427073312,3.269230769230769,0.0798185941043083,0.0272108843537414,0.402423788105947,0.1743666169895678,0.0530612244897959,0.785234899328859,0.0058956916099773,13.737532274449274,0.0542056074766355,0.0027179594396822,-60.37527593818984,1532000000.0,-410000000.0,-6655000000.0,13545000000.0,1225000000.0,803000000.0,1678500000.0,40.0,46.896955503512885,87.57611241217799,2.25,1.9191011235955056,1.0276774969915763,0.004363880496811,0.8609271523178808,2020-01-30,1.33,amc,2065246478.0,2025-04-25,2019-12-31,0.0676691729323307,76.895,1009650.375
2019-09-30,EMN,USD,915389,2019-11-01,2019-11-01 14:58:02,2019,Q3,2325000000.0,1751000000.0,574000000.0,0.2468817204,59000000,163000000.0,0.0,163000000.0,17000000.0,222000000.0,1973000000.0,1000000.0,54000000.0,151000000.0,523000000.0,0.2249462366,352000000.0,0.1513978495,-39000000.0,313000000.0,0.1346236559,46000000.0,266000000.0,0.1144086022,1.95,1.93,136800000,137800000,https://www.sec.gov/Archives/edgar/data/915389/000091538919000064/0000915389-19-000064-index.htm,https://www.sec.gov/Archives/edgar/data/915389/000091538919000064/emn2019093010q.htm,16.99561403508772,1.9444444444444444,3.04093567251462,2.236842105263158,1.513157894736842,44.5687134502924,-2.931286549707602,44.00584795321637,45.78216374269006,10099944000.0,16101944000.0,9.49242857142857,4.344061935483871,24.27871153846154,33.00635294117647,1.677731561461794,1.677731561461794,6.925567311827957,30.78765583173996,38.70659615384616,52.62073202614379,0.0263367796890755,0.0302971976874327,1.0313953488372094,0.3847679246452252,11.476099426386233,1.6538461538461535,6.518518518518518,1.5580524344569289,0.008415888246509,0.3195488721804511,0.0701075268817204,0.0253763440860215,0.4026770775237033,0.2644230769230769,0.0473118279569892,0.7284768211920529,0.0055913978494623,43.87773749811191,0.0203516585744224,0.027596223674655,-57.62426900584796,1360000000.0,-401000000.0,-6600000000.0,13597000000.0,1494000000.0,765000000.0,1712500000.0,56.903225806451616,36.80182752712736,87.12164477441462,1.5816326530612246,2.445530726256983,1.033038348082596,0.0441860465116279,0.804093567251462,2019-10-24,1.98,amc,2372938144.0,2025-04-25,2019-09-30,-0.0202020202020202,71.7578125,1094741.84375
2019-06-30,EMN,USD,915389,2019-08-06,2019-08-06 15:09:03,2019,Q2,2363000000.0,1774000000.0,589000000.0,0.249259416,57000000,165000000.0,0.0,165000000.0,22000000.0,222000000.0,1996000000.0,0.0,55000000.0,156000000.0,544000000.0,0.2302158273,367000000.0,0.1553110453,-51000000.0,316000000.0,0.1337283115,57000000.0,258000000.0,0.1091832416,1.87,1.85,137800000,139100000,https://www.sec.gov/Archives/edgar/data/915389/000091538919000050/0000915389-19-000050-index.htm,https://www.sec.gov/Archives/edgar/data/915389/000091538919000050/emn2019063010q.htm,17.148040638606677,1.8722786647314948,3.0624092888243832,2.39477503628447,1.3570391872278664,43.14949201741655,-4.55732946298984,42.59071117561684,46.516690856313495,10967502000.0,17136502000.0,10.627424418604653,4.6413465933135845,25.98934123222749,33.234854545454546,1.868717328335321,1.868717328335321,7.252011002962336,31.50092279411765,40.607824644549765,51.92879393939394,0.0235240440348221,0.030088893532912,1.0828079741012098,0.3909325787401574,11.340073529411764,1.5795148247978437,6.672727272727273,1.6293436293436294,0.0078413480116073,0.3333333333333333,0.0698264917477782,0.0241218789674143,0.4044045275590551,0.2180094786729857,0.0389335590351248,0.5897435897435898,0.0063478628861616,42.35785401341285,0.0203010483168922,0.0266473869035323,-58.92235123367199,1290000000.0,-628000000.0,-6794000000.0,13625000000.0,1550000000.0,835500000.0,1717000000.0,57.81633516716039,41.29650507328072,87.76775648252536,1.5566534914361,2.17936117936118,1.0254335260115608,0.0439597887203953,0.6676342525399129,2019-07-25,2.09,amc,2481743718.0,2025-04-25,2019-06-30,-0.047846889952153,75.96761904761905,1160973.2063492064
2019-03-31,EMN,USD,915389,2019-05-03,2019-05-03 08:49:56,2019,Q1,2380000000.0,1806000000.0,574000000.0,0.2411764706,58000000,187000000.0,0.0,187000000.0,23000000.0,245000000.0,2051000000.0,1000000.0,56000000.0,155000000.0,505000000.0,0.2121848739,329000000.0,0.1382352941,-65000000.0,264000000.0,0.1109243697,55000000.0,209000000.0,0.0878151261,1.5,1.49,139000000,140100000,https://www.sec.gov/Archives/edgar/data/915389/000091538919000021/0000915389-19-000021-index.htm,https://www.sec.gov/Archives/edgar/data/915389/000091538919000021/emn2019033110q.htm,17.12230215827338,1.5035971223021585,-0.0359712230215827,-0.7985611510791367,1.4028776978417266,42.58273381294964,-4.9496402877697845,42.03597122302158,46.906474820143885,10914280000.0,17183280000.0,13.05535885167464,4.585831932773109,-2182.856,-98.32684684684683,1.867924011637857,1.867924011637857,7.219865546218488,34.02629702970297,-3436.656,-154.8043243243243,0.0191492246854579,-0.0101701623927551,1.1062810200239603,0.3950858749465191,12.413861386138612,1.5097789115646258,5.875,-0.0239234449760765,0.0079712083618891,0.416267942583732,0.0785714285714285,0.0243697478991596,0.4038261719943768,-21.2,0.0445378151260504,0.6838709677419355,0.007563025210084,37.71095624208581,0.0174476375491246,0.021427106827968,-59.05395683453237,1199000000.0,-688000000.0,-6891000000.0,13601000000.0,1532500000.0,885500000.0,1643500000.0,59.82352941176471,42.70764119601328,84.91694352159467,1.5044247787610618,2.1073512252042006,1.0598591549295775,0.0357692965942153,0.762589928057554,2019-04-25,1.87,amc,2514463276.0,2025-04-25,2019-03-31,-0.053475935828877,79.47967213114754,1215056.9344262294
2018-12-31,EMN,USD,915389,2019-02-27,2019-02-27 17:08:47,2018,Q4,2376000000.0,1910000000.0,466000000.0,0.1961279461,59000000,167000000.0,0.0,167000000.0,-66000000.0,226000000.0,2136000000.0,0.0,57000000.0,153000000.0,345000000.0,0.1452020202,240000000.0,0.101010101,-169000000.0,71000000.0,0.0298821549,36000000.0,34000000.0,0.0143097643,0.25,0.24,139800000,141100000,https://www.sec.gov/Archives/edgar/data/915389/000091538919000009/0000915389-19-000009-index.htm,https://www.sec.gov/Archives/edgar/data/915389/000091538919000009/emn2018123110k.htm,16.99570815450644,0.2432045779685264,5.293276108726753,4.241773962804006,1.6237482117310444,42.04577968526466,-5.536480686695279,41.509298998569385,44.52789699570816,10220778000.0,16162778000.0,75.15277941176471,4.301674242424243,13.811862162162162,17.235713322091062,1.7612920902981215,1.7612920902981215,6.8025159932659935,46.84863188405797,21.84159189189189,27.255949409780776,0.0033265569411643,0.0580190666503078,1.062898500775461,0.3856205064082526,17.223188405797103,1.8179362506753107,4.2105263157894735,21.142857142857142,0.0076315129826711,2.294117647058824,0.0702861952861952,0.0248316498316498,0.4158799624882776,0.1986486486486486,0.0618686868686868,0.9607843137254902,0.0046296296296296,15.071269347872462,0.0082233863317529,0.0036390880873381,-57.12625178826895,1514000000.0,-774000000.0,-6752000000.0,13766000000.0,1627500000.0,868500000.0,1604000000.0,56.17424242424242,43.06806282722513,74.59162303664921,1.6021577882670264,2.089715536105033,1.2065698041692987,0.0058590384283991,1.0515021459227467,2019-01-31,1.6,amc,2752057553.0,2025-04-25,2018-12-31,-0.1312500000000001,79.72460317460317,1460731.634920635
2018-09-30,EMN,USD,915389,2018-10-29,2018-10-29 14:25:59,2018,Q3,2547000000.0,1819000000.0,728000000.0,0.2858264625,60000000,175000000.0,0.0,175000000.0,24000000.0,235000000.0,2054000000.0,0.0,58000000.0,151000000.0,608000000.0,0.2387122104,493000000.0,0.1935610522,-34000000.0,459000000.0,0.1802120141,46000000.0,412000000.0,0.1617589321,2.93,2.89,140600000,142400000,https://www.sec.gov/Archives/edgar/data/915389/000091538918000058/0000915389-18-000058-index.htm,https://www.sec.gov/Archives/edgar/data/915389/000091538918000058/emn2018093010q.htm,18.115220483641536,2.930298719772404,2.809388335704125,1.8349928876244663,1.372688477951636,42.63869132290185,-5.298719772403983,42.10526315789474,47.539118065433854,13619922000.0,20052922000.0,8.26451577669903,5.347436984687868,34.48081518987342,52.79039534883721,2.3006625,2.3006625,7.873153513937966,32.98177960526316,50.76689113924051,77.72450387596899,0.0302498061295798,0.0189428397607563,1.1192567567567568,0.4049627184940716,10.580592105263158,1.693915466790525,8.5,0.9564164648910412,0.0058737487630252,0.1941747572815534,0.0687082842559874,0.0235571260306242,0.4119300818970786,0.3468354430379747,0.0537887711032587,0.9072847682119204,0.005889281507656,52.68844722862243,0.0296975692972211,0.0428185408438994,-57.13015647226174,1494000000.0,-745000000.0,-6720000000.0,13804000000.0,1739500000.0,817000000.0,1578500000.0,62.61484098939929,40.72017592083562,80.40131940626718,1.4373589164785554,2.210206561360875,1.1193846153846154,0.0695945945945945,0.9743954480796586,2018-10-25,2.29,amc,2492576923.0,2025-04-25,2018-09-30,0.0218340611353711,99.15015873015874,842521.9206349206
2018-06-30,EMN,USD,915389,2018-08-03,2018-08-03 13:32:07,2018,Q2,2621000000.0,1917000000.0,704000000.0,0.2685997711,60000000,189000000.0,0.0,189000000.0,40000000.0,249000000.0,2166000000.0,2000000.0,61000000.0,148000000.0,595000000.0,0.2270125906,455000000.0,0.1735978634,-25000000.0,430000000.0,0.1640595193,84000000.0,344000000.0,0.1312476154,2.42,2.39,141900000,144000000,https://www.sec.gov/Archives/edgar/data/915389/000091538918000048/0000915389-18-000048-index.htm,https://www.sec.gov/Archives/edgar/data/915389/000091538918000048/emn2018063010q.htm,18.4707540521494,2.4242424242424243,3.1219168428470754,2.3044397463002118,1.367159971811135,40.69062720225511,-7.1740662438336855,40.14799154334038,47.61099365750528,14184324000.0,20686324000.0,10.308375,5.4117985501716905,32.01879006772009,43.3771376146789,2.4897883096366504,2.4897883096366504,7.892531095001908,34.76693109243698,46.69599097065463,63.260929663608565,0.0242521250924612,0.0230536189105663,1.1751799192557486,0.4117466174661746,10.927731092436977,1.6914893617021276,7.459016393442623,1.2803468208092486,0.00564002909127,0.2325581395348837,0.0721098817245326,0.022892025944296,0.4177121771217712,0.2618510158013544,0.044257916825639,0.7837837837837838,0.0053414727203357,46.79626531913168,0.0246476557876509,0.0363329108576256,-58.109584214235376,1430000000.0,-1018000000.0,-6988000000.0,13792000000.0,1728000000.0,824500000.0,1504000000.0,58.615032430370086,38.075117370892016,71.92488262910798,1.5354422964264791,2.363748458692972,1.251305483028721,0.0603826575390556,0.817477096546864,2018-07-26,2.21,amc,2609193693.0,2025-04-25,2018-06-30,0.0045248868778281,105.56515625,1001903.53125
2018-03-31,EMN,USD,915389,2018-05-07,2018-05-07 16:08:53,2018,Q1,2607000000.0,2026000000.0,581000000.0,0.2228615267,56000000,190000000.0,0.0,190000000.0,76000000.0,246000000.0,2272000000.0,1000000.0,59000000.0,152000000.0,607000000.0,0.2328346759,335000000.0,0.1285001918,15000000.0,350000000.0,0.1342539317,60000000.0,290000000.0,0.111238972,2.03,2.0,142800000,144800000,https://www.sec.gov/Archives/edgar/data/915389/000091538918000026/0000915389-18-000026-index.htm,https://www.sec.gov/Archives/edgar/data/915389/000091538918000026/emn2018033110q.htm,18.256302521008404,2.030812324929972,-0.2450980392156862,-1.1414565826330532,1.3585434173669468,39.35574229691877,-8.88655462184874,38.83053221288515,48.73249299719888,15076824000.0,21782824000.0,12.997262068965515,5.7832082853855,-430.7664,-92.4958527607362,2.718994409377818,2.718994409377818,8.355513617184503,35.88603624382208,-622.3664,-133.63695705521474,0.0192348202777985,-0.0108112955354522,1.2443642921550946,0.4216057680557253,11.047775947281714,1.716609167077378,5.677966101694915,-0.1206896551724138,0.0053061573180133,0.2758620689655172,0.0728807057920982,0.0214806290755657,0.4209336429182451,-3.657142857142857,0.0490985807441503,0.8421052631578947,0.0092059838895281,42.12237263657097,0.0185965046610899,0.0306004009707713,-59.53956582633053,1454000000.0,-1269000000.0,-7263000000.0,13975000000.0,1567500000.0,840000000.0,1492500000.0,60.37974683544304,37.22606120434353,65.56762092793682,1.490566037735849,2.4176610978520285,1.372628726287263,0.0522993688007213,0.896358543417367,2018-04-26,2.09,amc,2443331838.0,2025-04-25,2018-03-31,0.0669856459330144,101.1055737704918,1356697.0819672132
2017-12-31,EMN,USD,915389,2018-03-01,2018-03-01 11:46:41,2017,Q4,2362000000.0,1866000000.0,496000000.0,0.2099915326,49000000,174000000.0,-3000000.0,171000000.0,-10000000.0,220000000.0,2086000000.0,0.0,59000000.0,147000000.0,523000000.0,0.2214225233,268000000.0,0.1134631668,-69000000.0,199000000.0,0.0842506351,-383000000.0,581000000.0,0.2459779848,4.05,4.01,143300000,144800000,https://www.sec.gov/Archives/edgar/data/915389/000091538918000016/0000915389-18-000016-index.htm,https://www.sec.gov/Archives/edgar/data/915389/000091538918000016/emn2017123110k.htm,16.482903000697835,4.054431263084438,4.508025122121423,3.035589672016748,1.3398464759246336,38.24145150034891,-9.909281228192604,38.33914863921842,46.05024424284717,13275312000.0,19624312000.0,5.712268502581756,5.620369178662151,20.5500185758514,30.51795862068965,2.4163290862759377,2.4163290862759377,8.308345469940727,37.52258508604206,30.3781919504644,45.11336091954023,0.0437654497310496,0.0327675914509579,1.190389515835457,0.4087755484717795,12.139579349904398,1.5857719475277496,4.5423728813559325,1.1099656357388317,0.0054989291400458,0.1256454388984509,0.073666384419983,0.0207451312447078,0.4312769548096756,0.326625386996904,0.0893310753598645,1.435374149659864,0.0050804403048264,59.13947466764469,0.0543927130447518,0.0638531706780965,-59.546406140963015,1161000000.0,-1420000000.0,-7376000000.0,13668000000.0,1405500000.0,765500000.0,1542500000.0,52.81117696867062,40.61093247588425,72.78135048231512,1.7041847041847042,2.216152019002376,1.2365805168986084,0.1057517291590826,1.4724354501046757,2018-02-01,1.06,amc,1545506172.0,2025-04-25,2017-12-31,0.5283018867924528,90.86,1129804.174603175
2017-09-30,EMN,USD,915389,2017-11-02,2017-11-02 08:25:12,2017,Q3,2465000000.0,1774000000.0,691000000.0,0.2803245436,56000000,175000000.0,0.0,175000000.0,4000000.0,231000000.0,2005000000.0,8000000.0,61000000.0,148000000.0,608000000.0,0.246653144,460000000.0,0.1866125761,-57000000.0,403000000.0,0.1634888438,79000000.0,323000000.0,0.1310344828,2.24,2.22,144300000,145500000,https://www.sec.gov/Archives/edgar/data/915389/000091538917000062/0000915389-17-000062-index.htm,https://www.sec.gov/Archives/edgar/data/915389/000091538917000062/emn2017093010q.htm,17.082467082467083,2.2383922383922386,3.6590436590436592,2.557172557172557,1.351351351351351,35.336105336105334,-12.647262647262648,34.80942480942481,46.81219681219681,13057707000.0,19556707000.0,10.106584365325077,5.297244219066937,24.73050568181818,35.38673983739837,2.599583316742982,2.599583316742982,7.93375537525355,32.16563651315789,37.039217803030304,52.99920596205962,0.0247363491920901,0.028259172916041,1.3326697192912602,0.4177483774338492,10.689144736842104,1.8322981366459627,7.540983606557377,1.6296296296296295,0.0056671512080949,0.2291021671826625,0.0709939148073022,0.0227180527383367,0.4321018472291563,0.3011363636363636,0.0645030425963488,1.0743243243243243,0.0052738336713995,41.87046443636709,0.025292456758961,0.0354945054945054,-61.49168399168399,1474000000.0,-1825000000.0,-7680000000.0,13883000000.0,1431000000.0,682000000.0,1558000000.0,52.02839756592292,34.95490417136415,79.95490417136415,1.7298245614035088,2.574746008708273,1.1256345177664977,0.0643042006768863,1.1018711018711018,2017-10-26,2.03,amc,2284908675.0,2025-04-25,2017-09-30,0.0788177339901478,85.12857142857143,1037805.1904761904
2017-06-30,EMN,USD,915389,2017-08-04,2017-08-04 09:50:49,2017,Q2,2419000000.0,1768000000.0,651000000.0,0.2691194709,55000000,176000000.0,0.0,176000000.0,-1000000.0,231000000.0,1999000000.0,8000000.0,61000000.0,147000000.0,567000000.0,0.2343943778,420000000.0,0.1736254651,-61000000.0,359000000.0,0.1484084332,65000000.0,292000000.0,0.1207110376,2.01,2.0,145300000,146400000,https://www.sec.gov/Archives/edgar/data/915389/000091538917000044/0000915389-17-000044-index.htm,https://www.sec.gov/Archives/edgar/data/915389/000091538917000044/emn2017063010q.htm,16.64831383344804,2.00963523743978,2.966276668960771,1.9614590502408809,1.5347556779077771,33.65450791465933,-14.108740536820372,33.117687543014455,47.77701307639367,12203747000.0,18862747000.0,10.44841352739726,5.044955353451839,28.31495823665893,42.8201649122807,2.5361070241064003,2.5361070241064003,7.797745762711864,33.26763139329806,43.76507424593967,66.18507719298246,0.0239270774787448,0.0233534831556242,1.4299667497921862,0.4310323227261338,11.744268077601411,2.043859649122807,6.885245901639344,1.465986394557823,0.0060637114158462,0.2534246575342466,0.0727573377428689,0.0227366680446465,0.4347281383112002,0.3387470997679814,0.0603555188094253,0.9931972789115646,0.0053741215378255,38.697230095339535,0.0235909075277691,0.0323581560283687,-61.96317962835513,1666000000.0,-2050000000.0,-7812000000.0,14009000000.0,1421000000.0,671500000.0,1517500000.0,53.46424142207524,34.36085972850679,78.39366515837104,1.6833681280445372,2.6192592592592594,1.148051948051948,0.0606816292601828,1.0048176187198898,2017-07-27,1.91,amc,2333479797.0,2025-04-25,2017-06-30,0.0366492146596858,80.59142857142858,1135099.873015873
2017-03-31,EMN,USD,915389,2017-05-05,2017-05-05 08:39:22,2017,Q1,2303000000.0,1678000000.0,625000000.0,0.2713851498,54000000,174000000.0,0.0,174000000.0,4000000.0,228000000.0,1906000000.0,6000000.0,60000000.0,145000000.0,542000000.0,0.2353452019,397000000.0,0.1723838472,-56000000.0,341000000.0,0.1480677377,62000000.0,278000000.0,0.1207121146,1.9,1.89,146200000,147200000,https://www.sec.gov/Archives/edgar/data/915389/000091538917000023/0000915389-17-000023-index.htm,https://www.sec.gov/Archives/edgar/data/915389/000091538917000023/emn2017033110q.htm,15.752393980848153,1.901504787961696,0.3556771545827633,-0.5540355677154583,1.347469220246238,32.332421340629274,-14.986320109439124,31.812585499316004,47.489740082079344,11812960000.0,18498960000.0,10.6231654676259,5.129379070777247,227.1723076923077,-145.839012345679,2.539875295635347,2.539875295635347,8.032548849326965,34.130922509225094,355.7492307692308,-228.38222222222225,0.0235334750985358,-0.0068568758380626,1.4798967963878735,0.4368771818470326,12.33579335793358,1.93341478313989,6.616666666666666,0.1863799283154122,0.0063489591093172,0.2697841726618705,0.0755536257056014,0.0234476769431176,0.4390986988257696,2.5576923076923075,0.0577507598784194,0.9172413793103448,0.0060790273556231,36.89261622599812,0.0225208473839133,0.0314586398098902,-61.762995896032834,1528000000.0,-2191000000.0,-7863000000.0,13767000000.0,1308000000.0,686000000.0,1449500000.0,54.90664350846722,35.82836710369487,80.18474374255065,1.6391459074733097,2.5119760479041915,1.122408026755853,0.0597720920232208,0.9097127222982216,2017-04-27,1.75,amc,2202322404.0,2025-04-25,2017-03-31,0.0457142857142857,78.64790322580646,1272016.8870967743
2016-12-31,EMN,USD,915389,2017-02-27,2017-02-27 14:41:34,2016,Q4,2188000000.0,1683000000.0,505000000.0,0.2308043876,54000000,165000000.0,-4000000.0,161000000.0,1000000.0,215000000.0,1898000000.0,5000000.0,64000000.0,144000000.0,413000000.0,0.1887568556,273000000.0,0.1247714808,-118000000.0,134000000.0,0.0612431444,4000000.0,128000000.0,0.0585009141,0.88,0.87,146500000,147500000,https://www.sec.gov/Archives/edgar/data/915389/000091538917000014/0000915389-17-000014-index.htm,https://www.sec.gov/Archives/edgar/data/915389/000091538917000014/emn2016123110k.htm,14.935153583617748,0.8737201365187713,2.6621160409556315,0.9488054607508531,1.242320819112628,31.453924914675767,-15.849829351535837,31.02389078498293,45.44709897610922,11018265000.0,17431265000.0,21.520048828125,5.035770109689214,28.251961538461536,79.26809352517985,2.4242607260726072,2.4242607260726072,7.966757312614259,42.20645278450363,44.69555128205128,125.40478417266188,0.0116170740130138,0.0126154163110072,1.450825082508251,0.426602833667594,15.527845036319611,1.596657381615599,4.265625,3.0,0.0061715705694136,0.53125,0.0754113345521023,0.0246800731261425,0.4483405576761338,0.6435897435897436,0.1147166361974405,1.7430555555555556,0.0041133455210237,24.69594009285679,0.0189925239346473,0.0150111410812712,-61.82081911262799,1071000000.0,-2322000000.0,-7983000000.0,13277000000.0,1187000000.0,666500000.0,1437500000.0,49.8126142595978,37.64705882352941,75.08021390374331,1.8067712634186623,2.390625,1.198717948717949,0.0281628162816281,1.713310580204778,2017-01-26,1.48,amc,2159019867.0,2025-04-25,2016-12-31,0.0202702702702702,72.21587301587302,1437976.396825397
2016-09-30,EMN,USD,915389,2016-11-04,2016-11-04 11:23:33,2016,Q3,2287000000.0,1666000000.0,621000000.0,0.2715347617,54000000,181000000.0,0.0,181000000.0,-3000000.0,235000000.0,1901000000.0,7000000.0,64000000.0,145000000.0,531000000.0,0.2321818977,356000000.0,0.1556624399,-67000000.0,289000000.0,0.1263664189,56000000.0,232000000.0,0.1014429383,1.57,1.56,147200000,148200000,https://www.sec.gov/Archives/edgar/data/915389/000091538916000158/0000915389-16-000158-index.htm,https://www.sec.gov/Archives/edgar/data/915389/000091538916000158/emn2016093010q.htm,15.536684782608695,1.576086956521739,3.057065217391304,2.099184782608696,1.40625,30.67934782608696,-16.99048913043478,30.190217391304348,45.32608695652174,9962496000.000002,16363496000.000002,10.73544827586207,4.356141670310452,22.138880000000004,32.241087378640785,2.241785778577858,2.241785778577858,7.155004809794492,30.81637664783428,36.36332444444445,52.95629773462784,0.0232873368280398,0.0310163236201048,1.486948694869487,0.4266253470204661,12.054613935969869,1.314596554850408,5.5625,1.931330472103004,0.0068255987254599,0.293103448275862,0.0791429820725841,0.0236117184083952,0.453031183420492,0.3133333333333333,0.0616528202885876,0.9724137931034482,0.0030607783121993,32.72008827176796,0.0205629245621193,0.0273843248347497,-62.216372282608695,694000000.0,-2501000000.0,-8073000000.0,12908000000.0,1057000000.0,619500000.0,1458000000.0,45.76738084827284,33.97959183673469,79.4657863145258,1.9664660361135,2.6486486486486487,1.13256288239293,0.0522052205220522,0.9578804347826086,2016-10-27,1.67,amc,2053381720.0,2025-04-25,2016-09-30,0.1137724550898204,67.10609375,1381608.703125
2016-06-30,EMN,USD,915389,2016-08-03,2016-08-03 13:48:48,2016,Q2,2297000000.0,1692000000.0,605000000.0,0.2633870266,55000000,174000000.0,0.0,174000000.0,20000000.0,229000000.0,1921000000.0,8000000.0,63000000.0,144000000.0,520000000.0,0.2263822377,376000000.0,0.1636917719,-52000000.0,324000000.0,0.1410535481,67000000.0,255000000.0,0.1110143666,1.73,1.71,147800000,148900000,https://www.sec.gov/Archives/edgar/data/915389/000091538916000147/0000915389-16-000147-index.htm,https://www.sec.gov/Archives/edgar/data/915389/000091538916000147/emn2016063010q.htm,15.54127198917456,1.7253044654939107,3.342354533152909,2.503382949932341,1.6238159675236807,30.12855209742896,-17.943166441136672,29.60081190798376,46.46143437077132,10035620000.0,16599620000.0,9.838843137254903,4.369011754462342,20.315020242914983,27.1232972972973,2.2938560000000003,2.2938560000000003,7.226652154984762,31.922346153846156,33.60246963562753,44.86383783783784,0.0254094913916628,0.0368686737839814,1.5552,0.4366576819407008,12.623076923076924,1.33851073549566,5.968253968253968,1.9221789883268483,0.0067758643711101,0.2666666666666666,0.0757509795385285,0.0239442751414888,0.4559748427672956,0.2510121457489878,0.0539834566826295,0.8611111111111112,0.0030474531998258,33.89814584545176,0.0210136626210277,0.0300813967205379,-63.95974289580514,741000000.0,-2652000000.0,-8199000000.0,13008000000.0,951000000.0,621500000.0,1469000000.0,37.26164562472791,32.4468085106383,76.86170212765957,2.4153522607781284,2.773770491803279,1.1709342560553633,0.0582857142857142,0.8389715832205683,2016-07-28,1.73,amc,2365363095.0,2025-04-25,2016-06-30,-0.0289017341040462,73.490625,1235809.859375
2016-03-31,EMN,USD,915389,2016-05-05,2016-05-05 14:10:47,2016,Q1,2236000000.0,1602000000.0,634000000.0,0.2835420394,54000000,183000000.0,0.0,183000000.0,-12000000.0,237000000.0,1839000000.0,6000000.0,64000000.0,147000000.0,553000000.0,0.2473166369,399000000.0,0.1784436494,-76000000.0,323000000.0,0.1444543828,72000000.0,251000000.0,0.112254025,1.7,1.69,147800000,148800000,https://www.sec.gov/Archives/edgar/data/915389/000091538916000120/0000915389-16-000120-index.htm,https://www.sec.gov/Archives/edgar/data/915389/000091538916000120/emn2016033110q.htm,15.128552097428958,1.6982408660351829,0.3179972936400541,-0.4262516914749661,1.3667117726657645,28.99188092016238,-19.479025710419485,28.44384303112314,48.32205683355886,10675594000.0,17551594000.0,10.633061752988048,4.774415921288014,227.14029787234043,-169.45387301587303,2.539389628924833,2.539389628924833,7.849550089445438,31.73886799276673,373.4381702127659,-278.59673015873017,0.023511572283472,-0.0059013109715487,1.6836346336822074,0.4532530737704918,12.433996383363471,1.550081212777477,6.234375,0.1872509960159362,0.0063696689851637,0.2709163346613545,0.0818425760286225,0.0241502683363148,0.4587602459016393,2.3404255319148937,0.0491949910554561,0.7482993197278912,0.005813953488372,32.96742595361709,0.0217097621852269,0.0296971131093232,-65.42117726657645,1016000000.0,-2879000000.0,-8468000000.0,13365000000.0,871500000.0,666000000.0,1486000000.0,38.27817531305904,35.561797752808985,83.87640449438203,2.351209253417456,2.530805687203792,1.073007367716008,0.0597050428163653,0.7442489851150202,2016-04-28,1.53,amc,2000631578.0,2025-04-25,2016-03-31,0.1176470588235293,65.50704918032787,1462128.5573770492
2015-12-31,EMN,USD,915389,2016-02-25,2016-02-25 14:04:50,2015,Q4,2225000000.0,1716000000.0,509000000.0,0.2287640449,74000000,210000000.0,0.0,210000000.0,10000000.0,284000000.0,2000000000.0,4000000.0,65000000.0,142000000.0,370000000.0,0.1662921348,172000000.0,0.0773033708,-55000000.0,117000000.0,0.0525842697,-8000000.0,124000000.0,0.0557303371,0.83,0.83,148400000,149500000,https://www.sec.gov/Archives/edgar/data/915389/000091538916000095/0000915389-16-000095-index.htm,https://www.sec.gov/Archives/edgar/data/915389/000091538916000095/emn2015123110k.htm,14.993261455525609,0.8355795148247979,3.787061994609165,2.2641509433962264,1.9743935309973049,27.09568733153639,-21.20619946091644,26.556603773584907,47.87061994609165,10018484000.0,16764484000.0,20.198556451612905,4.502689438202247,17.826483985765126,29.816916666666668,2.5421172291296625,2.5421172291296625,7.534599550561798,45.30941621621621,29.830042704626333,49.89429761904762,0.0123771221274596,0.0335380083453744,1.7860948997716315,0.4509000064057395,18.232432432432432,1.399805447470817,2.646153846153846,4.496,0.0058891145606461,0.4758064516129032,0.0943820224719101,0.0332584269662921,0.4591634104157325,0.4021352313167259,0.1015730337078651,1.591549295774648,0.0026966292134831,22.344539985684325,0.0131389020277909,0.0146867227288878,-67.13948787061994,822000000.0,-3147000000.0,-8712000000.0,13120000000.0,880000000.0,692000000.0,1481500000.0,32.03595505617977,36.66083916083916,77.56993006993007,2.8093434343434343,2.4549356223175964,1.160243407707911,0.031464095407257,1.522911051212938,2016-01-28,1.55,amc,2169025157.0,2025-04-25,2015-12-31,0.0258064516129032,69.9646875,1216818.78125
2015-09-30,EMN,USD,915389,2015-11-03,2015-11-03 12:09:18,2015,Q3,2447000000.0,1752000000.0,695000000.0,0.2840212505,64000000,178000000.0,0.0,178000000.0,-13000000.0,242000000.0,1994000000.0,4000000.0,66000000.0,142000000.0,601000000.0,0.2456068655,432000000.0,0.1765427054,-79000000.0,353000000.0,0.1442582754,95000000.0,256000000.0,0.1046178995,1.73,1.71,148600000,149800000,https://www.sec.gov/Archives/edgar/data/915389/000091538915000074/0000915389-15-000074-index.htm,https://www.sec.gov/Archives/edgar/data/915389/000091538915000074/emn2015093010q.htm,16.467025572005383,1.7227456258411844,2.4764468371467028,1.39300134589502,2.079407806191117,26.62180349932705,-21.83041722745626,26.090174966352624,49.43472409152086,9617392000.0,16588392000.0,9.391984375,3.930278708622803,26.134217391304347,46.4608309178744,2.4806272891410885,2.4806272891410885,6.779073150796894,27.601317803660567,45.07715217391304,80.13715942028986,0.0266184429209082,0.0215235065805781,1.877740521021408,0.4584382871536523,11.59900166389351,1.7677777777777777,6.545454545454546,1.426356589147287,0.0062386975595878,0.234375,0.0727421332243563,0.0261544748671843,0.4534005037783375,0.4375,0.0657948508377605,1.1338028169014085,0.0036779730281977,31.80096748553558,0.0220319152027449,0.0294930875576036,-68.28398384925976,1382000000.0,-3244000000.0,-8742000000.0,13627000000.0,994500000.0,698500000.0,1461500000.0,35.60277891295464,35.18835616438356,76.23287671232876,2.527892561983471,2.5576642335766424,1.1805929919137466,0.0660304359040495,1.0834454912516824,2015-10-29,1.84,amc,2447000000.0,2025-04-25,2015-09-30,0.0,73.82703125,1450662.75
2015-06-30,EMN,USD,915389,2015-07-30,2015-07-30 15:06:12,2015,Q2,2533000000.0,1813000000.0,720000000.0,0.2842479274,57000000,194000000.0,0.0,194000000.0,-2000000.0,251000000.0,2064000000.0,4000000.0,66000000.0,142000000.0,622000000.0,0.2455586261,469000000.0,0.1851559416,-66000000.0,403000000.0,0.1590998816,104000000.0,297000000.0,0.11725227,2.0,1.98,148600000,149800000,https://www.sec.gov/Archives/edgar/data/915389/000091538915000059/0000915389-15-000059-index.htm,https://www.sec.gov/Archives/edgar/data/915389/000091538915000059/emn2015063010q.htm,17.045760430686407,1.998654104979812,3.977119784656797,3.028263795423957,1.80349932705249,25.87483176312248,-22.920592193808883,25.32974427994617,49.72409152086137,12158451999.999998,19213452000.0,10.234387205387204,4.800020529016975,20.572676818950928,27.018782222222217,3.230194473963868,3.230194473963868,7.585255428345835,30.88979421221865,32.51007106598985,42.69656,0.024427451784158,0.0370112905820576,1.945536663124336,0.4609719249653783,11.342443729903536,1.7391543108182317,7.106060606060606,1.9765886287625416,0.0049348387442743,0.202020202020202,0.0765890248716936,0.0225029609159099,0.4564396323807125,0.2385786802030456,0.0556652191077773,0.9929577464788732,0.0039478878799842,33.75013246080783,0.0243062127644232,0.0343949044585987,-69.23115746971736,1346000000.0,-3406000000.0,-8874000000.0,13608000000.0,1009500000.0,708500000.0,1443000000.0,36.27714172917489,35.34473248758963,71.43408714837287,2.4809010773751226,2.5463483146067416,1.2599027102154274,0.0789054197662061,0.94885598923284,2015-07-27,1.83,amc,2306164179.0,2025-04-25,2015-06-30,0.0983606557377047,77.11539682539683,1613803.857142857
2015-03-31,EMN,USD,915389,2015-05-05,2015-05-05 15:21:31,2015,Q1,2443000000.0,1787000000.0,656000000.0,0.2685223086,56000000,180000000.0,0.0,180000000.0,11000000.0,236000000.0,2023000000.0,4000000.0,66000000.0,145000000.0,580000000.0,0.2374130168,311000000.0,0.1273024969,-55000000.0,256000000.0,0.1047891936,84000000.0,171000000.0,0.0699959067,1.15,1.14,148700000,149700000,https://www.sec.gov/Archives/edgar/data/915389/000091538915000031/0000915389-15-000031-index.htm,https://www.sec.gov/Archives/edgar/data/915389/000091538915000031/emn2015033110qq1.htm,16.429051782111635,1.1499663752521856,0.6119704102219233,-0.2353732347007397,1.3180901143241426,23.685272360457297,-25.00336247478144,23.15400134498991,51.849361129791525,10298962000.0,17746962000.0,15.056961988304096,4.215702824396234,113.1754065934066,-294.2560571428571,2.9912756317165266,2.9912756317165266,7.264413426115432,30.598210344827585,195.02156043956043,-507.0560571428571,0.0166036150050849,-0.0033984007320349,2.2201568399651466,0.4827586206896552,12.841379310344829,1.7947845804988662,4.712121212121212,0.5290697674418605,0.0057287326625731,0.3450292397660818,0.0736799017601309,0.0229226361031518,0.4572439055197675,1.3846153846153846,0.0515759312320916,0.8689655172413793,0.0045026606631191,24.476361402051804,0.014489503155121,0.0198976029788224,-71.5803631472764,1402000000.0,-3718000000.0,-9146000000.0,13599000000.0,967000000.0,766000000.0,1478000000.0,36.76627097830536,35.506435366536095,72.87632904308897,2.4478957915831665,2.5347517730496456,1.2349689011748446,0.0496659889631135,0.8473436449226631,2015-04-30,1.61,amc,2124347826.0,2025-04-25,2015-03-31,0.1428571428571428,72.19967213114755,1643873.245901639
2014-12-31,EMN,USD,915389,2015-02-27,2015-02-27 11:58:08,2014,Q4,2349000000.0,2016000000.0,333000000.0,0.1417624521,62000000,244000000.0,0.0,244000000.0,-1000000.0,306000000.0,2322000000.0,5000000.0,55000000.0,122000000.0,153000000.0,0.0651340996,27000000.0,0.0114942529,-56000000.0,-29000000.0,-0.012345679,-46000000.0,16000000.0,0.0068114091,0.11,0.11,148500000,150000000,https://www.sec.gov/Archives/edgar/data/915389/000091538915000021/0000915389-15-000021-index.htm,https://www.sec.gov/Archives/edgar/data/915389/000091538915000021/emn2014123110k.htm,15.818181818181818,0.1077441077441077,3.063973063973064,1.797979797979798,1.4410774410774412,24.175084175084177,-25.595959595959595,23.63636363636364,51.2053872053872,11265210000.0,18600210000.0,176.01890625,4.7957471264367815,24.758703296703292,42.19179775280899,3.2094615384615386,3.2094615384615386,7.918352490421456,121.57,40.87958241758242,69.66370786516853,0.0014203019739534,0.0237012891903479,2.150712250712251,0.4696988551518168,47.94117647058823,1.5692383778437191,0.4909090909090909,26.764705882352946,0.0045272125419765,3.1875,0.1038739889314602,0.0263942103022562,0.4598680935788949,0.4131868131868131,0.0800340570455513,1.540983606557377,0.0021285653469561,7.569694543513211,-0.0011028908234197,0.0018431056329915,-72.8047138047138,1151000000.0,-3801000000.0,-9309000000.0,13629000000.0,960500000.0,781000000.0,1433500000.0,35.86206896551724,36.91964285714285,67.36607142857143,2.5096153846153846,2.437726723095526,1.3359840954274351,0.0045584045584045,1.265993265993266,2015-01-29,1.54,amc,2177121951.0,2025-04-25,2014-12-31,0.0649350649350648,79.06203125,1649348.59375
2014-09-30,EMN,USD,915389,2014-11-04,2014-11-04 16:04:55,2014,Q3,2413000000.0,1777000000.0,636000000.0,0.2635723166,56000000,171000000.0,0.0,171000000.0,5000000.0,227000000.0,2004000000.0,5000000.0,45000000.0,111000000.0,538000000.0,0.2229589722,338000000.0,0.1400745959,-40000000.0,298000000.0,0.1234977207,86000000.0,210000000.0,0.0870285951,1.41,1.39,148700000,150300000,https://www.sec.gov/Archives/edgar/data/915389/000091538914000070/0000915389-14-000070-index.htm,https://www.sec.gov/Archives/edgar/data/915389/000091538914000070/emn2014093010q.htm,16.227303295225287,1.4122394082044385,3.765971755211836,2.73705447209146,1.425689307330195,26.75857431069267,-3.665097511768662,26.234028244788163,30.988567585743105,12028343000.0,16379343000.0,14.319455952380952,4.984808537090759,21.47918392857143,29.553668304668303,3.083399897462189,3.083399897462189,6.787958143389971,30.444875464684017,29.24882678571429,40.244085995086,0.0174587638546722,0.0338367470897695,1.169700076903358,0.3760197775030902,8.08736059479554,2.067238912732475,7.511111111111111,2.641509433962264,0.0044062594490363,0.2523809523809524,0.0708661417322834,0.0232076253626191,0.3728059332509271,0.2732142857142857,0.0634065478657273,1.3783783783783785,0.002486531288852,28.872069405791795,0.0223951174293495,0.0275916436736302,-43.88870208473436,1492000000.0,-545000000.0,-5266000000.0,10368000000.0,1028000000.0,719500000.0,1356000000.0,36.73849979278906,37.22566122678672,68.77884074282498,2.449746192893401,2.417687074829932,1.3085419734904271,0.0538323506793129,1.0289172831203766,2014-10-30,1.8,amc,2298095238.0,2025-04-25,2014-09-30,0.0499999999999999,83.4675,1230760.5625
2014-06-30,EMN,USD,915389,2014-07-30,2014-07-30 17:11:48,2014,Q2,2460000000.0,1803000000.0,657000000.0,0.2670731707,56000000,172000000.0,0.0,172000000.0,8000000.0,228000000.0,2031000000.0,3000000.0,45000000.0,110000000.0,551000000.0,0.2239837398,436000000.0,0.1772357724,-37000000.0,399000000.0,0.162195122,107000000.0,292000000.0,0.118699187,1.96,1.93,149500000,151300000,https://www.sec.gov/Archives/edgar/data/915389/000091538914000057/0000915389-14-000057-index.htm,https://www.sec.gov/Archives/edgar/data/915389/000091538914000057/emn2014063010q.htm,16.45484949832776,1.953177257525084,2.802675585284281,1.919732441471572,1.1705685618729098,26.48160535117057,-4.167224080267559,25.96655518394649,32.22742474916388,13058825000.0,17656825000.0,11.180500856164382,5.308465447154472,31.16664677804296,45.50113240418119,3.3639425553838223,3.3639425553838223,7.177571138211382,32.04505444646098,42.1403937947494,61.52203832752613,0.022360357842302,0.0219774750025366,1.2295208655332304,0.3900147082856676,8.344827586206897,2.3437990580847723,9.688888888888888,1.4251700680272108,0.0040585581015137,0.1815068493150685,0.0699186991869918,0.0227642276422764,0.3744075829383886,0.315035799522673,0.0536585365853658,1.2,0.0032520325203252,33.78074767430367,0.0291023070262302,0.0381400208986415,-44.30602006688963,1712000000.0,-623000000.0,-5293000000.0,10637000000.0,1034500000.0,716500000.0,1365500000.0,39.1829268292683,35.141430948419305,67.58735440931781,2.296918767507002,2.5610795454545454,1.3316100443131462,0.0752189592993302,0.882943143812709,2014-07-28,1.84,amc,2357500000.0,2025-04-25,2014-06-30,0.0434782608695651,86.88984126984127,1149041.6984126985
2014-03-31,EMN,USD,915389,2014-04-29,2014-04-29 16:04:48,2014,Q1,2305000000.0,1710000000.0,595000000.0,0.2581344902,53000000,168000000.0,0.0,168000000.0,3000000.0,221000000.0,1931000000.0,3000000.0,42000000.0,107000000.0,490000000.0,0.2125813449,361000000.0,0.1566160521,-39000000.0,322000000.0,0.1396963124,88000000.0,233000000.0,0.1010845987,1.54,1.52,151400000,153000000,https://www.sec.gov/Archives/edgar/data/915389/000091538914000031/0000915389-14-000031-index.htm,https://www.sec.gov/Archives/edgar/data/915389/000091538914000031/emn2014033110q.htm,15.22457067371202,1.5389696169088507,-0.1981505944517833,-1.010568031704095,1.2219286657859971,25.15191545574637,-3.738441215323646,24.63011889035667,30.891677675033023,13052194000.0,17502194000.0,14.004499999999998,5.66255704989154,-435.0731333333333,-85.30845751633987,3.5001861088763744,3.5001861088763744,7.59314273318872,35.71876326530612,-583.4064666666667,-114.39342483660133,0.017851404905566,-0.0117221671697493,1.242960579243765,0.3879635054825479,9.081632653061224,2.342335186656076,8.595238095238095,-0.1282051282051282,0.0040606199999785,0.2274678111587982,0.0728850325379609,0.0229934924078091,0.3661170168243073,-4.1,0.0533622559652928,1.1495327102803738,0.0039045553145336,29.20381146776927,0.0245454355264626,0.0307671992605308,-43.044914134742406,1690000000.0,-566000000.0,-5190000000.0,10365000000.0,939000000.0,745500000.0,1320500000.0,38.96746203904555,38.36842105263158,72.47368421052632,2.309619238476954,2.345679012345679,1.2418300653594772,0.0624832394743899,0.8124174372523117,2014-04-24,1.57,amc,2247732919.0,2025-04-25,2014-03-31,0.0254777070063694,81.97377049180328,1624705.5573770492
2013-12-31,EMN,USD,915389,2014-02-28,2014-02-28 16:45:42,2013,Q4,2265000000.0,1471000000.0,794000000.0,0.3505518764,45000000,135000000.0,0.0,135000000.0,-1000000.0,180000000.0,1651000000.0,2000000.0,43000000.0,107000000.0,670000000.0,0.2958057395,562000000.0,0.2481236203,-44000000.0,518000000.0,0.2286975717,169000000.0,346000000.0,0.1527593819,2.26,2.22,153200000,155600000,https://www.sec.gov/Archives/edgar/data/915389/000091538914000013/0000915389-14-000013-index.htm,https://www.sec.gov/Archives/edgar/data/915389/000091538914000013/emn-12312013x10k.htm,14.784595300261095,2.258485639686684,3.283289817232376,2.147519582245431,1.5469973890339426,25.29373368146214,-3.4138381201044385,24.778067885117498,28.048302872062663,12363240000.0,16380240000.0,8.932976878612717,5.458384105960265,24.579005964214712,37.57823708206687,3.25691253951528,3.25691253951528,7.231894039735099,24.448119402985075,32.56508946322067,49.78796352583586,0.0279861913220159,0.0266111472397203,1.1206533192834562,0.35913887716336,5.995522388059701,1.9319727891156464,13.069767441860463,1.4412607449856734,0.0037207075167998,0.1329479768786127,0.0596026490066225,0.0198675496688741,0.3712959054453356,0.345924453280318,0.0768211920529801,1.6261682242990654,0.0057395143487858,35.484087788735565,0.0364958831464855,0.046461662414395,-42.04308093994778,1370000000.0,-523000000.0,-5130000000.0,10058000000.0,923500000.0,709500000.0,1269000000.0,34.966887417218544,46.62134602311353,77.33514615907546,2.573863636363636,1.9304461942257216,1.1637658227848102,0.0911485774499473,1.1357702349869452,2014-01-30,1.25,amc,2097222222.0,2025-04-25,2013-12-31,0.08,77.63828125,1659848.296875
2013-09-30,EMN,USD,915389,2013-10-28,2013-10-28 17:06:27,2013,Q3,2338000000.0,1649000000.0,689000000.0,0.2946963216,48000000,159000000.0,0.0,159000000.0,-1000000.0,207000000.0,1856000000.0,2000000.0,44000000.0,108000000.0,599000000.0,0.256201882,479000000.0,0.2048759624,-45000000.0,434000000.0,0.1856287425,125000000.0,308000000.0,0.1317365269,2.0,1.97,154000000,156400000,https://www.sec.gov/Archives/edgar/data/915389/000091538913000064/0000915389-13-000064-index.htm,https://www.sec.gov/Archives/edgar/data/915389/000091538913000064/emn2013093010q.htm,15.181818181818182,2.0,2.772727272727273,1.9545454545454544,1.4415584415584417,23.82467532467533,-4.974025974025974,23.2987012987013,29.045454545454547,11996600000.0,16203600000.0,9.7375,5.131137724550898,28.095081967213115,39.85581395348837,3.3435340022296547,3.3435340022296547,6.930538922155689,27.05108514190317,37.94754098360656,53.83255813953488,0.0256739409499358,0.0250904422919827,1.234392419175028,0.3776754498166624,7.023372287145242,2.09145880574452,10.886363636363637,1.3818770226537216,0.0039177767033992,0.1525974025974026,0.0680068434559452,0.020530367835757,0.3781870896222393,0.2950819672131147,0.0538922155688622,1.1666666666666667,0.0034217279726261,32.37964728717036,0.0327796203870542,0.0422380691168403,-42.03733766233766,1444000000.0,-766000000.0,-5291000000.0,10096000000.0,1010000000.0,671500000.0,1280000000.0,37.224123182207016,35.85809581564584,69.53305033353547,2.417786970010342,2.5098934550989345,1.294348508634223,0.0858416945373467,0.8181818181818182,2013-10-24,1.64,amc,2282333333.0,2025-04-25,2013-09-30,0.024390243902439,77.01765625,1313295.734375
2013-06-30,EMN,USD,915389,2013-08-05,2013-08-05 15:23:27,2013,Q2,2440000000.0,1763000000.0,677000000.0,0.2774590164,51000000,180000000.0,0.0,180000000.0,-2000000.0,231000000.0,1994000000.0,1000000.0,46000000.0,108000000.0,537000000.0,0.2200819672,428000000.0,0.1754098361,-46000000.0,382000000.0,0.156557377,116000000.0,264000000.0,0.1081967213,1.71,1.69,154400000,156700000,https://www.sec.gov/Archives/edgar/data/915389/000091538913000043/0000915389-13-000043-index.htm,https://www.sec.gov/Archives/edgar/data/915389/000091538913000043/emn2013063010q.htm,15.803108808290157,1.7098445595854923,2.344559585492228,1.6968911917098446,1.5155440414507773,21.84585492227979,-6.910621761658031,21.308290155440417,30.60233160621761,11021072000.0,15466072000.0,10.436621212121212,4.516832786885246,30.44495027624309,42.06516030534351,3.3498699088145893,3.3498699088145893,6.338554098360656,28.80087895716946,42.72395580110497,59.03080916030535,0.0239541126307858,0.0237726420805526,1.4221884498480244,0.3978064954939636,8.277467411545624,2.168067226890756,9.304347826086955,1.3609022556390975,0.0041738226553641,0.1742424242424242,0.0737704918032786,0.0209016393442622,0.3774868219690528,0.2762430939226519,0.040983606557377,0.925925925925926,0.0032786885245901,28.63148511547821,0.0285115673598551,0.0360557224801966,-43.53788860103627,1529000000.0,-1067000000.0,-5551000000.0,10146000000.0,1021500000.0,686500000.0,1293500000.0,38.84016393442623,35.01985252410664,65.64946114577425,2.3171889838556505,2.5699708454810497,1.3709175738724728,0.0802431610942249,0.6476683937823834,2013-07-29,1.64,amc,2223111111.0,2025-04-25,2013-06-30,0.0975609756097561,69.70234375,1664268.828125
2013-03-31,EMN,USD,915389,2013-04-30,2013-04-30 15:28:28,2013,Q1,2307000000.0,1691000000.0,616000000.0,0.2670134374,49000000,171000000.0,0.0,171000000.0,-1000000.0,220000000.0,1911000000.0,1000000.0,47000000.0,110000000.0,513000000.0,0.22236671,393000000.0,0.1703511053,-58000000.0,345000000.0,0.1495448635,97000000.0,247000000.0,0.107065453,1.6,1.57,154400000,156700000,https://www.sec.gov/Archives/edgar/data/915389/000091538913000021/0000915389-13-000021-index.htm,https://www.sec.gov/Archives/edgar/data/915389/000091538913000021/emn2013033110q.htm,14.941709844559586,1.599740932642487,0.0323834196891191,-0.5375647668393783,1.1528497409326426,20.647668393782386,-8.348445595854923,20.110103626943005,31.28238341968912,10675216000.0,15280216000.0,10.804874493927128,4.627315127871695,2135.0432,-128.61706024096387,3.438072785829308,3.438072785829308,6.623413957520589,29.78599610136452,3056.0432,-184.09898795180723,0.0231377051293388,-0.0077750183228142,1.5404186795491144,0.4092581500812869,8.976608187134502,2.1167826759474093,8.361702127659575,0.0201612903225806,9.367491955197907e-05,0.0040485829959514,0.0741222366710013,0.0212397052449068,0.3830752117737657,17.6,0.0381447767663632,0.8,0.0047680970957954,26.904395708941585,0.0271691044264365,0.034257975034674,-44.870466321243526,1444000000.0,-1289000000.0,-5762000000.0,10075000000.0,918000000.0,705000000.0,1280500000.0,38.621586475942784,36.56416321703134,69.24305144884684,2.33030303030303,2.4614264919941777,1.2997694081475788,0.079549114331723,0.5699481865284974,2013-04-25,1.57,amc,2235796296.0,2025-04-25,2013-03-31,0.0318471337579618,71.38850000000001,1489358.933333333
2012-12-31,EMN,USD,915389,2013-02-28,2013-02-28 16:46:34,2012,Q4,2169000000.0,1844000000.0,325000000.0,0.1498386353,62000000,224000000.0,0.0,224000000.0,6000000.0,286000000.0,2130000000.0,0.0,48000000.0,108000000.0,75000000.0,0.0345781466,-44000000.0,-0.020285846,-37000000.0,-86000000.0,-0.0396496081,-34000000.0,-54000000.0,-0.0248962656,-0.36,-0.35,151543215,153600000,https://www.sec.gov/Archives/edgar/data/915389/000091538913000010/0000915389-13-000010-index.htm,https://www.sec.gov/Archives/edgar/data/915389/000091538913000010/emn-12312012x10k.htm,14.312749006941685,-0.3563340001728219,2.903462223630401,1.7882687786450882,1.6430956674635682,19.981099120801943,-9.667209449133042,19.42680178719977,31.87869545990561,10312515780.75,14846515780.75,-47.74312861458333,4.754502434647303,23.43753586534091,38.053563766605166,3.502892588569973,3.502892588569973,6.844866657791609,197.95354374333337,33.74208131988637,54.78419107287823,-0.0052363556234066,0.0262787476656148,1.6246603260869563,0.4116533264480592,60.45333333333333,1.901759530791789,-0.9166666666666666,-8.461538461538462,0.0082424116294363,-1.5740740740740742,0.103273397879207,0.028584601198709,0.3866942077631465,0.3840909090909091,0.0779160903642231,1.5648148148148149,0.0018441678192715,,-0.0025932986804552,-0.0075778838057816,-46.70284974487311,1230000000.0,-1465000000.0,-5997000000.0,9904000000.0,900000000.0,722500000.0,1264500000.0,35.10373443983403,35.28741865509762,61.49674620390456,2.5638297872340425,2.5504840940525586,1.4634920634920634,-0.0183423913043478,1.1151934449853134,2013-01-31,1.19,amc,2150773109.0,2025-04-25,2012-12-31,0.0,59.74935483870968,1765244.5483870967
2012-09-30,EMN,USD,915389,2012-10-31,2012-10-31 16:42:47,2012,Q3,2259000000.0,1734000000.0,525000000.0,0.2324037185,52000000,173000000.0,0.0,173000000.0,0.0,262000000.0,1996000000.0,2000000.0,48000000.0,112000000.0,383000000.0,0.169544046,263000000.0,0.1164231961,-42000000.0,218000000.0,0.0965028774,64000000.0,154000000.0,0.0681717574,1.01,0.99,152900000,156400000,https://www.sec.gov/Archives/edgar/data/915389/000091538912000107/0000915389-12-000107-index.htm,https://www.sec.gov/Archives/edgar/data/915389/000091538912000107/emn2012093010q.htm,14.774362328319162,1.0071942446043165,2.308698495748855,1.517331589274035,1.5500327011118378,19.686069326357096,-8.103335513407457,19.686069326357096,32.91693917593198,8739764000.0,13487764000.0,14.187928571428571,3.86886409915892,24.75853824362606,37.671396551724136,2.903576079734219,2.903576079734219,5.970679061531651,35.21609399477807,38.20896317280453,58.136913793103446,0.0176206130966465,0.0265453392105324,1.6561461794019934,0.4280807213396307,12.39686684073107,1.825819672131148,5.479166666666667,2.292207792207792,0.004119104360255,0.2337662337662337,0.0765825586542718,0.0230190349712262,0.3648776298840704,0.3427762039660056,0.0535635236830455,1.0803571428571428,0.0,21.121627631381536,0.0180360150301609,0.0208220659816116,-46.09548724656639,1209000000.0,-1239000000.0,-5962000000.0,9571000000.0,843000000.0,609500000.0,1022000000.0,38.00796812749004,37.47404844290657,65.86505190311418,2.3679245283018866,2.401662049861496,1.3664302600472813,0.0511627906976744,0.7913669064748201,2012-10-25,1.42,amc,2043171974.0,2025-04-25,2012-09-30,0.1056338028169015,53.58190476190476,1597875.349206349
2012-06-30,EMN,USD,915389,2012-08-02,2012-08-02 15:28:59,2012,Q2,1853000000.0,1372000000.0,481000000.0,0.259579061,43000000,121000000.0,0.0,121000000.0,0.0,164000000.0,1536000000.0,1000000.0,28000000.0,71000000.0,298000000.0,0.1608202914,317000000.0,0.1710739342,-48000000.0,268000000.0,0.1446303292,91000000.0,179000000.0,0.0966001079,1.3,1.27,138100000,141200000,https://www.sec.gov/Archives/edgar/data/915389/000091538912000089/0000915389-12-000089-index.htm,https://www.sec.gov/Archives/edgar/data/915389/000091538912000089/form10qsecondqtr_2012.htm,13.4178131788559,1.296162201303403,2.2881969587255613,1.6437364228819695,21.72338884866039,15.372918175235336,12.447501810282404,15.372918175235336,27.972483707458363,6956097000.0,7791097000.0,9.715219273743015,3.753964921748516,22.012965189873416,30.64359911894273,3.2765412152614224,3.2765412152614224,4.20458553696708,26.14462080536913,24.65537025316456,34.32201321585903,0.0257328211495613,0.0326332424634101,1.8064060292039568,0.4477002101330843,2.802013422818792,5.150166852057842,11.321428571428571,1.76536312849162,0.0050315572080147,0.1955307262569832,0.0652995143011333,0.0232056125202374,0.0471632033621293,0.2816455696202531,0.048030221262817,1.2535211267605637,0.0,21.173813966916256,0.027289095450796,0.0219308992893898,-18.14989138305576,3731000000.0,1719000000.0,-1813000000.0,7270000000.0,736000000.0,504500000.0,771500000.0,35.55315704263357,32.60204081632653,50.83819241982508,2.5314207650273226,2.76056338028169,1.7703225806451612,0.0843146490814884,0.6444605358435916,2012-07-30,1.3,amc,1720642857.0,2025-04-25,2012-06-30,0.0769230769230768,49.342063492063495,2194618.380952381
2012-03-31,EMN,USD,915389,2012-05-10,2012-05-10 11:38:54,2012,Q1,1821000000.0,1390000000.0,431000000.0,0.2366831411,41000000,126000000.0,0.0,126000000.0,0.0,167000000.0,1557000000.0,2000000.0,19000000.0,69000000.0,335000000.0,0.1839648545,264000000.0,0.1449752883,-19000000.0,244000000.0,0.1339923119,85000000.0,158000000.0,0.0867655135,1.15,1.12,137300000,140700000,https://www.sec.gov/Archives/edgar/data/915389/000091538912000058/0000915389-12-000058-index.htm,https://www.sec.gov/Archives/edgar/data/915389/000091538912000058/form10qfirstqtr_2012.htm,13.262927895120177,1.150764748725419,0.1383831026948288,-0.5243991260014567,4.726875455207575,14.748725418790968,11.77713037144938,14.748725418790968,11.755280407865987,7097037000.0,8123037000.0,11.229488924050631,3.897329489291598,373.52826315789474,-98.56995833333332,3.5047096296296294,3.5047096296296294,4.4607561779242175,24.247871641791043,427.52826315789474,-112.81995833333332,0.0222628119312327,-0.0101450788547389,0.7876543209876543,0.2576320465191407,3.062686567164179,2.270812437311936,13.894736842105264,0.120253164556962,0.0050725394273694,0.2278481012658227,0.0691927512355848,0.0225151015925315,0.0659021159748021,4.789473684210527,0.0499725425590334,1.318840579710145,-0.0389895661724327,19.5416746790786,0.0321857412320385,0.0273214594501123,-18.776402039329938,1267000000.0,1617000000.0,-1902000000.0,4811000000.0,686000000.0,520500000.0,773500000.0,36.57331136738056,33.15107913669065,49.726618705035975,2.460810810810811,2.71484375,1.8098958333333333,0.0780246913580246,0.6627822286962856,2012-04-26,1.12,amc,1671737704.0,2025-04-25,2012-03-31,0.0892857142857141,50.37451612903225,2043203.3870967743
2011-12-31,EMN,USD,915389,2012-02-22,2012-02-22 09:12:22,2011,Q4,1723000000.0,1399000000.0,324000000.0,0.1880441091,42000000,119000000.0,0.0,119000000.0,8000000.0,169000000.0,1568000000.0,-5000000.0,14000000.0,69000000.0,-41000000.0,-0.0237957052,163000000.0,0.0946024376,-14000000.0,149000000.0,0.0864770749,49000000.0,100000000.0,0.0580383053,0.72,0.72,139100000,139100000,https://www.sec.gov/Archives/edgar/data/915389/000091538912000031/0000915389-12-000031-index.htm,https://www.sec.gov/Archives/edgar/data/915389/000091538912000031/emn2011form10_k.htm,12.386772106398274,0.7189072609633357,2.5305535585909418,1.624730409777139,5.585909417685119,13.443565780014378,10.524802300503236,13.443565780014378,11.588785046728972,5433246000.0,6454246000.0,13.583115,3.153363900174115,15.435357954545456,24.04091150442478,2.9054791443850267,2.9054791443850267,3.7459349970980846,-157.42063414634146,18.33592613636364,28.558610619469025,0.0184052038137054,0.0415957606189743,0.8545454545454545,0.2584087968952134,-24.902439024390244,2.066427289048474,11.642857142857142,3.52,0.0066258733729339,0.36,0.069065583284968,0.024376088218224,0.065653298835705,0.3579545454545454,0.073128264654672,1.826086956521739,0.0,14.74636340529548,0.0209450455972357,0.017307026652821,-19.219985621854786,1188000000.0,1464000000.0,-2012000000.0,4701000000.0,671500000.0,572000000.0,814500000.0,33.01218804410911,34.03145103645461,50.11436740528949,2.7262658227848102,2.6446124763705106,1.7958921694480103,0.053475935828877,0.905823148813803,2012-01-26,0.79,amc,1917140845.0,2025-04-25,2011-12-31,-0.1012658227848102,38.065238095238094,1757996.8095238097
2011-09-30,EMN,USD,915389,2011-11-01,2011-11-01 10:56:38,2011,Q3,1812000000.0,1392000000.0,420000000.0,0.2317880795,41000000,116000000.0,0.0,116000000.0,7000000.0,164000000.0,1556000000.0,1000000.0,20000000.0,69000000.0,344000000.0,0.1898454746,256000000.0,0.1412803532,-2000000.0,238000000.0,0.1313465784,73000000.0,165000000.0,0.0910596026,1.19,1.16,139100000,142400000,https://www.sec.gov/Archives/edgar/data/915389/000091538911000086/0000915389-11-000086-index.htm,https://www.sec.gov/Archives/edgar/data/915389/000091538911000086/emn2011q3_10q.htm,13.026599568655644,1.1861969805895038,1.5240833932422715,0.5966930265995687,4.665708123652049,13.72393961179008,10.776419841840402,13.72393961179008,11.639108554996405,4766957000.0,5917957000.0,7.222662121212123,2.6307709713024283,22.485646226415096,57.43321686746988,2.497096385542169,2.497096385542169,3.2659806843267107,17.203363372093023,27.91489150943396,71.30068674698795,0.0346132763521886,0.017411526892313,0.8376113148245155,0.2586123241145075,3.3459302325581395,1.9600333055786845,12.8,1.284848484848485,0.0069226552704377,0.2,0.0640176600441501,0.0226269315673289,0.0663108523370532,0.6084905660377359,0.0711920529801324,1.8695652173913044,0.0,19.13855151021641,0.0345558784261368,0.0285813268664472,-19.171459381739755,1153000000.0,1499000000.0,-1920000000.0,4621000000.0,740000000.0,630500000.0,799000000.0,35.314569536423846,39.76293103448276,54.95689655172414,2.548523206751055,2.2634146341463413,1.6376470588235297,0.0864326872708224,0.9273903666427032,2011-10-27,1.11,amc,1690184873.0,2025-04-25,2011-09-30,0.0720720720720719,42.8996875,2122182.71875
2011-06-30,EMN,USD,915389,2011-08-02,2011-08-02 17:29:48,2011,Q2,1885000000.0,1422000000.0,463000000.0,0.2456233422,39000000,121000000.0,0.0,121000000.0,-15000000.0,145000000.0,1567000000.0,2000000.0,18000000.0,67000000.0,385000000.0,0.2042440318,318000000.0,0.1687002653,2000000.0,306000000.0,0.1623342175,96000000.0,211000000.0,0.1119363395,1.49,1.46,141400000,145000000,https://www.sec.gov/Archives/edgar/data/915389/000091538911000068/0000915389-11-000068-index.htm,https://www.sec.gov/Archives/edgar/data/915389/000091538911000068/form10q_june2011.htm,13.330975954738332,1.492220650636492,1.463932107496464,0.6718528995756718,5.898161244695898,13.486562942008486,10.806223479490804,13.486562942008486,11.44978783592645,7217056000.0,8184056000.0,8.55101421800948,3.828676923076923,34.86500483091788,75.96901052631578,3.7845076035658094,3.7845076035658094,4.3416742705570295,21.257288311688317,39.53650241545894,86.14795789473685,0.0292362980140378,0.0131632621390217,0.8395385422128998,0.2618580307491004,2.5116883116883115,2.104026845637584,17.666666666666668,0.981042654028436,0.0045725015851338,0.1563981042654028,0.0641909814323607,0.0206896551724137,0.0619888779849525,0.5410628019323671,0.0594164456233421,1.671641791044776,0.0,21.279353229924844,0.0429850884612265,0.0367916303400174,-17.13048090523338,1316000000.0,1528000000.0,-1699000000.0,4614000000.0,773000000.0,323000000.0,711500000.0,36.71618037135279,40.88607594936709,47.34177215189873,2.451235370611184,2.20123839009288,1.9010695187165776,0.1106449921342422,0.7920792079207921,2011-07-28,1.31,amc,1789384057.0,2025-04-25,2011-06-30,0.0534351145038166,50.57095238095238,2203189.111111111
2011-03-31,EMN,USD,915389,2011-05-03,2011-05-03 14:03:29,2011,Q1,1758000000.0,1325000000.0,433000000.0,0.2463026166,36000000,113000000.0,0.0,113000000.0,0.0,149000000.0,1474000000.0,2000000.0,19000000.0,68000000.0,390000000.0,0.2218430034,284000000.0,0.1615472127,17000000.0,271000000.0,0.154152446,89000000.0,220000000.0,0.1251422071,1.56,1.52,141400000,144600000,https://www.sec.gov/Archives/edgar/data/915389/000091538911000042/0000915389-11-000042-index.htm,https://www.sec.gov/Archives/edgar/data/915389/000091538911000042/emn2011q1_10q.htm,12.432814710042432,1.555869872701556,-1.0325318246110324,-1.7326732673267329,5.9405940594059405,12.85007072135785,10.176803394625177,12.85007072135785,11.47100424328147,7021923999.999999,7984923999.999999,7.97945909090909,3.9942684869169502,-48.0953698630137,-28.66091428571428,3.8645701706108966,3.8645701706108966,4.542050056882821,20.4741641025641,-54.6912602739726,-32.59152653061224,0.0313304444764711,-0.0348907222578883,0.8822234452394057,0.2667665168913297,2.4692307692307693,2.307109004739337,14.947368421052632,-0.6636363636363637,0.0048419777827273,0.1545454545454545,0.0642775881683731,0.0204778156996587,0.0629056415376934,-0.678082191780822,0.0563139931740614,1.4558823529411764,0.0,21.209510901775012,0.0384460042947536,0.0390694370449298,-17.197666195190948,1379000000.0,1439000000.0,-1758000000.0,4643000000.0,661000000.0,0.0,647000000.0,39.77815699658704,0.0,45.84905660377358,2.2625482625482625,0.0,1.962962962962963,0.1210787011557512,0.7001414427157001,2011-04-28,0.96,amc,1339428571.0,2025-04-25,2011-03-31,0.3125,46.48741935483871,2004578.6129032257
2010-12-31,EMN,USD,915389,2011-02-23,2011-02-23 08:53:11,2010,Q4,825000000.0,521000000.0,304000000.0,0.3684848485,37000000,98000000.0,0.0,98000000.0,0.0,135000000.0,656000000.0,-4000000.0,24000000.0,68000000.0,95000000.0,0.1151515152,143000000.0,0.1733333333,-140000000.0,3000000.0,0.0036363636,-3000000.0,19000000.0,0.023030303,0.13,0.13,143800000,143800000,https://www.sec.gov/Archives/edgar/data/915389/000091538911000022/0000915389-11-000022-index.htm,https://www.sec.gov/Archives/edgar/data/915389/000091538911000022/emn2010form10_k.htm,5.737134909596662,0.1321279554937413,1.933240611961057,1.1543810848400555,3.588317107093185,11.31432545201669,8.70653685674548,11.31432545201669,11.321279554937414,6045352000.0,7133352000.0,79.54410526315789,7.327699393939394,21.74587050359712,36.41778313253012,3.715643515673018,3.715643515673018,8.646487272727272,75.08791578947368,25.659539568345323,42.972,0.0031429104541803,0.0274591123891545,0.9858635525507068,0.2679585699966588,11.452631578947368,1.9130841121495328,5.958333333333333,14.63157894736842,0.0051279065305047,1.631578947368421,0.1187878787878787,0.0448484848484848,0.0626461744069495,0.4028776978417266,0.1357575757575757,1.6470588235294117,0.0,5.799665552402977,0.0581064607882974,0.0033862056674389,-21.729833101529906,977000000.0,1252000000.0,-2312000000.0,4571000000.0,623000000.0,255500000.0,635500000.0,59.45454545454546,0.0,106.92898272552785,1.5137614678899085,0.0,0.8416801292407108,0.0116779348494161,0.7788595271210014,2011-01-31,0.75,amc,1443750000.0,2025-04-25,2010-12-31,0.0133333333333333,39.83796875,1719876.1875
2010-09-30,EMN,USD,915389,2010-11-01,2010-11-01 16:49:34,2010,Q3,1729000000.0,1284000000.0,445000000.0,0.2573742047,43000000,122000000.0,0.0,122000000.0,0.0,165000000.0,1449000000.0,1000000.0,25000000.0,73000000.0,343000000.0,0.1983805668,280000000.0,0.1619433198,-8000000.0,258000000.0,0.1492192019,88000000.0,170000000.0,0.0983227299,1.19,1.16,143800000,146600000,https://www.sec.gov/Archives/edgar/data/915389/000091538910000080/0000915389-10-000080-index.htm,https://www.sec.gov/Archives/edgar/data/915389/000091538910000080/emn2010q3_10q.htm,12.02364394993046,1.1821974965229485,2.19749652294854,1.7872044506258693,4.464534075104312,12.58692628650904,9.965229485396383,12.58692628650904,11.342141863699585,5320600000.0,6284600000.0,7.824411764705883,3.07727009832273,16.8373417721519,20.70272373540856,2.939558011049724,2.939558011049724,3.6348178137651823,18.32244897959184,19.887974683544304,24.453696498054477,0.0319512836898094,0.0483028229898883,0.887292817679558,0.2681582901986976,2.8104956268221573,2.235106382978723,11.2,1.8588235294117648,0.0060143592827876,0.188235294117647,0.0705610179294389,0.0248698669751301,0.062948739355485,0.1867088607594936,0.0341237709658762,0.8082191780821918,0.0,18.297683917880764,0.0365121955335459,0.0302922309337134,-18.673504867872044,1161000000.0,1433000000.0,-2078000000.0,4704000000.0,711000000.0,525500000.0,643500000.0,36.4893001735107,35.8177570093458,45.700934579439256,2.466476462196862,2.512720156555773,1.969325153374233,0.0939226519337016,0.4102920723226704,2010-10-28,1.12,amc,1442598290.0,2025-04-25,2010-09-30,0.0446428571428569,31.13953125,2216078.0
2010-06-30,EMN,USD,915389,2010-08-03,2010-08-03 15:41:07,2010,Q2,1724000000.0,1320000000.0,404000000.0,0.2343387471,36000000,108000000.0,0.0,108000000.0,0.0,144000000.0,1464000000.0,2000000.0,25000000.0,70000000.0,311000000.0,0.1803944316,257000000.0,0.1490719258,-22000000.0,224000000.0,0.1299303944,76000000.0,148000000.0,0.0858468677,1.02,1.01,144600000,147000000,https://www.sec.gov/Archives/edgar/data/915389/000091538910000060/0000915389-10-000060-index.htm,https://www.sec.gov/Archives/edgar/data/915389/000091538910000060/emn2010q2_10q.htm,11.922544951590597,1.0235131396957122,1.4246196403872753,1.1065006915629323,3.008298755186722,11.597510373443985,8.997233748271093,11.597510373443985,11.313969571230984,3857928000.0,5033928000.0,6.51677027027027,2.2377772621809746,18.72780582524272,24.11205,2.3004937388193203,2.3004937388193203,2.919911832946636,16.186263665594854,24.436543689320388,31.46205,0.0383625614578602,0.041473039413903,0.960644007155635,0.2778065183652354,3.781350482315113,2.154627539503386,10.28,1.391891891891892,0.0082946078827806,0.2162162162162162,0.062645011600928,0.0208816705336426,0.0648387653043628,0.2233009708737864,0.0266821345707656,0.6571428571428571,0.0,16.342570046874144,0.0345199372694798,0.0272911672505993,-19.562586445366527,1023000000.0,1301000000.0,-2213000000.0,4554000000.0,704000000.0,270000000.0,611500000.0,37.63921113689095,36.81818181818182,43.29545454545455,2.391123439667129,2.4444444444444446,2.078740157480315,0.0882528324388789,0.318118948824343,2010-07-29,0.83,amc,1222215686.0,2025-04-25,2010-06-30,0.2289156626506024,31.397936507936507,2276803.4603174604
2010-03-31,EMN,USD,915389,2010-04-26,2010-04-26 17:30:30,2010,Q1,1564000000.0,1243000000.0,321000000.0,0.2052429668,36000000,103000000.0,0.0,103000000.0,0.0,139000000.0,1382000000.0,0.0,25000000.0,69000000.0,252000000.0,0.1611253197,182000000.0,0.1163682864,-25000000.0,151000000.0,0.0965473146,50000000.0,101000000.0,0.0645780051,0.7,0.69,144400000,146600000,https://www.sec.gov/Archives/edgar/data/915389/000091538910000038/0000915389-10-000038-index.htm,https://www.sec.gov/Archives/edgar/data/915389/000091538910000038/emn2010q1_10q.htm,10.831024930747922,0.6994459833795014,-1.558171745152355,-1.7867036011080333,3.344875346260388,10.865650969529083,8.691135734072022,10.865650969529083,11.301939058171746,4597696000.0,5721696000.0,11.380435643564356,2.939703324808184,-20.434204444444443,-17.820527131782946,2.930335245379222,2.930335245379222,3.658373401534527,22.705142857142857,-25.42976,-22.177116279069768,0.0219675246036275,-0.0561150628488703,1.024219247928617,0.2845254957507082,4.4603174603174605,2.157471264367816,7.28,-2.227722772277228,0.0069600077952087,0.3168316831683168,0.0658567774936061,0.0230179028132992,0.0555949008498583,-0.1466666666666666,0.0210997442455242,0.4782608695652174,0.0,13.076641708306298,0.0254569425633099,0.0189351331083614,-19.29882271468144,1007000000.0,1255000000.0,-2202000000.0,4488000000.0,482000000.0,0.0,559500000.0,39.53324808184144,0.0,42.574416733708766,2.2765647743813684,0.0,2.1139455782312924,0.064372211599745,0.2285318559556786,2010-04-22,0.57,amc,1131739130.0,2025-04-25,2010-03-31,0.2105263157894737,30.195737704918034,1756306.163934426
2009-12-31,EMN,USD,915389,2010-02-24,2010-02-24 14:15:01,2009,Q4,1328000000.0,1042000000.0,286000000.0,0.2153614458,36000000,103000000.0,0.0,103000000.0,0.0,139000000.0,1181000000.0,0.0,20000000.0,71000000.0,39000000.0,0.0293674699,-30000000.0,-0.0225903614,-22000000.0,-52000000.0,-0.0391566265,-20000000.0,-32000000.0,-0.0240963855,-0.22,-0.22,143723404,145200000,https://www.sec.gov/Archives/edgar/data/915389/000091538910000020/0000915389-10-000020-index.htm,https://www.sec.gov/Archives/edgar/data/915389/000091538910000020/emn200910-k.htm,9.239970408716454,-0.2226498893666615,0.6262028138437356,0.320059215964576,5.517542570867581,10.527165081617463,8.33545523316439,10.527165081617463,11.299481885358071,4328948928.4800005,5139948928.4800005,-33.81991350375,3.2597506991566267,48.09943253866667,94.10758540173914,2.861169152994052,2.861169152994052,3.870443470240964,131.79356226871795,57.11054364977778,111.73802018434785,-0.0073920946004867,0.0106261359881997,1.0601454064771976,0.2908431550317316,20.7948717948718,2.16875,-1.5,-2.8125,0.0073920946004867,-1.0,0.0775602409638554,0.0271084337349397,0.057116953762466,0.4888888888888889,0.0331325301204819,0.6197183098591549,0.0,,-0.0039154906599233,-0.0061538461538461,-19.034826088588883,935000000.0,1198000000.0,-2267000000.0,4360000000.0,296500000.0,0.0,513000000.0,18.772590361445783,0.0,45.8637236084453,4.794223826714801,0.0,1.9623352165725048,-0.0211500330469266,0.3061435978791596,2010-01-28,0.5,amc,1040350877.0,2025-04-25,2009-12-31,0.1399999999999999,28.779375,1982067.59375
2009-09-30,EMN,USD,915389,2009-10-23,2009-10-23 16:52:48,2009,Q3,1337000000.0,1009000000.0,328000000.0,0.2453253553,33000000,104000000.0,0.0,104000000.0,0.0,137000000.0,1146000000.0,1000000.0,19000000.0,69000000.0,258000000.0,0.1929693343,191000000.0,0.1428571429,-21000000.0,170000000.0,0.1271503366,69000000.0,101000000.0,0.0755422588,0.7,0.69,145200000,147000000,https://www.sec.gov/Archives/edgar/data/915389/000091538909000070/0000915389-09-000070-index.htm,https://www.sec.gov/Archives/edgar/data/915389/000091538909000070/emn2009q3_10q.htm,9.207988980716252,0.6955922865013774,2.2796143250688705,1.825068870523416,4.600550964187328,11.329201101928374,9.084022038567491,11.329201101928374,10.055096418732782,3887004000.0,4660004000.0,9.621297029702973,2.9072580403889305,11.743214501510574,14.667939622641509,2.362920364741641,2.362920364741641,3.485418100224383,18.062031007751937,14.078561933534743,17.584920754716983,0.0259840226560096,0.068175901028144,0.8759878419452888,0.2594526467410875,2.996124031007752,1.9082125603864737,10.052631578947368,3.277227722772277,0.0082325616335872,0.3168316831683168,0.0777860882572924,0.0246821241585639,0.0586964350018005,0.1993957703927492,0.0493642483171279,0.9565217391304348,0.0,13.31583118777406,0.0240060229719135,0.019319051262433,-18.984159779614323,752000000.0,1319000000.0,-2329000000.0,4351000000.0,322000000.0,0.0,469000000.0,21.2715033657442,0.0,44.152626362735376,4.231012658227848,0.0,2.0383838383838384,0.0613981762917933,0.4545454545454545,2009-10-22,0.56,amc,672000000.0,2025-04-25,2009-09-30,0.2321428571428569,24.48234375,2121194.375
2009-06-30,EMN,USD,915389,2009-07-30,2009-07-30 15:57:56,2009,Q2,1253000000.0,993000000.0,260000000.0,0.2075019952,34000000,98000000.0,0.0,98000000.0,0.0,132000000.0,1125000000.0,2000000.0,22000000.0,67000000.0,195000000.0,0.1556264964,131000000.0,0.1045490822,-25000000.0,106000000.0,0.0845969673,41000000.0,65000000.0,0.0518754988,0.45,0.45,145000000,146200000,https://www.sec.gov/Archives/edgar/data/915389/000091538909000055/0000915389-09-000055-index.htm,https://www.sec.gov/Archives/edgar/data/915389/000091538909000055/secondqtr2009_10q.htm,8.641379310344828,0.4482758620689655,1.7586206896551724,1.096551724137931,3.103448275862069,10.862068965517242,8.620689655172415,10.862068965517242,10.158620689655171,2747750000.0,3748750000.0,10.56826923076923,2.1929369513168395,10.775490196078431,17.281446540880502,1.7446031746031745,1.7446031746031745,2.9918196328810853,19.22435897435897,14.700980392156865,23.57704402515723,0.0236557183149849,0.0578655263397325,0.9212698412698412,0.2709111277072442,5.133333333333334,1.9595536959553697,5.954545454545454,3.923076923076923,0.011645892093531,0.4923076923076923,0.0782122905027933,0.0271348762968874,0.0606796116504854,0.3764705882352941,0.0766161213088587,1.4328358208955223,0.0,10.466951557680032,0.017275309393386,0.0129198966408268,-19.748275862068965,688000000.0,1250000000.0,-2376000000.0,4285000000.0,296000000.0,0.0,502000000.0,23.559457302474065,0.0,40.151057401812686,3.820121951219512,0.0,2.2415349887133185,0.0412698412698412,0.6620689655172414,2009-07-23,0.36,amc,1049023255.0,2025-04-25,2009-06-30,0.1944444444444444,18.910158730158727,2502485.746031746
2009-03-31,EMN,USD,915389,2009-04-29,2009-04-29 08:44:55,2009,Q1,1129000000.0,950000000.0,179000000.0,0.1585473871,34000000,94000000.0,0.0,94000000.0,0.0,128000000.0,1078000000.0,0.0,19000000.0,67000000.0,88000000.0,0.0779450841,25000000.0,0.0221434898,-23000000.0,2000000.0,0.0017714792,19000000.0,2000000.0,0.0017714792,0.015,0.015,145000000,145800000,https://www.sec.gov/Archives/edgar/data/915389/000091538909000029/0000915389-09-000029-index.htm,https://www.sec.gov/Archives/edgar/data/915389/000091538909000029/emn2009q1_10q.htm,7.786206896551724,0.0137931034482758,0.5655172413793104,-0.2068965517241379,2.3448275862068964,10.50344827586207,8.26896551724138,10.50344827586207,10.13103448275862,1943000000.0,3053000000.0,242.875,1.720992028343667,23.695121951219512,-64.76666666666667,1.2757715036112935,1.2757715036112935,2.704162976085031,34.69318181818182,37.23170731707317,-101.76666666666668,0.0010293360782295,-0.0154400411734431,0.9520682862770848,0.2790071194920146,12.613636363636363,1.694408322496749,1.3157894736842106,41.0,0.0164693772516726,16.0,0.08325952170062,0.0301151461470327,0.0623436598037329,1.3658536585365857,0.0992028343666961,1.671641791044776,0.0,1.805461393725453,-0.047849583427156,0.0004104247896572,-19.693103448275863,534000000.0,1199000000.0,-2371000000.0,4086000000.0,269500000.0,409500000.0,599000000.0,21.04517271922055,0.0,53.14736842105263,4.276515151515151,0.0,1.6934046345811051,0.0013131976362442,0.7724137931034483,2009-04-23,0.07,bmo,898159817.0,2025-04-25,2009-03-31,0.857142857142857,12.796229508196722,2767996.7868852457
2008-12-31,EMN,USD,915389,2009-02-25,2009-02-25 14:55:07,2008,Q4,1346000000.0,1200000000.0,146000000.0,0.1084695394,38000000,95000000.0,0.0,95000000.0,30000000.0,163000000.0,1363000000.0,0.0,70000000.0,68000000.0,51000000.0,0.0378900446,5000000.0,0.0037147103,-30000000.0,-25000000.0,-0.0185735513,-23000000.0,-2000000.0,-0.0014858841,-0.0138,-0.0135,145000000,148148148,https://www.sec.gov/Archives/edgar/data/915389/000091538909000014/0000915389-09-000014-index.htm,https://www.sec.gov/Archives/edgar/data/915389/000091538909000014/form10k2008.htm,9.282758620689656,-0.0137931034482758,2.4827586206896552,1.0620689655172413,2.668965517241379,10.710344827586209,8.46896551724138,10.710344827586209,10.517241379310343,2299700000.0,3367700000.0,-287.4625,1.7085438335809806,6.388055555555555,14.933116883116885,1.4808113329040566,1.4808113329040566,2.502005943536404,66.03333333333333,9.354722222222222,21.868181818181817,-0.0008696786537374,0.0669652563377831,0.9368963296844816,0.2755160007574323,20.94117647058824,1.7103365384615383,0.0714285714285714,-180.0,0.0139148584597991,-16.0,0.0705794947994056,0.0282317979197622,0.0615413747396326,0.5722222222222222,0.1530460624071322,3.0294117647058822,0.0,,8.964589870013442e-05,-0.0004035512510088,-19.42241379310345,591000000.0,1228000000.0,-2305000000.0,4114000000.0,411500000.0,919000000.0,676000000.0,18.38781575037147,61.425,47.775,4.894545454545455,1.465201465201465,1.8838304552590264,-0.0012878300064391,1.4206896551724135,2009-01-29,0.17,bmo,7627333333.0,2025-04-25,2008-12-31,-0.823529411764706,17.9671875,2820936.53125
2008-09-30,EMN,USD,915389,2008-10-28,2008-10-28 17:19:48,2008,Q3,1819000000.0,1497000000.0,322000000.0,0.1770203408,39000000,107000000.0,0.0,107000000.0,2000000.0,148000000.0,1645000000.0,0.0,19000000.0,67000000.0,234000000.0,0.1286421111,174000000.0,0.0956569544,-26000000.0,148000000.0,0.0813633865,48000000.0,100000000.0,0.0549752611,0.68,0.67,148400000,150200000,https://www.sec.gov/Archives/edgar/data/915389/000091538908000072/0000915389-08-000072-index.htm,https://www.sec.gov/Archives/edgar/data/915389/000091538908000072/emn2008q3_10q.htm,12.257412398921833,0.6738544474393531,1.4420485175202156,0.4043126684636118,2.27088948787062,12.264150943396226,10.074123989218329,12.264150943396226,9.804582210242588,4085452000.0,5184452000.0,10.21363,2.2459879054425507,19.09089719626168,68.09086666666667,2.2447538461538463,2.2447538461538463,2.8501660252886203,22.15577777777778,24.22641121495327,86.40753333333333,0.0244770958023738,0.0146862574814243,0.789010989010989,0.2597214686200036,4.696581196581197,1.732090284592738,9.157894736842104,2.14,0.0083222125728071,0.34,0.0588235294117647,0.0214403518416712,0.0587809730511846,0.719626168224299,0.0846619021440351,2.298507462686567,0.0,13.636190259331578,0.0260681967999041,0.0192159877017678,-17.54380053908356,746000000.0,1495000000.0,-1944000000.0,4164000000.0,596000000.0,819500000.0,692000000.0,27.11379879054425,61.2625250501002,42.985971943887776,3.31934306569343,1.4690873405299314,2.0937062937062936,0.0549450549450549,1.0377358490566038,2008-10-23,0.67,bmo,1792250000.0,2025-04-25,2008-09-30,0.0149253731343283,30.63859375,2214578.34375
2008-06-30,EMN,USD,915389,2008-07-30,2008-07-30 16:28:31,2008,Q2,1834000000.0,1513000000.0,321000000.0,0.1750272628,39000000,107000000.0,0.0,107000000.0,3000000.0,149000000.0,1662000000.0,0.0,0.0,67000000.0,172000000.0,0.0937840785,172000000.0,0.0937840785,-19000000.0,153000000.0,0.0834242094,38000000.0,115000000.0,0.0627044711,0.76,0.74,152317881,155405405,https://www.sec.gov/Archives/edgar/data/915389/000091538908000049/0000915389-08-000049-index.htm,https://www.sec.gov/Archives/edgar/data/915389/000091538908000049/q2_2008form10q.htm,12.040608679423528,0.7549999989823913,0.8666086944841361,-0.1116086955017448,3.689652168940034,13.20921737350062,11.055826072055192,13.20921737350062,9.933173899655287,5244304642.83,6195304642.83,11.40066226702174,2.85948999063795,39.7295806275,-308.4885084017647,2.6065132419632207,2.6065132419632207,3.378028703833152,36.0192130397093,46.93412608204545,-364.42968487235294,0.0219285506529884,-0.0032416118356591,0.7519880715705766,0.2595197255574614,5.52906976744186,1.9259259259259256,0.0,1.1478260869565218,0.0064832236713183,0.2956521739130435,0.0583424209378407,0.0212649945474372,0.0562607204116638,1.128787878787879,0.0812431842966194,2.223880597014926,0.0,14.979705598906174,0.0269560145437101,0.0209014903671392,-16.009282587117923,1025000000.0,1684000000.0,-1686000000.0,4388000000.0,621500000.0,828000000.0,669500000.0,31.603053435114507,36.88037012557832,39.795109054857896,2.847826086956522,2.4403225806451614,2.2615844544095665,0.0571570576540755,0.9782173899858808,2008-07-24,0.77,bmo,1834000000.0,2025-04-25,2008-06-30,0.0,36.38828125,1656241.15625
2008-03-31,EMN,USD,915389,2008-04-29,2008-04-29 17:25:09,2008,Q1,1727000000.0,1390000000.0,337000000.0,0.1951360741,42000000,110000000.0,0.0,110000000.0,0.0,152000000.0,1542000000.0,0.0,16000000.0,65000000.0,250000000.0,0.1447596989,168000000.0,0.0972785177,-15000000.0,153000000.0,0.0885929357,38000000.0,133000000.0,0.0770121598,0.85,0.84,156470588,158333333,https://www.sec.gov/Archives/edgar/data/915389/000091538908000027/0000915389-08-000027-index.htm,https://www.sec.gov/Archives/edgar/data/915389/000091538908000027/q1_2008form10q.htm,11.037218061710105,0.8500000012781955,-0.3387218050206343,-1.2015037612052688,5.068045120403076,12.1172932513042,10.084962421180396,12.1172932513042,10.513157910546102,4886576463.24,5722576463.24,9.185294103834586,2.829517349878402,-92.19955591018868,-25.99242799595745,2.5773082612025315,2.5773082612025315,3.313593782999421,22.89030585296,-107.97314081584904,-30.439236506595744,0.0272174191891833,-0.0384727429140335,0.8591772151898734,0.2805718222528419,3.344,2.0135379061371843,10.5,-0.3984962406015037,0.0071624787339956,0.2631578947368421,0.0636942675159235,0.0243196294151708,0.0547709266276265,-2.547169811320755,0.0781702374059062,2.076923076923077,0.0,15.223115114183392,0.0264726435647634,0.024234693877551,-14.908552653997823,1123000000.0,1578000000.0,-1679000000.0,4348000000.0,572500000.0,807000000.0,604500000.0,31.215981470758543,67.07913669064749,43.381294964028775,2.8831385642737897,1.3416988416988418,2.074626865671642,0.0701476793248945,0.8627819561846345,2008-04-24,0.65,bmo,1516959459.0,2025-04-25,2008-03-31,0.1384615384615384,31.922622950819672,2562898.9836065574
2007-12-31,EMN,USD,915389,2008-02-29,2008-02-29 09:20:08,2007,Q4,1327000000.0,1058000000.0,269000000.0,0.2027128862,40000000,99000000.0,0.0,99000000.0,-21000000.0,118000000.0,1176000000.0,0.0,62000000.0,80000000.0,231000000.0,0.1740768651,161000000.0,0.1213262999,1000000.0,162000000.0,0.1220798794,43000000.0,98000000.0,0.0738507913,0.59,0.59,166666667,166666667,https://www.sec.gov/Archives/edgar/data/915389/000091538908000017/0000915389-08-000017-index.htm,https://www.sec.gov/Archives/edgar/data/915389/000091538908000017/emn200710k.htm,7.961999984076,0.587999998824,1.925999996148,0.875999998248,5.327999989344,12.491999975016,10.595999978808,12.491999975016,10.0499999799,5091666676.85,5816666676.85,12.988945604209183,3.836975641936699,15.861889959034269,34.87442929349315,2.4455651665946205,2.4455651665946205,4.383320781348908,25.18037522445888,18.120456937227416,39.840182718150686,0.0192471358043862,0.0286743043616366,0.7747358309317963,0.2684306873023798,3.1385281385281387,2.04367201426025,2.596774193548387,3.2755102040816326,0.006873977072995,0.3571428571428571,0.0746043707611153,0.0301431801055011,0.0525877849891828,0.5451713395638629,0.1318764129615674,2.1875,0.0,12.855705322498777,0.0238198251961259,0.0172141226067099,-14.15999997168,1171000000.0,1766000000.0,-1634000000.0,4333000000.0,571000000.0,544000000.0,592500000.0,37.03089675960814,49.168241965973536,45.85066162570888,2.43040293040293,1.8304498269896192,1.9628942486085343,0.0470701248799231,1.0499999979,2008-01-24,0.55,bmo,1492734375.0,2025-04-25,2007-12-31,0.1636363636363635,32.1790625,1772832.03125
2007-09-30,EMN,USD,915389,2007-10-31,2007-10-31 16:59:52,2007,Q3,1813000000.0,1503000000.0,310000000.0,0.1709873138,43000000,107000000.0,0.0,107000000.0,120000000.0,270000000.0,1773000000.0,0.0,0.0,78000000.0,124000000.0,0.0683949255,40000000.0,0.0220628792,-14000000.0,32000000.0,0.0176503034,12000000.0,20000000.0,0.0110314396,0.12,0.12,166666667,166666667,https://www.sec.gov/Archives/edgar/data/915389/000091538907000071/0000915389-07-000071-index.htm,https://www.sec.gov/Archives/edgar/data/915389/000091538907000071/form10qthirdquarter.htm,10.877999978244,0.11999999976,1.871999996256,0.965999998068,4.685999990628,11.945999976108,10.01999997996,11.945999976108,9.947999980104,5685000011.37,6562000011.37,71.062500142125,3.135686713386652,18.221153882596152,35.3105590768323,2.8553490765293823,2.8553490765293823,3.619415339972422,52.91935493040322,21.03205131849359,40.7577640457764,0.0035180298962181,0.0283201406645558,0.8327473631341035,0.2788898233809924,7.07258064516129,2.138733705772812,0.0,15.6,0.0065083553080035,1.85,0.0590182018753447,0.0237175951461665,0.0539949537426408,0.483974358974359,0.0832873690016547,1.935897435897436,0.0,5.679278111783503,0.0049930097862991,0.003556187766714,-14.417999971164,1223000000.0,1670000000.0,-1657000000.0,4507000000.0,671500000.0,520000000.0,673000000.0,29.586321014892444,30.538922155688624,38.68263473053892,3.041946308724832,2.947058823529412,2.326625386996904,0.0100452034153691,0.905999998188,2007-10-25,0.63,bmo,1692000000.0,2025-04-25,2007-09-30,0.0,33.48,1782790.4761904762
2007-06-30,EMN,USD,915389,2007-07-30,2007-07-30 16:40:05,2007,Q2,1895000000.0,1575000000.0,320000000.0,0.1688654354,37000000,113000000.0,0.0,113000000.0,2000000.0,152000000.0,1727000000.0,0.0,0.0,85000000.0,168000000.0,0.0886543536,168000000.0,0.0886543536,-12000000.0,156000000.0,0.0823218997,51000000.0,105000000.0,0.055408971,0.62,0.61,169354839,172131148,https://www.sec.gov/Archives/edgar/data/915389/000091538907000051/0000915389-07-000051-index.htm,https://www.sec.gov/Archives/edgar/data/915389/000091538907000051/form10qsecondqtr.htm,11.189523790341768,0.6199999989371429,0.9742857126155102,0.3129523804158912,5.261142848123755,12.81333331136762,10.95333331455619,12.81333331136762,9.87276188783717,5448145170.63,6229145170.63,12.971774215785716,2.875010644131926,33.01906164018182,102.79519189867924,2.510665977248848,2.510665977248848,3.287147847298153,37.07824506327381,37.75239497351515,117.53104095528302,0.0192726142038278,0.0097280814552655,0.7705069124423963,0.2679487179487179,4.648809523809524,2.2736363636363635,0.0,1.5714285714285714,0.0067913021480155,0.3523809523809524,0.0596306068601583,0.0195250659630606,0.0504807692307692,0.6787878787878788,0.0591029023746701,1.3176470588235294,0.0,13.369592341846351,0.0213151598636989,0.0177215189873417,-13.396428548463266,1401000000.0,1855000000.0,-1569000000.0,4756000000.0,725500000.0,516000000.0,682500000.0,35.47757255936676,30.285714285714285,40.0,2.536813922356091,2.9716981132075477,2.25,0.0483870967741935,0.6613333321996191,2007-07-26,0.66,bmo,1737671641.0,2025-04-25,2007-06-30,0.0151515151515151,32.79015873015873,1386958.507936508
2007-03-31,EMN,USD,915389,2007-05-01,2007-05-01 15:43:13,2007,Q1,1795000000.0,1502000000.0,293000000.0,0.1632311978,36000000,101000000.0,0.0,101000000.0,0.0,137000000.0,1639000000.0,0.0,18000000.0,84000000.0,238000000.0,0.1325905292,135000000.0,0.0752089136,-34000000.0,120000000.0,0.0668523677,43000000.0,77000000.0,0.0428969359,0.46,0.46,167391304,169230769,https://www.sec.gov/Archives/edgar/data/915389/000091538907000030/0000915389-07-000030-index.htm,https://www.sec.gov/Archives/edgar/data/915389/000091538907000030/firstquarter200710q.htm,10.723376645658965,0.4600000009558441,-0.3942857151050092,-0.937922079871007,4.976363646704132,12.57532470145522,10.699480541713209,12.57532470145522,10.14389612497433,5301282597.68,6148282597.68,17.211956485974028,2.9533607786518106,-80.32246360121214,-33.76613119541401,2.518424036902613,2.518424036902613,3.4252270739164348,25.83312015831933,-93.15579693454546,-39.16103565401274,0.0145247868947219,-0.0296154745775499,0.7980997624703088,0.2746893394375408,3.5588235294117645,2.3987915407854983,7.5,-0.8571428571428571,0.0071680766493432,0.4935064935064935,0.056267409470752,0.0200557103064066,0.0513407455853499,-1.378787878787879,0.0506963788300835,1.0833333333333333,0.0,11.40853237408356,0.016633064516129,0.0132712857635298,-13.84480522357362,1389000000.0,1791000000.0,-1629000000.0,4697000000.0,693000000.0,541500000.0,673500000.0,35.298050139275766,30.07989347536618,39.84687083888149,2.549715909090909,2.99203187250996,2.258646616541353,0.0365795724465558,0.5436363647659976,2007-04-26,0.5,bmo,1364166666.0,2025-04-25,2007-03-31,0.1999999999999999,30.24229508196721,1578647.4426229508
2006-12-31,EMN,USD,915389,2007-03-01,2007-03-01 08:47:42,2006,Q4,1752000000.0,1472000000.0,280000000.0,0.1598173516,41000000,121000000.0,0.0,121000000.0,33000000.0,195000000.0,1667000000.0,0.0,80000000.0,82000000.0,167000000.0,0.0953196347,108000000.0,0.0616438356,704000000.0,104000000.0,0.0593607306,9000000.0,95000000.0,0.0542237443,0.58,0.58,163793103,163793103,https://www.sec.gov/Archives/edgar/data/915389/000091538907000019/0000915389-07-000019-index.htm,https://www.sec.gov/Archives/edgar/data/915389/000091538907000019/eccform10k2006.htm,10.696421081905994,0.5800000015873684,2.295578953651058,1.599578951746216,5.732842120953042,12.387578981271268,10.47052634444565,12.387578981271268,10.275157922858329,4858103434.9800005,5522103434.9800005,12.784482723631578,2.7728900884589045,12.920487858989365,18.54237952282443,2.394333876283884,2.394333876283884,3.151885522248859,33.06648763461078,14.686445305797871,21.0767306678626,0.0195549562234446,0.0539305108478157,0.7900443568260227,0.2596792483395431,3.976047904191617,2.287063267233239,1.35,3.957894736842105,0.0074102992004632,0.3789473684210526,0.0690639269406392,0.0234018264840182,0.0508666774663858,0.3031914893617021,0.0650684931506849,1.3902439024390243,0.0,12.714476243558844,0.0192382695307812,0.0162143710530807,-14.362631618255625,1363000000.0,1715000000.0,-1722000000.0,4746000000.0,720000000.0,811000000.0,692000000.0,35.034246575342465,35.52309782608695,41.69836956521739,2.56891495601173,2.5335628227194493,2.158357771260997,0.0468210941350418,0.6960000019048421,2007-01-25,0.47,bmo,1640170212.0,2025-04-25,2006-12-31,0.0638297872340426,29.287301587301585,1111038.0952380951
2006-09-30,EMN,USD,915389,2006-10-31,2006-10-31 10:14:39,2006,Q3,1966000000.0,1650000000.0,316000000.0,0.1607324517,40000000,105000000.0,0.0,105000000.0,0.0,145000000.0,1795000000.0,0.0,0.0,76000000.0,158000000.0,0.0803662258,158000000.0,0.0803662258,-22000000.0,136000000.0,0.0691759919,41000000.0,95000000.0,0.0483214649,0.58,0.57,163793103,165217391,https://www.sec.gov/Archives/edgar/data/915389/000091538906000072/0000915389-06-000072-index.htm,https://www.sec.gov/Archives/edgar/data/915389/000091538906000072/form10-q_3rdqtr2006.htm,12.002947401271223,0.5800000015873684,0.4273684222222714,-0.2686315796825706,2.625263165079668,11.612210558096576,9.701263184445562,11.612210558096576,9.701263184445562,4424051712.030001,5583051712.030001,11.642241347447367,2.2502806266683626,63.20073874328572,-100.54662981886364,2.3259998485962146,2.3259998485962146,2.839802498489319,35.3357703293038,79.75788160042858,-126.88753890977274,0.021473528381613,-0.0099456341977997,0.8354363827549948,0.2619518628420705,7.3354430379746836,2.0387157695939564,0.0,0.7368421052631579,0.008137337070927,0.3789473684210526,0.0534079348931841,0.0203458799593082,0.0515990768216287,1.6285714285714286,0.0579857578840284,1.5,0.0,12.310131932595182,0.022029470470823,0.0165131235876933,-17.183263204922614,1100000000.0,1589000000.0,-2005000000.0,4469000000.0,754000000.0,820500000.0,715000000.0,34.6998982706002,56.78181818181819,38.290909090909096,2.5936675461741423,1.585014409221902,2.3504273504273505,0.0499474237644584,0.6960000019048421,2006-10-26,0.57,bmo,1335822580.0,2025-04-25,2006-09-30,0.0877192982456141,25.997301587301585,1213473.015873016
2006-06-30,EMN,USD,915389,2006-07-31,2006-07-31 17:21:22,2006,Q2,1929000000.0,1579000000.0,350000000.0,0.1814411612,44000000,113000000.0,0.0,113000000.0,0.0,157000000.0,1736000000.0,0.0,0.0,76000000.0,269000000.0,0.1394504925,190000000.0,0.0984966304,-19000000.0,171000000.0,0.0886469673,57000000.0,114000000.0,0.0590979782,0.7,0.69,164028777,166423358,https://www.sec.gov/Archives/edgar/data/915389/000091538906000056/0000915389-06-000056-index.htm,https://www.sec.gov/Archives/edgar/data/915389/000091538906000056/form10q2q2006.htm,11.760131577399983,0.6949999999085527,0.7681578946357687,0.1889912280453081,3.0299561399521986,11.290701752900349,9.38249999876546,11.290701752900349,10.107982454810353,4428776979.0,5589776979.0,9.712230217105263,2.29589267962675,35.149023642857145,142.86377351612904,2.391348260799136,2.391348260799136,2.897758931570762,20.77984007063197,44.36330935714286,180.31538641935484,0.0257407407373538,0.0069996751127891,0.8952483801295896,0.2762412529156948,4.315985130111524,2.011396011396011,0.0,1.105263157894737,0.0081286549696906,0.3157894736842105,0.0585795749092794,0.0228097459823742,0.0521492835721426,0.753968253968254,0.0492483151892172,1.25,0.0,13.287526054075974,0.0252022814696909,0.0200386711197046,-16.622083331146218,1065000000.0,1539000000.0,-2032000000.0,4587000000.0,692500000.0,550000000.0,705500000.0,34.99222395023328,34.198860037998735,41.49461684610513,2.572,2.631666666666667,2.168956043956044,0.0615550755939524,0.5791666665904606,2006-07-27,0.68,bmo,1873885714.0,2025-04-25,2006-06-30,0.0294117647058822,26.9468253968254,1653333.3333333333
2006-03-31,EMN,USD,915389,2006-05-03,2006-05-02 17:42:14,2006,Q1,1803000000.0,1472000000.0,331000000.0,0.1835829174,42000000,98000000.0,0.0,98000000.0,7000000.0,147000000.0,1619000000.0,0.0,0.0,74000000.0,265000000.0,0.1469772601,184000000.0,0.1020521353,-19000000.0,165000000.0,0.0915141431,60000000.0,105000000.0,0.0582362729,0.64,0.64,164062500,165354331,https://www.sec.gov/Archives/edgar/data/915389/000091538906000036/0000915389-06-000036-index.htm,https://www.sec.gov/Archives/edgar/data/915389/000091538906000036/tenq.htm,10.989714285714284,0.64,0.2255238095238095,-0.2742857142857143,2.9561904761904763,10.465523809523807,8.563809523809525,10.465523809523807,10.160761904761904,4198359375.0,5380359375.0,9.99609375,2.328540973377704,113.4691722972973,-93.296875,2.4451714472917883,2.4451714472917883,2.984115016638935,20.303242924528305,145.41511824324326,-119.56354166666668,0.0250097694411879,-0.0107184726176519,0.970879440885265,0.2883085437564856,4.460377358490566,1.934804413239719,0.0,0.3523809523809524,0.0085747780941215,0.3428571428571428,0.0543538546866333,0.0232945091514143,0.0539605672777585,2.216216216216216,0.045479755962285,1.108108108108108,0.0,12.276137130919595,0.0240680183126226,0.0191956124314442,-16.83657142857143,932000000.0,1405000000.0,-2136000000.0,4420000000.0,605000000.0,517000000.0,677000000.0,31.697171381031616,30.570652173913043,41.75951086956522,2.8393700787401577,2.944,2.1551976573938507,0.0611531741409435,0.4998095238095238,2006-04-27,0.63,bmo,1670426470.0,2025-04-25,2006-03-31,0.0793650793650794,25.328064516129032,1687093.5483870967
2005-12-31,EMN,USD,915389,2006-03-13,2006-03-13 17:34:58,2005,Q4,1729000000.0,1450000000.0,279000000.0,0.1613649508,42000000,115000000.0,0.0,115000000.0,31000000.0,188000000.0,1638000000.0,0.0,100000000.0,75000000.0,166000000.0,0.0960092539,112000000.0,0.0647773279,-27000000.0,85000000.0,0.049161365,19000000.0,66000000.0,0.038172354,0.41,0.41,162649180,162913907,https://www.sec.gov/Archives/edgar/data/915389/000091538906000017/0000915389-06-000017-index.htm,https://www.sec.gov/Archives/edgar/data/915389/000091538906000017/ecc200510k.htm,10.630241111575232,0.4057813264106219,2.4285397565484192,1.6969037286262372,3.221657803623726,9.910901487483676,7.992662489906189,9.910901487483676,10.605648303913982,4196348844.0,5297348844.0,15.895260772727273,2.427038082128398,10.623667959493671,15.20416247826087,2.603194071960297,2.603194071960297,3.0638223504916136,31.911740024096385,13.411009731645567,19.19329291304348,0.0157279583880086,0.0657714623498541,1.0080645161290325,0.2814827645937987,6.632530120481928,1.8306374881065648,1.12,5.984848484848484,0.0085788863934592,0.5454545454545454,0.0665124349334875,0.0242914979757085,0.0540446908020093,0.3012658227848101,0.068825910931174,1.586666666666667,0.0,9.512482426218352,0.018401334295885,0.0120856985900018,-17.64687654742557,873000000.0,1300000000.0,-2237000000.0,4347000000.0,624500000.0,777500000.0,688000000.0,29.9305957200694,33.144827586206894,41.64827586206896,3.0069565217391303,2.715355805243446,2.1609538002980626,0.0409429280397022,0.731636027922182,2006-01-26,0.57,bmo,2093000000.0,2025-04-25,2005-12-31,-0.2105263157894736,25.91809523809524,1584441.2698412698
2005-09-30,EMN,USD,915389,2005-11-01,2005-11-01 16:04:33,2005,Q3,1816000000.0,1464000000.0,352000000.0,0.1938325991,42000000,108000000.0,0.0,108000000.0,0.0,150000000.0,1614000000.0,0.0,0.0,76000000.0,278000000.0,0.1530837004,198000000.0,0.109030837,-21000000.0,177000000.0,0.0974669604,54000000.0,123000000.0,0.0677312775,0.76,0.75,162913907,164000000,https://www.sec.gov/Archives/edgar/data/915389/000091538905000063/0000915389-05-000063-index.htm,https://www.sec.gov/Archives/edgar/data/915389/000091538905000063/eastman10q.htm,11.146991889403278,0.7550000013197155,1.0128048798191305,0.3989837405348089,1.7555284583531594,9.790447171584928,7.875325217017845,9.790447171584928,8.83902440569423,3826847675.43,4980847675.43,7.778145681768292,2.1072949754570485,23.193016214727272,58.874579622,2.399277539454545,2.399277539454545,2.742757530523128,17.916718256942445,30.18695560866667,76.62842577584615,0.0321413367952199,0.0169852592820267,0.90282131661442,0.258481421647819,4.151079136690647,1.7990243902439025,0.0,1.3414634146341464,0.0094072205254302,0.2926829268292683,0.0594713656387665,0.0231277533039647,0.0560043080236941,0.6060606060606061,0.0550660792951541,1.3157894736842106,0.0,12.896325896084225,0.0302402682063698,0.0233884768967484,-17.383414664531983,819000000.0,1283000000.0,-2132000000.0,4265000000.0,676500000.0,1045000000.0,722500000.0,33.40308370044053,62.76639344262296,43.34016393442623,2.6943620178041545,1.4338883447600392,2.076595744680851,0.077115987460815,0.6138211392843215,2005-10-27,0.62,bmo,1462233766.0,2025-04-25,2005-09-30,0.2419354838709677,25.834375,1513453.125
2005-06-30,EMN,USD,915389,2005-08-05,2005-08-04 17:45:50,2005,Q2,1752000000.0,1378000000.0,374000000.0,0.2134703196,39000000,122000000.0,0.0,122000000.0,0.0,161000000.0,1539000000.0,0.0,0.0,77000000.0,290000000.0,0.1655251142,203000000.0,0.1158675799,101000000.0,304000000.0,0.1735159817,98000000.0,206000000.0,0.1175799087,1.27,1.25,161568627,164143426,https://www.sec.gov/Archives/edgar/data/915389/000091538905000051/0000915389-05-000051-index.htm,https://www.sec.gov/Archives/edgar/data/915389/000091538905000051/eastmanchemicalform10q2qtr.htm,10.843689350655929,1.2750000035588591,0.6622572834019317,0.2042475733856425,1.4916262177557529,9.327305851277677,7.396237884722509,9.327305851277677,8.999271869779522,4454447046.39,5667447046.39,5.405882337851941,2.5424926063869866,41.63034622794393,134.98324383000002,2.9558374561313867,2.9558374561313867,3.2348442045605026,19.542920849620693,52.96679482607477,171.74081958757577,0.0462459196067776,0.0074083269272993,0.964830789648308,0.2610881666367391,4.182758620689655,1.7104283054003724,0.0,0.5194174757281553,0.0078573164380447,0.1699029126213592,0.069634703196347,0.0222602739726027,0.0560244209014185,0.6915887850467289,0.0422374429223744,0.961038961038961,0.0,16.35778369325766,0.0305687134502923,0.0391858474415065,-18.207433303248905,763000000.0,1195000000.0,-2225000000.0,4185000000.0,698500000.0,1066000000.0,706000000.0,34.880136986301366,69.81857764876632,48.33091436865021,2.5802650957290134,1.2890551917680075,1.8621621621621625,0.1366954213669542,0.4580097100162892,2005-07-28,0.83,bmo,1817699999.0,2025-04-25,2005-06-30,-0.0361445783132529,28.3440625,2107871.875
2005-03-31,EMN,USD,915389,2005-05-06,2005-05-06 11:32:02,2005,Q1,1762000000.0,1363000000.0,399000000.0,0.2264472191,39000000,109000000.0,0.0,109000000.0,-2000000.0,146000000.0,1509000000.0,0.0,0.0,76000000.0,320000000.0,0.1816118048,244000000.0,0.1384790011,-27000000.0,217000000.0,0.1231555051,55000000.0,162000000.0,0.0919409762,1.02,1.0,158823529,162000000,https://www.sec.gov/Archives/edgar/data/915389/000091538905000034/0000915389-05-000034-index.htm,https://www.sec.gov/Archives/edgar/data/915389/000091538905000034/eastmanchemical1qtr10q.htm,11.094074102836489,1.0200000026444445,0.6422222238872428,0.3274074082562414,2.474444450859671,8.468518540473937,6.327777794183128,8.468518540473937,12.945185218746776,4685294105.5,6348294105.5,7.230392138117284,2.659077244892168,45.93425593627451,90.10180972115384,3.4834900412639405,3.4834900412639405,3.6028910927922815,19.8384190796875,62.23817750490196,122.08257895192308,0.0345762712760828,0.0110985562120759,1.528624535315985,0.342723787297883,5.196875,1.8270676691729324,0.0,0.6296296296296297,0.0074701820658203,0.2160493827160493,0.0618615209988649,0.0221339387060158,0.0566761126854475,0.4901960784313725,0.0283768444948921,0.6578947368421053,0.0,13.941036582971645,0.0369037038143536,0.0286269658950344,-21.322407462687725,880000000.0,1005000000.0,-2710000000.0,4362000000.0,696500000.0,1080500000.0,627000000.0,36.67423382519864,70.1907556859868,44.37270726338959,2.4540389972144845,1.2822201317027282,2.0282738095238093,0.1204460966542751,0.3148148156310014,2005-04-28,0.62,bmo,1137958333.0,2025-04-25,2005-03-31,0.5483870967741935,28.06245901639344,1698160.6229508198
2004-12-31,EMN,USD,915389,2005-03-15,2005-03-14 20:14:57,2004,Q4,1658000000.0,1442000000.0,216000000.0,0.1302774427,38000000,121000000.0,0.0,121000000.0,-7000000.0,152000000.0,1594000000.0,0.0,115000000.0,79000000.0,143000000.0,0.0862484922,46000000.0,0.0277442702,155000000.0,19000000.0,0.0114595899,-35000000.0,54000000.0,0.0325693607,0.36,0.36,152000000,152000000,https://www.sec.gov/Archives/edgar/data/915389/000091538905000023/0000915389-05-000023-index.htm,https://www.sec.gov/Archives/edgar/data/915389/000091538905000023/form10-k.htm,10.907894736842104,0.3552631578947368,1.269736842105263,0.7631578947368421,2.138157894736842,7.7894736842105265,5.559210526315789,7.7894736842105265,14.322368421052632,4388240000.0,6125240000.0,20.315925925925928,2.6467068757539205,22.736994818652853,37.829655172413794,3.706283783783784,3.706283783783784,3.694354644149578,42.83384615384615,31.73699481865285,52.80379310344828,0.0123056168304377,0.0264342880061254,1.741554054054054,0.351158038147139,12.146853146853148,1.6087352138307551,0.4,3.574074074074074,0.0079758627604688,0.6481481481481481,0.0729794933655006,0.02291917973462,0.0577316076294277,0.3989637305699481,0.0464414957780458,0.9746835443037974,0.0,7.890788486348376,0.0273851784887438,0.0097596240737393,-23.45888157894737,669000000.0,845000000.0,-2920000000.0,4200000000.0,673000000.0,762000000.0,581000000.0,36.640530759951744,68.52981969486824,36.324549237170594,2.4562962962962964,1.313296903460838,2.47766323024055,0.0456081081081081,0.506578947368421,2005-01-27,0.19,bmo,1745263157.0,2025-04-25,2004-12-31,-0.0526315789473684,25.5571875,1184834.375
2004-09-30,EMN,USD,915389,2004-11-09,2004-11-09 17:24:34,2004,Q3,1649000000.0,1392000000.0,257000000.0,0.1558520315,35000000,107000000.0,0.0,107000000.0,0.0,142000000.0,1534000000.0,0.0,0.0,78000000.0,193000000.0,0.1170406307,73000000.0,0.0442692541,-25000000.0,48000000.0,0.0291085506,10000000.0,38000000.0,0.0230442693,0.25,0.25,152000000,155102041,https://www.sec.gov/Archives/edgar/data/915389/000101540204004724/0001015402-04-004724-index.htm,https://www.sec.gov/Archives/edgar/data/915389/000101540204004724/tenq.htm,10.848684210526317,0.25,0.7828947368421053,0.4276315789473684,1.1776315789473684,6.8355263157894735,4.572368421052632,6.8355263157894735,13.894736842105264,3614560000.0,5547560000.0,23.78,2.191970891449363,30.374453781512603,55.60861538461538,3.47888354186718,3.47888354186718,3.3641964827167983,28.743834196891196,46.6181512605042,85.34707692307693,0.0105130361648444,0.0179828250188128,2.032723772858518,0.376403493138478,10.015544041450775,1.636459430979979,0.0,3.131578947368421,0.0094064007790713,0.8947368421052632,0.0648878107944208,0.0212249848392965,0.0613081447157369,0.453781512605042,0.0327471194663432,0.6923076923076923,0.0,6.200793136874975,0.0122752053242707,0.0072147332447313,-23.682565789473685,604000000.0,695000000.0,-3019000000.0,4113000000.0,670500000.0,684000000.0,584500000.0,36.62219526986052,27.543103448275865,37.5,2.4575260804769004,3.267605633802817,2.4,0.0365736284889316,0.3552631578947368,2004-10-28,0.35,bmo,1442874999.0,2025-04-25,2004-09-30,0.142857142857143,22.6559375,940103.125
2004-06-30,EMN,USD,915389,2004-08-09,2004-08-09 16:02:08,2004,Q2,1676000000.0,1406000000.0,270000000.0,0.161097852,38000000,112000000.0,0.0,112000000.0,0.0,150000000.0,1556000000.0,0.0,0.0,81000000.0,201000000.0,0.119928401,41000000.0,0.0244630072,-31000000.0,10000000.0,0.0059665871,-74000000.0,84000000.0,0.0501193317,0.54,0.54,155555556,157009346,https://www.sec.gov/Archives/edgar/data/915389/000091538904000033/0000915389-04-000033-index.htm,https://www.sec.gov/Archives/edgar/data/915389/000091538904000033/form10q063004.htm,10.774285683502042,0.5399999984571429,1.3885714246040817,1.015714282812245,0.932142854479592,6.717857123663265,4.5578571298346935,6.717857123663265,13.847142817579591,3596444454.7200003,5605444454.72,10.703703734285714,2.1458499133174227,16.650205808888888,22.76230667544304,3.441573640880383,3.441573640880383,3.344537264152745,27.887783356815923,25.951131734814812,35.47749654886076,0.0233564013173504,0.0439322786683496,2.061244019138756,0.3708677685950413,9.99502487562189,1.7016848364717545,0.0,2.571428571428572,0.0094537814855942,0.4047619047619047,0.0668257756563245,0.0226730310262529,0.0578512396694214,0.2685185185185185,0.0346062052505966,0.7160493827160493,0.0,9.034487468545354,0.07175,0.0153508771929824,-24.5635713583898,708000000.0,709000000.0,-3046000000.0,4250000000.0,701000000.0,925500000.0,639000000.0,35.978520286396176,60.29871977240399,37.7027027027027,2.5014925373134327,1.492569002123142,2.3870967741935485,0.0803827751196172,0.3728571417918367,2004-07-29,0.39,bmo,1594243902.0,2025-04-25,2004-06-30,0.0512820512820511,22.15532258064516,1383487.0967741937
2004-03-31,EMN,USD,915389,2004-05-06,2004-05-05 17:44:28,2004,Q1,1597000000.0,1362000000.0,235000000.0,0.147150908,43000000,110000000.0,0.0,110000000.0,0.0,153000000.0,1515000000.0,0.0,0.0,84000000.0,166000000.0,0.1039448967,15000000.0,0.0093926111,-28000000.0,-13000000.0,-0.008140263,-7000000.0,-6000000.0,-0.0037570445,-0.035,-0.035,171428571,171428571,https://www.sec.gov/Archives/edgar/data/915389/000091538904000018/0000915389-04-000018-index.htm,https://www.sec.gov/Archives/edgar/data/915389/000091538904000018/form10q033104.htm,9.315833356622916,-0.0350000000875,-0.1983333338291666,-0.54250000135625,0.2450000006125,5.798333347829167,3.768333342754167,5.798333347829167,12.9150000322875,3658285705.14,5830285705.139999,-152.4285710475,2.2907236725986224,-107.5966383864706,-39.3364054316129,3.680367912615694,3.680367912615694,3.6507737665247335,35.12220304301204,-171.47899132764704,-62.69124414129032,-0.001640112468955,-0.0254217432688027,2.227364185110664,0.3840416305290546,13.08433734939759,1.7406593406593407,0.0,5.666666666666667,0.0092939706574117,-5.666666666666667,0.0688791484032561,0.0269254852849092,0.0603642671292281,-1.7352941176470589,0.036944270507201,0.7023809523809523,0.0,,0.0014256748194145,-0.0011076241462063,-22.373750055934376,674000000.0,646000000.0,-3187000000.0,4373000000.0,716500000.0,941000000.0,693500000.0,41.25234815278648,60.06607929515418,45.52863436123348,2.181693989071038,1.4983498349834985,1.97677793904209,-0.0060362173038229,0.3441666675270833,2004-04-29,0.16,bmo,982769230.0,2025-04-25,2004-03-31,0.625,20.373548387096776,1438467.741935484
2003-12-31,EMN,USD,915389,2004-03-05,2004-03-05 12:35:24,2003,Q4,1434000000.0,1249000000.0,185000000.0,0.1290097629,44000000,106000000.0,0.0,106000000.0,-13000000.0,137000000.0,1386000000.0,0.0,124000000.0,87000000.0,135000000.0,0.0941422594,39000000.0,0.0271966527,-261000000.0,12000000.0,0.0083682008,2000000.0,10000000.0,0.0069735007,0.0647,0.0647,153054459,154482759,https://www.sec.gov/Archives/edgar/data/915389/000091538904000006/0000915389-04-000006-index.htm,https://www.sec.gov/Archives/edgar/data/915389/000091538904000006/form10k123103.htm,9.369214130507626,0.065336221272717,1.2936571811997977,0.8297700101635066,3.645761147017612,6.814567878744389,4.527800134199292,6.814567878744389,17.751851319797222,3025886654.43,5060886654.43,75.64716636074999,2.1101022694769878,15.282255830454543,23.825879168740155,2.901137731955896,2.901137731955896,3.529209661387727,37.48804929207407,25.560033608232324,39.849501215984255,0.0033048164528435,0.0419711689511131,2.486097794822627,0.4162118780096308,15.074074074074074,1.3608666215301286,0.314516129032258,19.8,0.011236375939668,3.4,0.0739191073919107,0.0306834030683403,0.0561797752808988,0.3585858585858585,0.0495118549511854,0.8160919540229885,0.0,3.165099932558347,0.006182233212859,0.0017006802721088,-24.5288508713098,533000000.0,693000000.0,-3177000000.0,4302000000.0,654500000.0,944500000.0,703500000.0,43.99581589958159,70.1120896717374,50.29623698959167,2.0456490727532097,1.2836587872559095,1.7893982808022924,0.009587727708533,0.463887171036291,2004-01-29,,bmo,,2025-04-25,2003-12-31,,17.5021875,1273028.1875
2003-09-30,EMN,USD,915389,2003-11-13,2003-11-13 10:22:09,2003,Q3,1444000000.0,1244000000.0,200000000.0,0.1385041551,44000000,100000000.0,0.0,100000000.0,34000000.0,178000000.0,1422000000.0,0.0,0.0,87000000.0,109000000.0,0.0754847645,-440000000.0,-0.3047091413,-31000000.0,-471000000.0,-0.3261772853,-135000000.0,-336000000.0,-0.2326869806,-2.17,-2.17,154482759,154482759,https://www.sec.gov/Archives/edgar/data/915389/000091538903000013/0000915389-03-000013-index.htm,https://www.sec.gov/Archives/edgar/data/915389/000091538903000013/form10q093003.htm,9.347321405620416,-2.1749999946595984,0.9127232120446528,0.5308035701252591,0.3430803563004723,6.39553569858239,4.071651775716926,6.39553569858239,14.299330322032894,2587586213.25,4743586213.25,-1.925287361049107,1.7919572113919668,18.3516752712766,31.55592942987805,2.619014385880567,2.619014385880567,3.285032003635734,43.51913957110092,33.642455413120565,57.848612356707314,-0.1298507459498267,0.0316897653806124,2.23582995951417,0.3874079270431427,19.779816513761467,1.0646976090014064,0.0,-0.4196428571428571,0.0131396588163515,-0.1011904761904761,0.0692520775623268,0.0304709141274238,0.0629603647842862,0.4184397163120567,0.0408587257617728,0.6781609195402298,0.0,,-0.0655840681818786,-0.0628860190903986,-24.925111545942805,92000000.0,629000000.0,-3200000000.0,3864000000.0,637500000.0,966000000.0,721000000.0,37.89473684210527,66.27009646302251,51.29421221864952,2.375,1.3580786026200873,1.7545839210155147,-0.340080971659919,0.3819196419193937,2003-10-23,0.14,bmo,1555076923.0,2025-04-25,2003-09-30,-0.0714285714285714,17.2140625,1699528.125
2003-06-30,EMN,USD,915389,2003-08-12,2003-08-12 13:31:27,2003,Q2,1481000000.0,1240000000.0,241000000.0,0.1627278866,42000000,108000000.0,0.0,108000000.0,0.0,150000000.0,1390000000.0,0.0,0.0,97000000.0,188000000.0,0.1269412559,75000000.0,0.0506414585,-26000000.0,49000000.0,0.0330857529,14000000.0,35000000.0,0.0236326806,0.23,0.23,152173913,152173913,https://www.sec.gov/Archives/edgar/data/915389/000095014403009727/0000950144-03-009727-index.htm,https://www.sec.gov/Archives/edgar/data/915389/000095014403009727/g84256e10vq.htm,9.732285717066368,0.2300000000657142,0.4797142858513469,0.1182857143195102,0.4534285715581224,8.72685714535053,4.994285715712653,8.72685714535053,14.884285718538369,2410434781.92,4606434781.92,17.217391299428574,1.6275724388386226,33.01965454684932,133.91304344,1.8150864321686744,1.8150864321686744,3.110354342957461,24.502312669787237,63.10184632767123,255.91304344,0.0145202020243506,0.007467532469666,1.7055722891566265,0.3564122738001573,11.680851063829786,1.0897184020956123,0.0,2.085714285714286,0.0141053391093692,0.9714285714285714,0.0729237002025658,0.0283592167454422,0.0893784421715185,0.7534246575342466,0.0371370695476029,0.5670103092783505,0.0,6.720229589834879,0.0100339817515318,0.0060480387074477,-26.88535715053867,137000000.0,760000000.0,-3363000000.0,4402000000.0,660500000.0,1045500000.0,728500000.0,40.53342336259284,73.74193548387096,53.20161290322581,2.2203898050974518,1.220472440944882,1.6916780354706684,0.0263554216867469,0.3614285715318367,2003-07-24,0.23,bmo,1098806451.0,2025-04-25,2003-06-30,0.3478260869565217,15.544603174603171,1600742.857142857
2003-03-31,EMN,USD,915389,2003-05-13,2003-05-13 16:07:43,2003,Q1,1441000000.0,1257000000.0,184000000.0,0.1276891048,43000000,100000000.0,0.0,100000000.0,-20000000.0,123000000.0,1380000000.0,0.0,0.0,96000000.0,157000000.0,0.1089521166,59000000.0,0.040943789,-30000000.0,29000000.0,0.0201249133,11000000.0,21000000.0,0.014573213,0.14,0.14,155555556,155555556,https://www.sec.gov/Archives/edgar/data/915389/000095014403006553/0000950144-03-006553-index.htm,https://www.sec.gov/Archives/edgar/data/915389/000095014403006553/g82715e10vq.htm,9.263571402104082,0.1349999996142857,-1.0799999969142855,-1.3692857103734697,0.4885714271755102,8.25428569070204,4.589999986885714,8.25428569070204,14.509285672830613,2255555562.0,4436555562.0,26.851851928571428,1.565271035392089,-13.425925964285714,-10.589462732394368,1.756663210280374,1.756663210280374,3.078803304649549,28.25831568152866,-26.40806882142857,-20.828899352112675,0.0093103448009852,-0.0944334972671358,1.7577881619937694,0.3560498501340906,13.89171974522293,1.028337531486146,0.0,-8.0,0.0150738915825475,1.619047619047619,0.0693962526023594,0.0298403886190145,0.0899195456696639,-0.2678571428571428,0.0312283136710617,0.46875,0.0,5.007234038256255,0.0069568179436117,0.0036401456058242,-26.52749992420714,45000000.0,714000000.0,-3422000000.0,4332000000.0,593000000.0,1159500000.0,718500000.0,40.846634281748784,76.9689737470167,51.83770883054893,2.2033639143730888,1.1693023255813952,1.7361878453038675,0.0163551401869158,0.2892857134591837,2003-04-24,0.07701,bmo,5764000000.0,2025-04-25,2003-03-31,0.7530190884300743,16.584262295081967,1161219.6721311477
2002-12-31,EMN,USD,915389,2003-03-11,2003-03-11 10:29:15,2002,Q4,1315000000.0,1172000000.0,143000000.0,0.1087452471,41000000,107000000.0,0.0,107000000.0,1000000.0,149000000.0,1321000000.0,0.0,122000000.0,100000000.0,94000000.0,0.0714828897,-11000000.0,-0.008365019,-26000000.0,-37000000.0,-0.0281368821,-24000000.0,-13000000.0,-0.0098859316,-0.084,-0.084,154838710,154838710,https://www.sec.gov/Archives/edgar/data/915389/000095014403002908/0000950144-03-002908-index.htm,https://www.sec.gov/Archives/edgar/data/915389/000095014403002908/g80935e10vk.htm,8.492708315640192,-0.0839583331584201,1.763124996326823,0.0516666665590277,0.4972916656306423,8.208541649565538,4.507916657275174,8.208541649565538,14.07270830401519,2847483876.9,4827483876.9,-54.75930532500001,2.1653869786311786,10.43034387142857,355.93548461250003,2.2403492343823763,2.2403492343823763,3.6710904006844105,51.35621145638297,17.683091124175824,603.4354846125,-0.0045654341032311,0.0028094979096806,1.6184107002360346,0.3279132791327913,21.06382978723404,1.2491830065359475,-0.0901639344262295,-21.0,0.0115891788774328,-2.5384615384615383,0.0813688212927756,0.0311787072243346,0.0913438546150167,0.9706959706959708,0.2015209125475285,2.65,0.0,,-0.0007650167982709,-0.0022807017543859,-26.92802077723329,305000000.0,698000000.0,-3473000000.0,4631000000.0,574000000.0,1159500000.0,701500000.0,36.4106463878327,95.52901023890786,54.75255972696246,2.471804511278195,0.9421221864951768,1.6437587657784012,-0.010228166797797,1.7114583297677952,2003-01-30,-0.01389,bmo,4733999999.0,2025-04-25,2002-12-31,3.3196544276457884,18.68734375,1208665.625
2002-09-30,EMN,USD,915389,2002-11-14,2002-11-14 14:01:12,2002,Q3,1374000000.0,1172000000.0,202000000.0,0.1470160116,42000000,100000000.0,0.0,100000000.0,-1000000.0,141000000.0,1313000000.0,0.0,0.0,98000000.0,61000000.0,0.0443959243,61000000.0,0.0443959243,-33000000.0,28000000.0,0.0203784571,4000000.0,24000000.0,0.0174672489,0.16,0.16,154838710,154838710,https://www.sec.gov/Archives/edgar/data/915389/000095014402011845/0000950144-02-011845-index.htm,https://www.sec.gov/Archives/edgar/data/915389/000095014402011845/g79134e10vq.htm,8.87374998151302,0.1549999996770833,1.246458330736545,0.820208331624566,0.5683333321493056,9.38395831378342,5.631666654934028,9.38395831378342,12.916666639756944,2955870973.9,4867870973.9,30.790322644791665,2.151288918413392,15.31539364715026,23.274574597637795,2.034322762491397,2.034322762491397,3.542846414774381,79.80116350655737,25.222129398445595,38.32969270787401,0.0081194342418587,0.0429653395298358,1.3764624913971095,0.3278688524590163,31.34426229508197,1.453197405004634,0.0,8.041666666666666,0.0115025318426332,1.4166666666666667,0.0727802037845705,0.0305676855895196,0.0952459016393442,0.3419689119170984,0.0480349344978165,0.673469387755102,0.0,5.720712766005593,0.0104051172707889,0.0043486138793259,-24.23166661618403,489000000.0,872000000.0,-3079000000.0,4633000000.0,643500000.0,793500000.0,687500000.0,40.34934497816594,82.55119453924915,52.98634812286689,2.2305194805194803,1.090232558139535,1.6985507246376812,0.0165175498967653,0.4262499991119792,2002-10-24,0.17,bmo,1557200000.0,2025-04-25,2002-09-30,-0.1176470588235295,21.78734375,1133121.875
2002-06-30,EMN,USD,915389,2002-08-13,2002-08-13 11:50:11,2002,Q2,1395000000.0,1166000000.0,229000000.0,0.1641577061,38000000,110000000.0,0.0,110000000.0,0.0,148000000.0,1314000000.0,0.0,0.0,100000000.0,81000000.0,0.0580645161,81000000.0,0.0580645161,-21000000.0,60000000.0,0.0430107527,16000000.0,44000000.0,0.0315412186,0.29,0.29,151724138,151724138,https://www.sec.gov/Archives/edgar/data/915389/000095014402008371/0000950144-02-008371-index.htm,https://www.sec.gov/Archives/edgar/data/915389/000095014402008371/g77632e10vq.htm,9.194318177638946,0.2899999998681818,1.627954544714566,1.2654545448793388,0.4877272725055785,9.596363632001651,5.727499997396591,9.596363632001651,13.603636357452892,3565517243.0,5555517243.0,20.25862069886364,2.5559263390681,14.435292481781378,18.570402307291666,2.448844260302198,2.448844260302198,3.98244963655914,68.58663262962963,22.491972643724697,28.934985640625,0.0123404255263056,0.0538491295693335,1.4175824175824177,0.3337105901374292,24.567901234567906,1.5430210325047802,0.0,5.613636363636363,0.0095357833612361,0.7727272727272727,0.078853046594982,0.0272401433691756,0.0949070331447049,0.2226720647773279,0.039426523297491,0.55,0.0,7.913044462806262,0.0115496791755784,0.0078599499821364,-25.106420443133445,568000000.0,869000000.0,-3115000000.0,4756000000.0,667500000.0,484000000.0,669500000.0,43.29032258064516,39.519725557461406,52.873070325900514,2.0789865871833086,2.27734375,1.7021897810218978,0.0302197802197802,0.3624999998352273,2002-07-25,0.23,bmo,1031086956.0,2025-04-25,2002-06-30,0.2608695652173912,23.065625,803246.875
2002-03-31,EMN,USD,915389,2002-05-13,2002-05-13 17:26:47,2002,Q1,1236000000.0,1031000000.0,205000000.0,0.1658576052,38000000,90000000.0,0.0,90000000.0,0.0,128000000.0,1159000000.0,0.0,0.0,99000000.0,176000000.0,0.142394822,77000000.0,0.0622977346,-44000000.0,33000000.0,0.0266990291,9000000.0,6000000.0,0.0048543689,0.035,0.035,171428571,171428571,https://www.sec.gov/Archives/edgar/data/915389/000095014402005234/0000950144-02-005234-index.htm,https://www.sec.gov/Archives/edgar/data/915389/000095014402005234/g76178e10-q.htm,7.210000018025,0.0350000000875,0.5133333346166666,0.2741666673520833,0.47250000118125,7.9450000198625,4.520833344635417,7.9450000198625,12.891666698895833,4114285704.0,6243285704.0,171.42857099999998,3.3287101165048543,46.75324663636364,87.53799370212766,3.02076777092511,3.02076777092511,5.051202025889968,35.47321422727273,70.94642845454545,132.8358660425532,0.0014583333369791,0.0114236111396701,1.6226138032305433,0.3661971830985915,12.096590909090908,1.6407447973713034,0.0,14.666666666666666,0.0082638889095486,5.666666666666667,0.0728155339805825,0.0307443365695792,0.0972659486329743,0.4659090909090909,0.0331715210355987,0.4141414141414141,0.0,2.501337148663378,0.0108212560386473,0.001101321585903,-21.974166721602085,585000000.0,775000000.0,-3175000000.0,4742000000.0,660000000.0,681000000.0,656500000.0,48.3495145631068,39.80601357904946,57.090203685742,1.8614457831325304,2.2609649122807016,1.5764525993883791,0.0044052863436123,0.2391666672645833,2002-04-25,0.17,bmo,1163294117.0,2025-04-25,2002-03-31,0.0588235294117645,21.22383333333333,1408646.6666666667
2001-12-31,EMN,USD,915389,2002-03-12,2002-03-12 00:00:00,2001,Q4,1271000000.0,1102000000.0,169000000.0,0.1329661684,42000000,102000000.0,0.0,102000000.0,36000000.0,180000000.0,1282000000.0,0.0,0.0,112000000.0,101000000.0,0.0794649882,-86000000.0,-0.0676632573,-56000000.0,-142000000.0,-0.1117230527,-50000000.0,-92000000.0,-0.0723839496,-0.62,-0.62,148387097,148387097,https://www.sec.gov/Archives/edgar/data/915389/000095014402002235/0000950144-02-002235-index.htm,https://www.sec.gov/Archives/edgar/data/915389/000095014402002235/g74572e10-k405.txt,8.565434769574338,-0.6199999990565217,1.3073913023583177,0.8828260856130907,0.4447826080188091,9.28652172499877,5.148695644338941,9.28652172499877,14.80586954268672,2895032262.4700003,5026032262.47,-7.866935495842393,2.2777594511959087,14.922846713762889,22.09948291961832,2.1008942398185777,2.1008942398185777,3.9543920239732495,49.7626956680198,25.907382796237115,38.36665849213741,-0.0317785750413388,0.0452499275045151,1.5943396226415094,0.3609924416694052,21.099009900990097,1.5219206680584552,0.0,-2.108695652173913,0.0117442559935382,-0.3695652173913043,0.080251770259638,0.033044846577498,0.1008872822872165,0.3247422680412371,0.049567269866247,0.5625,0.0,,-0.0107522790156609,-0.016812865497076,-25.74684778690697,500000000.0,764000000.0,-3250000000.0,4741000000.0,706500000.0,703500000.0,697500000.0,46.45161290322581,73.99274047186933,53.82032667876588,1.9375,1.216335540838852,1.6722306525037935,-0.0667634252539912,0.4245652167452268,2002-01-31,-0.08,bmo,1271000000.0,2025-04-25,2001-12-31,-0.0,18.5803125,1053728.125
2001-09-30,EMN,USD,915389,2001-11-14,2001-11-14 00:00:00,2001,Q3,1367000000.0,1134000000.0,233000000.0,0.1704462326,39000000,101000000.0,0.0,101000000.0,5000000.0,145000000.0,1279000000.0,0.0,0.0,109000000.0,206000000.0,0.1506949525,64000000.0,0.0468178493,-31000000.0,33000000.0,0.0241404535,10000000.0,23000000.0,0.0168251646,0.18,0.18,153800000,154000000,https://www.sec.gov/Archives/edgar/data/915389/000095014401509211/0000950144-01-509211-index.htm,https://www.sec.gov/Archives/edgar/data/915389/000095014401509211/g72556e10-q.txt,8.88816644993498,0.1495448634590377,1.1248374512353707,0.7737321196358907,0.4876462938881664,10.637191157347203,6.534460338101431,10.637191157347203,14.895968790637191,2733026000.0,4949026000.0,29.706804347826083,1.9992874908558889,15.797838150289016,22.96660504201681,1.6705537897310514,1.6705537897310514,3.62035552304316,24.024398058252427,28.607086705202317,41.588453781512605,0.0084155803859897,0.0435414811275121,1.4003667481662592,0.3575776494459185,10.75728155339806,1.4986351228389443,0.0,7.521739130434782,0.0120745283798983,1.434782608695652,0.0738844184345281,0.0285296269202633,0.098486030903699,0.3121387283236994,0.0395025603511338,0.4954128440366973,0.0,5.9826072269785815,0.0081981364833781,0.0039819944598337,-24.44895968790637,548000000.0,1005000000.0,-3124000000.0,4916000000.0,758000000.0,488000000.0,733500000.0,49.8390636430139,39.76190476190476,58.41269841269841,1.8058124174372523,2.263473053892215,1.5407608695652173,0.0140586797066014,0.3511053315994798,2001-10-25,0.24,bmo,1176857142.0,2025-04-25,2001-09-30,0.1666666666666668,20.629830508474576,968715.254237288
2001-06-30,EMN,USD,915389,2001-08-08,2001-08-08 00:00:00,2001,Q2,1402000000.0,1149000000.0,253000000.0,0.1804564907,41000000,114000000.0,0.0,114000000.0,-290000000.0,-135000000.0,1014000000.0,0.0,0.0,110000000.0,498000000.0,0.3552068474,-200000000.0,-0.1426533524,-43000000.0,-243000000.0,-0.1733238231,-96000000.0,-147000000.0,-0.104850214,-0.96,-0.96,153125000,153125000,https://www.sec.gov/Archives/edgar/data/915389/000095014401505263/0000950144-01-505263-index.htm,https://www.sec.gov/Archives/edgar/data/915389/000095014401505263/g70864e10-q.txt,9.155918367346938,-0.96,1.2277551020408164,0.8228571428571428,0.4571428571428571,10.514285714285714,6.569795918367347,10.514285714285714,15.438367346938776,3647437500.0,5941437500.0,-6.203125,2.601595934379458,19.40126329787234,28.947916666666668,2.2654891304347826,2.2654891304347826,4.237829885877318,11.930597389558232,31.60339095744681,47.15426587301587,-0.0403022670025188,0.0345448002878733,1.4683229813664596,0.3674230649673609,4.606425702811245,1.4437663469921531,0.0,-1.2789115646258504,0.0093216127760928,-0.2312925170068027,0.0813124108416547,0.0292439372325249,0.0938762822505439,0.3297872340425531,0.0442225392296719,0.5636363636363636,0.0,,-0.0221345873254642,-0.0252144082332761,-24.94204081632653,509000000.0,1006000000.0,-3168000000.0,4861000000.0,771000000.0,476000000.0,687500000.0,48.72325249643367,37.20626631853786,57.25848563968669,1.847167325428195,2.4189473684210525,1.5718194254445963,-0.0913043478260869,0.4048979591836735,2001-07-26,0.28,bmo,1402000000.0,2025-04-25,2001-06-30,0.0,25.723650793650798,737285.7142857143
2001-03-31,EMN,USD,915389,2001-05-07,2001-05-07 00:00:00,2001,Q1,1344000000.0,1112000000.0,232000000.0,0.1726190476,38000000,98000000.0,0.0,98000000.0,0.0,136000000.0,1248000000.0,0.0,0.0,104000000.0,200000000.0,0.1488095238,96000000.0,0.0714285714,-41000000.0,55000000.0,0.040922619,18000000.0,37000000.0,0.0275297619,0.24,0.24,154166667,154166667,https://www.sec.gov/Archives/edgar/data/915389/000095014401501597/0000950144-01-501597-index.htm,https://www.sec.gov/Archives/edgar/data/915389/000095014401501597/g68973e10-q.txt,8.717837818988459,0.239999999481081,-0.8043243225852447,-1.1610810785706356,0.2918918912607743,11.74702700162805,7.770810794009058,11.74702700162805,14.198918888218554,3794041674.87,5938041674.87,25.635416722094597,2.8229476747544644,-30.59711028120968,-21.19576354675977,2.094998163926008,2.094998163926008,4.41818576999256,29.69020837435,-47.88743286185484,-33.173417178044694,0.0097521332580691,-0.0471792392755235,1.2087244616234123,0.3358907472763541,10.72,1.5389863547758285,0.0,-3.3513513513513518,0.0089614197506581,0.918918918918919,0.0729166666666666,0.0282738095238095,0.0940616848243056,-0.4435483870967742,0.040922619047619,0.5288461538461539,0.0,7.964543029680799,0.011602913794793,0.0062669376693766,-24.335675623058,553000000.0,1198000000.0,-3127000000.0,5011000000.0,760000000.0,501500000.0,612000000.0,52.43303571428572,38.60611510791367,52.12230215827338,1.7164750957854409,2.331236897274633,1.7267080745341614,0.0204307012700165,0.3567567559853908,2001-04-26,0.23,bmo,1285565217.0,2025-04-25,2001-03-31,0.0434782608695651,24.28,940451.6129032258
2000-12-31,EMN,USD,915389,2001-03-02,2001-03-02 00:00:00,2000,Q4,1372000000.0,1137000000.0,235000000.0,0.1712827988,37000000,95000000.0,0.0,95000000.0,0.0,132000000.0,1269000000.0,0.0,0.0,111000000.0,214000000.0,0.1559766764,103000000.0,0.0750728863,-26000000.0,77000000.0,0.056122449,25000000.0,52000000.0,0.0379008746,0.34,0.34,152270886,152755906,https://www.sec.gov/Archives/edgar/data/915389/000095014401003269/0000950144-01-003269-index.htm,https://www.sec.gov/Archives/edgar/data/915389/000095014401003269/g67238e10-k405.txt,9.010258205235637,0.3414966666707383,1.760021282072267,1.149267628218831,0.663291602572011,11.899845384757269,7.88069230778627,11.899845384757269,13.26583205144022,3712364200.68,5631364200.68,17.847904810961538,2.705804810991254,13.85210522641791,21.213509718171423,2.048766115165563,2.048766115165563,4.104492857638484,26.314785984485983,21.01255298761194,32.179224003885714,0.0140072463769786,0.0471397714609856,1.1147902869757174,0.3083969465648855,8.967289719626168,1.2106518282988872,0.0,5.153846153846154,0.0091585841695629,0.6538461538461539,0.0692419825072886,0.0269679300291545,0.0934351145038168,0.3470149253731343,0.0677842565597667,0.8378378378378378,0.0,9.562141208318092,0.0128859654609932,0.0087571572920175,-24.917763990681717,265000000.0,1200000000.0,-3215000000.0,4802000000.0,724500000.0,485000000.0,596000000.0,48.345481049562686,41.63588390501319,45.91029023746702,1.8616010854816825,2.161596958174905,1.960344827586207,0.0286975717439293,0.6107536538534359,2001-01-25,0.35,bmo,1411199999.0,2025-04-25,2000-12-31,-0.0285714285714284,21.261111111111116,778933.3333333334
2000-09-30,EMN,USD,915389,2000-11-08,2000-11-08 00:00:00,2000,Q3,1387000000.0,1096000000.0,291000000.0,0.2098053353,38000000,90000000.0,0.0,90000000.0,0.0,128000000.0,1224000000.0,0.0,0.0,108000000.0,251000000.0,0.1809661139,154000000.0,0.1110310022,-9000000.0,145000000.0,0.1045421774,48000000.0,97000000.0,0.0699351118,0.64,0.64,153200000,153400000,https://www.sec.gov/Archives/edgar/data/915389/000095014400013108/0000950144-00-013108-index.htm,https://www.sec.gov/Archives/edgar/data/915389/000095014400013108/g65044e10-q.txt,9.053524804177544,0.6331592689295039,1.2075718015665795,0.8485639686684073,0.4830287206266319,11.605744125326371,7.650130548302872,11.605744125326371,13.968668407310703,2829604000.0,4895604000.0,7.292793814432989,2.0400894015861573,15.295156756756755,21.766184615384617,1.591453318335208,1.591453318335208,3.529635183850036,19.504398406374506,26.462724324324324,37.65849230769231,0.0342804152100435,0.0459428245083057,1.2035995500562429,0.3258717831582153,8.231075697211155,1.300854700854701,0.0,1.907216494845361,0.0116624092982622,0.3402061855670103,0.0648882480173035,0.0273972602739726,0.0922795797167656,0.2972972972972973,0.0396539293439077,0.5092592592592593,0.0,12.858320282211317,0.0186936471883818,0.0162724375104848,-25.29373368146214,352000000.0,1172000000.0,-3267000000.0,4883000000.0,684000000.0,384000000.0,580000000.0,46.20043258832011,36.45985401459854,50.25547445255474,1.9480337078651688,2.468468468468469,1.7908496732026145,0.0545556805399325,0.3590078328981723,2000-10-19,0.42,bmo,1099132075.0,2025-04-25,2000-09-30,0.261904761904762,22.32206349206349,800501.5873015873
2000-06-30,EMN,USD,915389,2000-08-09,2000-08-09 00:00:00,2000,Q2,1316000000.0,1026000000.0,290000000.0,0.2203647416,36000000,81000000.0,0.0,81000000.0,0.0,117000000.0,1143000000.0,0.0,0.0,103000000.0,276000000.0,0.2097264438,173000000.0,0.1314589666,-45000000.0,128000000.0,0.0972644377,42000000.0,86000000.0,0.0653495441,0.56,0.56,153571429,153571429,https://www.sec.gov/Archives/edgar/data/915389/000095014400009630/0000950144-00-009630-index.htm,https://www.sec.gov/Archives/edgar/data/915389/000095014400009630/e10-q.txt,8.569302301667063,0.5599999984372093,1.5367441817579233,1.2502325546505135,1.1004651132080043,11.447441828518768,8.614883696888697,11.447441828518768,12.743255778390914,3667285724.52,5455285724.52,10.660714315465116,2.786691280030395,15.53934629033898,19.100446481875,2.086055588464164,2.086055588464164,4.145353894012159,19.765527987391305,23.11561747677966,28.412946481875004,0.0234505861992131,0.0523547970959176,1.1131968145620024,0.3132703697774932,6.478260869565218,1.333041958041958,0.0,2.744186046511628,0.0092711619857354,0.3953488372093023,0.0615501519756838,0.0273556231003039,0.0696334240435409,0.1864406779661017,0.033434650455927,0.4271844660194174,0.0,12.009902857093078,0.0223270024971187,0.0147969717825189,-23.14232551681211,381000000.0,1323000000.0,-2964000000.0,4640000000.0,653500000.0,327500000.0,537000000.0,44.86322188449848,28.42105263157895,48.07017543859649,2.006097560975609,3.1666666666666665,1.872262773722628,0.0489192263936291,0.2865116271074094,2000-07-28,0.53,bmo,1089812500.0,2025-04-25,2000-06-30,0.2075471698113207,24.3568253968254,827025.3968253968
2000-03-31,EMN,USD,915389,2000-05-05,2000-05-05 00:00:00,2000,Q1,1217000000.0,967000000.0,250000000.0,0.2054231717,38000000,80000000.0,0.0,80000000.0,0.0,118000000.0,1085000000.0,0.0,0.0,96000000.0,228000000.0,0.1873459326,132000000.0,0.1084634347,-30000000.0,102000000.0,0.0838126541,34000000.0,68000000.0,0.0558751027,0.44,0.44,154545455,154545455,https://www.sec.gov/Archives/edgar/data/915389/000095014400005954/0000950144-00-005954-index.html,https://www.sec.gov/Archives/edgar/data/915389/000095014400005954/,7.874705859192042,0.4399999987058823,0.9188235267093424,0.6988235273564014,0.3364705872456747,11.232941143432528,8.385882328276816,11.232941143432528,13.13529407901384,3515909101.25,5493909101.25,12.926136401654412,2.8889967964256367,24.75992324823944,32.554713900462964,2.0252932610887098,2.0252932610887098,4.514304931183237,24.096092549342107,38.68950071302817,50.86952871527778,0.019340659283775,0.0307175176859956,1.1693548387096775,0.3254248156460404,8.675438596491228,0.9292929292929292,0.0,2.088235294117647,0.0096703296418875,0.5,0.0657354149548069,0.0312243221035332,0.0705354280218018,0.2394366197183098,0.0279375513557929,0.3541666666666667,0.0,10.545431095640671,0.0166824644549763,0.0117281821317695,-23.93308816490268,-105000000.0,1296000000.0,-3122000000.0,4271000000.0,641000000.0,327000000.0,505500000.0,48.142974527526704,30.80661840744571,48.95553257497415,1.869431643625192,2.921450151057402,1.838403041825095,0.0391705069124423,0.2199999993529411,2000-04-27,0.36,bmo,995727272.0,2025-04-25,2000-03-31,0.2222222222222222,20.657619047619047,763149.2063492064
1999-12-31,EMN,USD,915389,2000-03-06,2000-03-06 00:00:00,1999,Q4,1255000000.0,1067000000.0,188000000.0,0.1498007968,47000000,103000000.0,0.0,103000000.0,53000000.0,203000000.0,1270000000.0,0.0,0.0,101000000.0,86000000.0,0.0685258964,-40000000.0,-0.03187251,-37000000.0,-77000000.0,-0.0613545817,-25000000.0,-52000000.0,-0.0414342629,-0.33,-0.33,156000000,156000000,https://www.sec.gov/Archives/edgar/data/915389/000095014400002925/0000950144-00-002925-index.html,https://www.sec.gov/Archives/edgar/data/915389/000095014400002925/,8.044871794871796,-0.3333333333333333,1.7115384615384617,1.0576923076923077,1.1923076923076923,11.275641025641026,8.416666666666666,11.275641025641026,13.493589743589745,3719040000.0,5638040000.0,-17.880000000000003,2.963378486055777,13.928988764044943,22.539636363636365,2.114292211483797,2.114292211483797,4.492462151394422,65.5586046511628,21.11625468164794,34.169939393939394,-0.0139821029082774,0.0443662880743417,1.196702671972712,0.3339679517689989,22.313953488372093,0.925995024875622,0.0,-5.134615384615385,0.0091421442092583,-0.6538461538461539,0.0820717131474103,0.0374501992031872,0.0707599555767095,0.3820224719101123,0.0812749003984063,1.00990099009901,0.0,,-0.0051025664928196,-0.0088782653235444,-23.34775641025641,-119000000.0,1313000000.0,-3055000000.0,4277000000.0,635500000.0,344500000.0,507500000.0,45.25099601593626,27.244611059044047,40.90909090909091,1.988906497622821,3.303405572755418,2.2,-0.0295622512791358,0.6538461538461539,2000-01-28,0.18,bmo,1631500000.0,2025-04-25,1999-12-31,-0.4444444444444444,20.403125,557371.875
1999-09-30,EMN,USD,915389,1999-11-05,1999-11-05 00:00:00,1999,Q3,1190000000.0,976000000.0,214000000.0,0.1798319328,46000000,93000000.0,0.0,93000000.0,0.0,139000000.0,1115000000.0,0.0,0.0,105000000.0,180000000.0,0.1512605042,75000000.0,0.0630252101,-26000000.0,49000000.0,0.0411764706,16000000.0,33000000.0,0.0277310924,0.21,0.21,156000000,156800000,https://www.sec.gov/Archives/edgar/data/915389/000095014499012407/0000950144-99-012407-index.html,https://www.sec.gov/Archives/edgar/data/915389/000095014499012407/0000950144-99-012407-d1.html,7.628205128205129,0.2115384615384615,1.2884615384615383,0.9294871794871796,0.4807692307692308,11.91025641025641,9.42948717948718,11.91025641025641,13.397435897435898,3110640000.0,5125640000.0,23.565454545454543,2.6139831932773108,15.475820895522387,21.452689655172417,1.6741872981700754,1.6741872981700754,4.307260504201681,28.47577777777778,25.500696517412937,35.34924137931034,0.0106087493248977,0.0466142015790962,1.1248654467169,0.3365539452495974,11.194444444444445,1.4797872340425533,0.0,6.28125,0.0109302265771673,1.0303030303030305,0.0781512605042016,0.0386554621848739,0.0623188405797101,0.2786069651741293,0.0470588235294117,0.5333333333333333,0.0,7.529159292043861,0.0095844789528714,0.005667181865018,-22.64102564102564,451000000.0,1471000000.0,-2961000000.0,4846000000.0,660000000.0,337500000.0,516500000.0,48.40336134453781,33.75,48.87295081967213,1.859375,2.6666666666666665,1.841509433962264,0.0177610333692142,0.358974358974359,1999-10-22,0.21,bmo,1360000000.0,2025-04-25,1999-09-30,-0.1428571428571428,24.538125,536409.375
1999-06-30,EMN,USD,915389,1999-08-03,1999-08-03 00:00:00,1999,Q2,1122000000.0,897000000.0,225000000.0,0.2005347594,46000000,83000000.0,0.0,83000000.0,0.0,129000000.0,1026000000.0,0.0,0.0,90000000.0,186000000.0,0.1657754011,96000000.0,0.0855614973,-32000000.0,64000000.0,0.0570409982,21000000.0,43000000.0,0.0383244207,0.28,0.27,156000000,156800000,https://www.sec.gov/Archives/edgar/data/915389/000095014499009495/0000950144-99-009495-index.html,https://www.sec.gov/Archives/edgar/data/915389/000095014499009495/,7.1923076923076925,0.2756410256410256,1.6538461538461535,1.2820512820512822,0.5769230769230769,11.794871794871796,11.794871794871796,11.794871794871796,13.365384615384617,4037280000.0,6032280000.0,23.472558139534883,3.598288770053476,15.648372093023257,20.1864,2.194173913043478,2.194173913043478,5.376363636363636,32.431612903225805,23.38093023255814,30.1614,0.0106507351484167,0.0495383030158918,1.1331521739130437,0.3384190878104204,10.725806451612904,1.6372093023255814,0.0,6.0,0.008669203027781,0.813953488372093,0.0739750445632798,0.0409982174688057,0.0,0.2248062015503876,0.0516934046345811,0.6444444444444445,0.0,8.552829214591188,0.0121675155631013,0.0069793864632364,-22.240384615384617,548000000.0,1840000000.0,-2913000000.0,4481000000.0,714000000.0,310500000.0,512000000.0,54.54545454545455,31.003344481605357,50.468227424749166,1.65,2.902912621359224,1.783300198807157,0.0233695652173913,0.3717948717948718,1999-07-23,0.25,bmo,1032239999.0,2025-04-25,1999-06-30,0.08,25.877301587301588,626669.8412698413
1999-03-31,EMN,USD,915389,1999-05-05,1999-05-05 00:00:00,1999,Q1,1023000000.0,829000000.0,194000000.0,0.1896383187,47000000,76000000.0,0.0,76000000.0,0.0,123000000.0,952000000.0,0.0,0.0,87000000.0,158000000.0,0.1544477028,71000000.0,0.0694037146,-34000000.0,37000000.0,0.0361681329,12000000.0,25000000.0,0.0244379277,0.16,0.16,157400000,157600000,https://www.sec.gov/Archives/edgar/data/915389/000095014499005328/0000950144-99-005328-index.html,https://www.sec.gov/Archives/edgar/data/915389/,6.4993646759847525,0.1588310038119441,0.1143583227445997,-0.3684879288437103,0.349428208386277,11.715374841168996,11.715374841168996,11.715374841168996,11.75984752223634,3310122000.0,5106122000.0,33.10122,3.235700879765396,183.89566666666667,-57.07106896551724,1.7950770065075925,1.7950770065075925,4.991321603128055,32.31722784810127,283.67344444444444,-88.03658620689656,0.0075525917171632,-0.0175220127838188,1.0037960954446854,0.3142081140723137,11.367088607594935,1.7765700483091786,0.0,0.72,0.0105736284040286,1.4,0.0742913000977517,0.0459433040078201,0.0,4.222222222222222,0.0742913000977517,0.8735632183908046,0.0,6.470487368526539,0.0094752069865638,0.0042437616703445,-20.14294790343075,643000000.0,1844000000.0,-2576000000.0,4615000000.0,762000000.0,288500000.0,507000000.0,65.80645161290323,33.87213510253317,56.56212303980699,1.3676470588235294,2.657051282051282,1.5911708253358925,0.0135574837310195,0.48284625158831,1999-04-23,0.14,bmo,723407142.0,2025-04-25,1999-03-31,0.5714285714285713,22.782622950819672,583701.6393442623
1998-12-31,EMN,USD,915389,1999-03-05,1999-03-05 00:00:00,1998,Q4,1037000000.0,914000000.0,123000000.0,0.118611379,46000000,81000000.0,0.0,81000000.0,0.0,127000000.0,1041000000.0,0.0,0.0,93000000.0,89000000.0,0.0858244937,-4000000.0,-0.0038572806,-22000000.0,-26000000.0,-0.025072324,-24000000.0,-2000000.0,-0.0019286403,-0.0126,-0.0126,158200000,158200000,https://www.sec.gov/Archives/edgar/data/915389/000095014499002429/0000950144-99-002429-index.html,https://www.sec.gov/Archives/edgar/data/915389/,6.5549936788874845,-0.0126422250316055,1.7193426042983566,0.8849557522123894,0.1833122629582806,12.22503160556258,12.22503160556258,12.22503160556258,10.423514538558786,3540516000.0,5160516000.0,-442.5645,3.414190935390549,13.016602941176467,25.2894,1.830670113753878,1.830670113753878,4.976389585342334,57.98332584269663,18.972485294117647,36.86082857142857,-0.0005648894115998,0.0395422588119923,0.8526370217166495,0.2806330837304289,18.202247191011235,1.4365482233502538,0.0,-136.0,0.0093206752913982,-16.5,0.0781099324975892,0.0443587270973963,0.0,0.4852941176470588,0.1272902603664416,1.4193548387096775,0.0,,-6.290989729959262e-05,-0.0003403675970047,-19.49747155499368,430000000.0,1934000000.0,-2527000000.0,4490000000.0,808000000.0,280500000.0,530500000.0,67.34811957569913,26.09409190371991,48.54485776805251,1.336340206185567,3.449056603773585,1.8539553752535496,-0.0010341261633919,0.8343868520859671,1999-01-29,0.06,bmo,864166666.0,2025-04-25,1998-12-31,0.1666666666666668,27.52390625,464209.375
1998-09-30,EMN,USD,915389,1998-11-03,1998-11-03 00:00:00,1998,Q3,1131000000.0,870000000.0,261000000.0,0.2307692308,45000000,75000000.0,0.0,75000000.0,0.0,120000000.0,990000000.0,0.0,0.0,90000000.0,231000000.0,0.2042440318,141000000.0,0.124668435,-18000000.0,123000000.0,0.1087533156,43000000.0,80000000.0,0.0707338638,0.51,0.5,158200000,159000000,https://www.sec.gov/Archives/edgar/data/915389/000095014498011949/0000950144-98-011949-index.html,https://www.sec.gov/Archives/edgar/data/915389/,7.149178255372946,0.5056890012642224,1.5802781289506953,0.9481668773704172,0.5436156763590392,12.5031605562579,12.5031605562579,12.5031605562579,11.510745891276864,3989804000.0,5724804000.0,12.4681375,3.52767816091954,15.959216,26.598693333333333,2.0170899898887766,2.0170899898887766,5.061718832891247,24.78270129870129,22.899216,38.16536,0.0200511102801039,0.0375958317751949,0.9206268958543984,0.2966281153282293,7.510822510822511,1.709775967413442,0.0,3.125,0.0087723607475454,0.4375,0.0663129973474801,0.039787798408488,0.0,0.4,0.0884173297966401,1.1111111111111112,0.0,11.927321259304469,0.0177830748639074,0.0130314383450073,-19.981036662452592,697000000.0,1978000000.0,-2482000000.0,4703000000.0,858500000.0,533500000.0,567000000.0,66.84350132625995,30.620689655172416,58.75862068965517,1.3464285714285715,2.939189189189189,1.5316901408450705,0.0404448938321536,0.6321112515802781,1998-10-23,0.56,bmo,1472930232.0,2025-04-25,1998-09-30,-0.2321428571428572,27.95171875,343484.375
1998-06-30,EMN,USD,915389,1998-08-03,1998-08-03 00:00:00,1998,Q2,1165000000.0,868000000.0,297000000.0,0.2549356223,48000000,85000000.0,0.0,85000000.0,0.0,133000000.0,1001000000.0,0.0,0.0,86000000.0,250000000.0,0.2145922747,164000000.0,0.1407725322,-15000000.0,149000000.0,0.1278969957,52000000.0,97000000.0,0.0832618026,0.61,0.61,158000000,159800000,https://www.sec.gov/Archives/edgar/data/915389/000095014498009023/0000950144-98-009023-index.html,https://www.sec.gov/Archives/edgar/data/915389/,7.3734177215189876,0.6139240506329114,1.0063291139240509,0.1645569620253164,0.2088607594936709,12.031645569620252,12.031645569620252,12.031645569620252,11.727848101265822,4918540000.0,6738540000.0,12.676649484536082,4.221922746781116,30.934213836477987,189.17461538461532,2.587343503419253,2.587343503419253,5.784154506437768,26.95416,42.38075471698113,259.1746153846154,0.0197212994099875,0.0052861214913368,0.9747501315097316,0.3097626211969241,7.28,2.075226977950713,0.0,1.6391752577319587,0.007319245141851,0.3711340206185567,0.0729613733905579,0.0412017167381974,0.0,0.8364779874213837,0.1141630901287553,1.5465116279069768,0.0,12.891726926107214,0.0204884092633162,0.0162153126044801,-19.66613924050633,829000000.0,1901000000.0,-2481000000.0,4799000000.0,860000000.0,798000000.0,542500000.0,67.7510729613734,79.94239631336406,58.68663594470046,1.3283922462941846,1.125810635538262,1.5335689045936396,0.0510257759074171,0.8417721518987342,1998-07-24,0.55,bmo,1037909090.0,2025-04-25,1998-06-30,0.1090909090909089,33.79380952380953,310206.34920634923
1998-03-31,EMN,USD,915389,1998-05-06,1998-05-06 00:00:00,1998,Q1,1148000000.0,894000000.0,254000000.0,0.2212543554,46000000,75000000.0,0.0,75000000.0,0.0,121000000.0,1015000000.0,0.0,0.0,82000000.0,215000000.0,0.18728223,133000000.0,0.1158536585,-19000000.0,114000000.0,0.0993031359,40000000.0,74000000.0,0.0644599303,0.48,0.47,156800000,158400000,https://www.sec.gov/Archives/edgar/data/915389/000095014498005589/0000950144-98-005589-index.html,https://www.sec.gov/Archives/edgar/data/915389/,7.321428571428571,0.4719387755102041,0.3188775510204081,-0.5420918367346939,0.274234693877551,11.690051020408164,11.690051020408164,11.690051020408164,11.862244897959185,5287296000.0,7104296000.0,17.862486486486485,4.6056585365853655,105.74592,-62.20348235294118,2.884504091653028,2.884504091653028,6.188411149825784,33.043237209302326,142.08592,-83.57995294117647,0.0139958118478708,-0.0160762703657975,1.0147299509001635,0.3147208121827411,8.451162790697675,1.8896969696969697,0.0,0.6756756756756757,0.006430508146319,0.4594594594594595,0.0653310104529616,0.0400696864111498,0.0,2.7,0.117595818815331,1.646341463414634,0.0,11.141464813704834,0.0169780399868895,0.0125211505922165,-20.039859693877556,734000000.0,1833000000.0,-2518000000.0,4662000000.0,818000000.0,553000000.0,515000000.0,66.08885017421602,83.05369127516778,52.248322147651,1.361803084223013,1.0836363636363635,1.722543352601156,0.0403709765411893,0.860969387755102,1998-04-24,0.48,bmo,1171916666.0,2025-04-25,1998-03-31,-0.0208333333333333,31.43032786885246,360180.3278688525
1997-12-31,EMN,USD,915389,1998-03-06,1998-03-06 00:00:00,1997,Q4,1154000000.0,889000000.0,265000000.0,0.2296360485,46000000,90000000.0,0.0,90000000.0,62000000.0,198000000.0,1087000000.0,0.0,0.0,85000000.0,152000000.0,0.1317157712,67000000.0,0.0580589255,-24000000.0,43000000.0,0.0372616984,15000000.0,28000000.0,0.0242634315,0.18,0.18,156400000,156400000,https://www.sec.gov/Archives/edgar/data/915389/000095014498002381/0000950144-98-002381-index.html,https://www.sec.gov/Archives/edgar/data/915389/,7.378516624040921,0.1790281329923273,1.2084398976982098,0.0447570332480818,0.1854219948849104,11.20843989769821,11.20843989769821,11.20843989769821,10.959079283887467,4657592000.0,6342592000.0,41.58564285714286,4.036041594454073,24.64334391534392,665.3702857142857,2.6569264118653737,2.6569264118653737,5.496180242634315,41.72757894736842,33.55868783068783,906.0845714285714,0.0060116901609243,0.001502922540231,0.977752424415288,0.2966424368293527,11.085526315789474,1.5618448637316562,0.0,6.75,0.0072999094811224,1.2142857142857142,0.0779896013864818,0.0398613518197573,0.0,0.9629629629629628,0.1577123050259965,2.1411764705882352,0.0,6.719306998823355,0.0090439276485788,0.0048459674627898,-20.11349104859335,536000000.0,1753000000.0,-2535000000.0,4417000000.0,794000000.0,497000000.0,515000000.0,61.84575389948007,28.447694038245217,51.732283464566926,1.455233291298865,3.1637010676156585,1.7397260273972603,0.0159726183685111,1.1636828644501278,1998-01-27,0.46,bmo,1204173913.0,2025-04-25,1997-12-31,-0.0434782608695652,30.22734375,367796.875
1997-09-30,EMN,USD,915389,1997-10-29,1997-10-29 00:00:00,1997,Q3,1145000000.0,857000000.0,288000000.0,0.2515283843,55000000,85000000.0,0.0,85000000.0,0.0,140000000.0,997000000.0,0.0,0.0,83000000.0,231000000.0,0.2017467249,148000000.0,0.1292576419,0.0,148000000.0,0.1292576419,52000000.0,96000000.0,0.0838427948,0.62,0.61,156400000,157800000,https://www.sec.gov/Archives/edgar/data/915389/000095014497011328/0000950144-97-011328-index.html,https://www.sec.gov/Archives/edgar/data/915389/,7.320971867007673,0.6138107416879796,1.5728900255754477,0.4667519181585677,0.2301790281329923,11.37468030690537,11.37468030690537,11.37468030690537,10.90153452685422,4848400000.0,6517400000.0,12.626041666666666,4.234410480349345,19.708943089430893,66.41643835616438,2.725351320966836,2.725351320966836,5.692052401746725,28.213852813852817,26.49349593495935,89.27945205479452,0.0198003465060638,0.015056513488986,0.9584035975267003,0.2992277992277992,7.225108225108225,1.7532934131736526,0.0,2.5625,0.0070126227208976,0.3541666666666667,0.074235807860262,0.0480349344978165,0.0,0.7032520325203252,0.1510917030567685,2.0843373493975905,0.0,12.53366552537676,0.0197409006785934,0.0168480168480168,-19.35581841432225,629000000.0,1779000000.0,-2455000000.0,4422000000.0,813500000.0,689500000.0,496500000.0,62.48908296943232,74.87747957993,54.50408401400234,1.440251572327044,1.201963534361851,1.651252408477842,0.0539629005059021,1.10613810741688,1997-10-21,0.53,bmo,1080188679.0,2025-04-25,1997-09-30,0.0566037735849057,30.20421875,483546.875
1997-06-30,EMN,USD,915389,1997-07-31,1997-07-31 00:00:00,1997,Q2,1208000000.0,925000000.0,283000000.0,0.2342715232,42000000,84000000.0,0.0,84000000.0,0.0,126000000.0,1051000000.0,0.0,0.0,80000000.0,237000000.0,0.196192053,157000000.0,0.1299668874,-16000000.0,141000000.0,0.1167218543,51000000.0,90000000.0,0.0745033113,0.57,0.57,156400000,157600000,https://www.sec.gov/Archives/edgar/data/915389/000095014497008395/0000950144-97-008395-index.html,https://www.sec.gov/Archives/edgar/data/915389/,7.723785166240409,0.5754475703324808,1.3427109974424551,-0.1023017902813299,0.2557544757033248,11.093350383631714,11.093350383631714,11.093350383631714,11.29156010230179,4965700000.0,6691700000.0,13.79361111111111,4.11067880794702,23.64619047619048,-310.35625,2.8620749279538904,2.8620749279538904,5.539486754966887,28.235021097046413,31.86523809523809,-418.23125,0.0181243329238576,-0.003222103630908,1.0178674351585015,0.3135096751287058,7.282700421940929,1.8764478764478765,0.0,2.333333333333333,0.007249733169543,0.4,0.0695364238410596,0.0347682119205298,0.0,1.076190476190476,0.1870860927152318,2.825,0.0,11.98465411745056,0.0206368957902485,0.0159772767619385,-19.16240409207161,681000000.0,1735000000.0,-2440000000.0,4405000000.0,813000000.0,639000000.0,473000000.0,61.98675496688742,64.8,46.11891891891892,1.4519230769230769,1.3888888888888888,1.9514767932489447,0.0518731988472622,1.4450127877237853,1997-07-22,0.56,bmo,1186428571.0,2025-04-25,1997-06-30,0.0178571428571426,27.90015625,602931.25
1997-03-31,EMN,USD,915389,1997-05-07,1997-05-07 00:00:00,1997,Q1,1171000000.0,911000000.0,260000000.0,0.2220324509,48000000,78000000.0,0.0,78000000.0,0.0,126000000.0,1037000000.0,0.0,0.0,79000000.0,213000000.0,0.1818958155,134000000.0,0.1144321093,-20000000.0,114000000.0,0.09735269,42000000.0,72000000.0,0.0614859095,0.47,0.46,155200000,156400000,https://www.sec.gov/Archives/edgar/data/915389/000095014497005169/0000950144-97-005169-index.html,https://www.sec.gov/Archives/edgar/data/915389/,7.545103092783505,0.4639175257731959,0.3414948453608247,-0.740979381443299,0.3286082474226804,10.844072164948454,10.844072164948454,10.844072164948454,11.12757731958763,4171776000.0,5847776000.0,14.485333333333331,3.562575576430401,78.71275471698112,-36.27631304347826,2.4787736185383245,2.4787736185383245,4.9938309137489325,27.454347417840378,110.3353962264151,-50.850226086956525,0.0172588365243004,-0.0275661972263132,1.026143790849673,0.3159531650201244,7.868544600938967,2.0442857142857145,0.0,0.7361111111111112,0.0081500061364752,0.4722222222222222,0.0666097352690008,0.0409906063193851,0.0,3.169811320754717,0.1434671221178479,2.1265822784810124,0.0,10.63917244815355,0.0177573602491331,0.0131723380900109,-18.68878865979381,731000000.0,1683000000.0,-2352000000.0,4318000000.0,769000000.0,462000000.0,468500000.0,61.02476515798463,60.46103183315039,46.63007683863886,1.4748110831234258,1.488562091503268,1.930084745762712,0.0427807486631016,1.0824742268041236,1997-04-22,0.47,bmo,1195914893.0,2025-04-25,1997-03-31,-0.0212765957446807,27.612131147540985,468262.2950819672
1996-12-31,EMN,USD,915389,1997-03-13,1997-03-13 00:00:00,1996,Q4,1113000000.0,554000000.0,559000000.0,0.5022461815,47000000,85000000.0,0.0,85000000.0,314000000.0,446000000.0,1000000000.0,0.0,0.0,82000000.0,195000000.0,0.1752021563,113000000.0,0.1015274034,-17000000.0,96000000.0,0.0862533693,36000000.0,60000000.0,0.0539083558,0.39,0.39,155200000,155800000,https://www.sec.gov/Archives/edgar/data/915389/000095014497002334/0000950144-97-002334-index.html,https://www.sec.gov/Archives/edgar/data/915389/,7.171391752577319,0.3865979381443299,1.6945876288659794,-0.0644329896907216,0.1546391752577319,10.560567010309278,10.560567010309278,10.560567010309278,9.813144329896907,4288176000.0,5787176000.0,17.8674,3.852808625336927,16.304851711026615,-428.8176,2.6163367907260526,2.6163367907260526,5.199619047619048,29.67782564102564,22.004471482889738,-578.7176,0.0139919630164433,-0.0023319938360738,0.9292251372788286,0.2892138245347512,7.687179487179487,1.7090216010165185,0.0,4.383333333333334,0.0079287790426512,0.5666666666666667,0.0763701707097933,0.0422282120395327,0.0,1.038022813688213,0.2452830188679245,3.3292682926829267,0.0,9.584393680142917,0.0157680285778075,0.0113938473224458,-18.121778350515463,558000000.0,1639000000.0,-2282000000.0,4078000000.0,751500000.0,472500000.0,462000000.0,60.16172506738545,50.68592057761733,75.54151624548736,1.4959677419354838,1.7756410256410255,1.1913978494623656,0.036607687614399,1.759020618556701,1997-01-21,0.48,bmo,1321687500.0,2025-04-25,1996-12-31,-0.1874999999999999,27.53765625,496368.75
1996-09-30,EMN,USD,915389,1996-11-05,1996-11-05 00:00:00,1996,Q3,1167000000.0,873000000.0,294000000.0,0.2519280206,47000000,78000000.0,0.0,78000000.0,0.0,125000000.0,998000000.0,0.0,0.0,80000000.0,249000000.0,0.2133676093,169000000.0,0.1448157669,-13000000.0,156000000.0,0.1336760925,60000000.0,96000000.0,0.0822622108,0.62,0.61,155800000,157200000,https://www.sec.gov/Archives/edgar/data/915389/000095014496007578/0000950144-96-007578-index.html,https://www.sec.gov/Archives/edgar/data/915389/,7.490372272143774,0.6161745827984596,1.6110397946084725,0.2888318356867779,0.3915275994865211,10.256739409499358,10.256739409499358,10.256739409499358,9.460847240051349,4547802000.0,5960802000.0,11.843234375,3.897002570694088,18.118733067729085,101.06226666666667,2.845933667083855,2.845933667083855,5.107799485861182,23.938963855421687,23.74821513944223,132.46226666666666,0.0211090984172134,0.0098948898830687,0.9224030037546934,0.2887365328109696,5.674698795180723,1.9539748953974896,0.0,2.614583333333333,0.0072562525809171,0.34375,0.0668380462724935,0.040274207369323,0.0,0.8207171314741036,0.1765209940017137,2.575,0.0,11.924709549784334,0.023701002734731,0.0188050930460333,-16.991335044929397,684000000.0,1598000000.0,-2106000000.0,4006000000.0,805500000.0,637500000.0,456500000.0,58.53470437017995,65.25773195876289,47.31958762886598,1.5375494071146243,1.3791469194312795,1.9019607843137256,0.0600750938673341,1.3222079589216944,1996-10-21,0.63,amc,,2025-04-25,1996-09-30,-0.0317460317460317,27.74359375,702321.875
1996-06-30,EMN,USD,915389,1996-08-06,1996-08-06 00:00:00,1996,Q2,1241000000.0,922000000.0,319000000.0,0.2570507655,44000000,0.0,0.0,85000000.0,0.0,129000000.0,1051000000.0,0.0,0.0,76000000.0,266000000.0,0.2143432716,190000000.0,0.1531023368,-13000000.0,177000000.0,0.1426269138,65000000.0,112000000.0,0.0902497985,0.71,0.71,157400000,159200000,https://www.sec.gov/Archives/edgar/data/915389/000095014496004866/0000950144-96-004866-index.html,https://www.sec.gov/Archives/edgar/data/915389/,7.884371029224905,0.7115628970775095,1.4358322744599743,0.2604828462515883,0.3748411689961881,9.955527318932656,9.955527318932656,9.955527318932656,9.053367217280814,4869956000.0,6235956000.0,10.8704375,3.924219178082192,21.5484778761062,118.77941463414632,3.107821314613912,3.107821314613912,5.024944399677679,23.443443609022555,27.592725663716813,152.09648780487805,0.0229981543981095,0.0084189672350222,0.9093809827696236,0.2841475573280159,5.135338345864661,2.0580110497237567,0.0,2.017857142857143,0.0067762419208715,0.2946428571428571,0.0,0.0354552780016116,0.0,0.8185840707964602,0.1490733279613215,2.4342105263157894,0.0,12.624960866171635,0.0280181749476963,0.0223330009970089,-16.029224904701397,766000000.0,1567000000.0,-1958000000.0,3962000000.0,862500000.0,617500000.0,448500000.0,61.78887993553586,62.66811279826464,44.31670281995662,1.4565727699530515,1.4361370716510904,2.0308370044052864,0.0714741544352265,1.1753494282083865,1996-07-17,0.78,amc,,2025-04-25,1996-06-30,-0.1538461538461538,33.07936507936508,665352.380952381
1996-03-31,EMN,USD,915389,1996-03-31,1996-03-30 19:00:00,1996,Q1,1261000000.0,864000000.0,397000000.0,0.3148295004,46000000,0.0,0.0,84000000.0,76000000.0,206000000.0,1070000000.0,0.0,0.0,76000000.0,267000000.0,0.2117367169,191000000.0,0.1514670896,-13000000.0,178000000.0,0.1411578113,66000000.0,112000000.0,0.0888183981,0.71,0.7,159400000,161200000,,,7.910915934755333,0.7026348808030113,0.0376411543287327,-0.7465495608531995,0.2509410288582183,9.761606022584692,9.761606022584692,9.761606022584692,8.601003764115433,5469014000.0,6800014000.0,12.207620535714288,4.33704520222046,911.5023333333336,-45.95810084033614,3.514790488431877,3.514790488431877,5.392556701030927,25.46821722846441,1133.3356666666666,-57.14297478991597,0.0204790113903529,-0.02175894960225,0.8811053984575835,0.2795676998368678,4.98501872659176,2.036161335187761,0.0,0.0535714285714285,0.0062168427435,0.3035714285714285,0.0,0.0364789849325931,0.0,20.83333333333333,0.099127676447264,1.644736842105263,0.0,12.422721517155848,0.0287167921818157,0.0228384991843393,-15.25564617314931,745000000.0,1556000000.0,-1884000000.0,3836000000.0,837500000.0,442000000.0,455000000.0,62.30769230769231,61.770833333333336,46.145833333333336,1.4444444444444444,1.4569983136593592,1.9503386004514671,0.0719794344473007,0.7841907151819323,1996-04-22,0.74,amc,,2025-04-25,1996-03-31,-0.0540540540540541,34.058412698412695,709558.7301587302
1995-12-31,EMN,USD,915389,1995-12-31,1995-12-30 19:00:00,1995,Q4,1221000000.0,791000000.0,430000000.0,0.3521703522,48000000,0.0,0.0,93000000.0,78000000.0,219000000.0,1010000000.0,0.0,0.0,78000000.0,289000000.0,0.2366912367,211000000.0,0.1728091728,-19000000.0,192000000.0,0.1572481572,71000000.0,121000000.0,0.0990990991,0.75,0.75,160400000,162000000,,,7.612219451371571,0.7543640897755611,1.4526184538653366,0.4488778054862843,0.6234413965087282,9.526184538653366,9.526184538653366,9.526184538653366,7.587281795511222,5172900000.0,6289900000.0,10.687809917355372,4.2366093366093365,22.20128755364807,71.84583333333333,3.385405759162304,3.385405759162304,5.151433251433251,21.764359861591696,26.99527896995708,87.35972222222222,0.023391134566684,0.0139186916429855,0.7964659685863874,0.2507210548001648,3.865051903114187,1.6827033218785796,0.0,1.925619834710744,0.0065727154980765,0.2809917355371901,0.0,0.0393120393120393,0.0,0.6909871244635193,0.1318591318591318,2.0641025641025643,0.0,12.715728818752137,0.0334021497948589,0.0249278945199835,-14.90648379052369,596000000.0,1528000000.0,-1857000000.0,3645000000.0,817500000.0,522500000.0,441500000.0,59.11547911547912,33.10998735777497,53.13527180783819,1.5224438902743145,2.718213058419244,1.6937901498929335,0.0791884816753926,1.0037406483790523,1996-01-29,0.76,amc,,2025-04-25,1995-12-31,0.0526315789473684,31.383015873015875,620041.2698412698
1995-09-30,EMN,USD,915389,1995-09-30,1995-09-29 20:00:00,1995,Q3,1266000000.0,780000000.0,486000000.0,0.3838862559,46000000,0.0,0.0,102000000.0,78000000.0,226000000.0,1006000000.0,0.0,0.0,78000000.0,338000000.0,0.2669826224,260000000.0,0.205371248,-21000000.0,239000000.0,0.1887835703,91000000.0,148000000.0,0.1169036335,0.91,0.91,162000000,163800000,,,7.814814814814815,0.9135802469135802,1.7962962962962965,1.0493827160493827,0.4074074074074074,9.074074074074074,9.074074074074074,9.074074074074074,7.438271604938271,5184000000.0,6323000000.0,8.756756756756758,4.09478672985782,17.814432989690722,30.49411764705882,3.5265306122448976,3.5265306122448976,4.994470774091627,18.70710059171597,21.72852233676976,37.194117647058825,0.0285493827160493,0.0327932098765432,0.8197278911564626,0.2542730533867904,3.3698224852071004,1.6651270207852191,0.0,1.966216216216216,0.0063657407407407,0.2229729729729729,0.0,0.0363349131121642,0.0,0.415807560137457,0.0955766192733017,1.551282051282051,0.0,13.65732893888318,0.0415709228247917,0.0312302173454315,-14.631172839506172,576000000.0,1470000000.0,-1827000000.0,3550000000.0,847500000.0,729000000.0,385500000.0,59.21800947867299,87.0,48.0,1.5198079231692676,1.0344827586206895,1.875,0.1006802721088435,0.7469135802469136,1995-10-23,0.82,amc,,2025-04-25,1995-09-30,0.1097560975609757,32.18206349206349,580653.9682539683
1995-06-30,EMN,USD,915389,1995-06-30,1995-06-29 20:00:00,1995,Q2,1321000000.0,851000000.0,470000000.0,0.3557910674,40000000,0.0,0.0,89000000.0,76000000.0,205000000.0,1056000000.0,0.0,0.0,76000000.0,341000000.0,0.2581377744,265000000.0,0.2006056018,-10000000.0,255000000.0,0.1930355791,97000000.0,158000000.0,0.1196063588,0.95,0.95,165000000,166400000,,,8.006060606060606,0.9575757575757576,1.7333333333333334,1.1575757575757577,0.6424242424242425,8.624242424242425,8.624242424242425,8.624242424242425,7.8121212121212125,4908750000.0,6091750000.0,7.767009493670886,3.7159348978046935,17.163461538461537,25.70026178010471,3.4495783555867883,3.4495783555867883,4.6114685844057535,17.864369501466275,21.299825174825173,31.893979057591626,0.0321874204227145,0.0389101094983447,0.9058327477160928,0.276906552094522,3.469208211143695,1.85359477124183,0.0,1.810126582278481,0.0067226890756302,0.2088607594936709,0.0,0.0302800908402725,0.0,0.3321678321678322,0.0719152157456472,1.25,0.0,13.631332405179467,0.0422097887998387,0.0339419978517722,-13.951515151515151,653000000.0,1423000000.0,-1814000000.0,3568000000.0,848500000.0,673000000.0,365500000.0,58.72823618470856,74.45358401880141,37.54406580493537,1.5324825986078887,1.208806818181818,2.397183098591549,0.1110330288123682,0.5757575757575758,1995-07-24,0.8,amc,,2025-04-25,1995-06-30,0.1874999999999999,28.85333333333333,495006.3492063492
1995-03-31,EMN,USD,915389,1995-03-31,1995-03-30 19:00:00,1995,Q1,1232000000.0,806000000.0,426000000.0,0.3457792208,42000000,0.0,0.0,80000000.0,76000000.0,198000000.0,1004000000.0,0.0,0.0,76000000.0,304000000.0,0.2467532468,228000000.0,0.1850649351,-15000000.0,213000000.0,0.1728896104,81000000.0,132000000.0,0.1071428571,0.79,0.79,166200000,167400000,,,7.412755716004813,0.7942238267148014,0.1684717208182912,-0.246690734055355,0.631768953068592,8.441636582430807,8.441636582430807,8.441636582430807,7.833935018050542,4622022000.0,5819022000.0,8.753829545454545,3.7516412337662337,165.0722142857143,-112.73224390243902,3.294384889522452,3.294384889522452,4.723232142857142,19.141519736842103,207.8222142857143,-141.92736585365853,0.0285589294036246,-0.0088705765571864,0.9280114041339986,0.283413147583805,3.9375,1.884,0.0,0.2121212121212121,0.0071397323509061,0.25,0.0,0.034090909090909,0.0,2.4642857142857144,0.0560064935064935,0.9078947368421052,0.0,12.282196484353346,0.0367574856003869,0.0287331301697866,-13.668772563176896,663000000.0,1403000000.0,-1778000000.0,3568000000.0,771000000.0,482000000.0,384000000.0,60.99837662337663,71.68734491315136,41.98511166253102,1.475449101796407,1.2554517133956389,2.143617021276596,0.0940841054882394,0.4151624548736462,1995-04-24,0.63,amc,,2025-04-25,1995-03-31,0.2857142857142858,26.476666666666667,483466.6666666667
1994-12-31,EMN,USD,915389,1994-12-31,1994-12-30 19:00:00,1994,Q4,1169000000.0,768000000.0,401000000.0,0.3430282293,44000000,0.0,0.0,89000000.0,82000000.0,215000000.0,983000000.0,0.0,0.0,82000000.0,268000000.0,0.2292557742,186000000.0,0.1591103507,-16000000.0,170000000.0,0.1454234388,66000000.0,104000000.0,0.0889649273,0.63,0.63,165400000,165400000,,,7.067714631197098,0.6287787182587666,1.807738814993954,1.2333736396614268,0.5441354292623942,7.8295042321644495,7.8295042321644495,7.8295042321644495,7.22490931076179,4176350000.0,5281350000.0,10.039302884615385,3.5725834046193325,13.96772575250836,20.472303921568628,3.224980694980695,3.224980694980695,4.5178357570573136,19.706529850746268,17.663377926421404,25.888970588235296,0.0249021274557927,0.0488464807786703,0.9227799227799228,0.2731428571428571,4.123134328358209,1.59125,0.0,2.875,0.0079016365965496,0.3173076923076923,0.0,0.0376390076988879,0.0,0.3177257525083612,0.0812660393498716,1.1585365853658536,0.0,10.524641409724794,0.0318288770053475,0.0237714285714285,-13.68651753325272,473000000.0,1295000000.0,-1807000000.0,3379000000.0,721000000.0,433500000.0,376000000.0,54.4311377245509,37.734375,45.9375,1.6534653465346534,2.3850931677018634,1.959183673469388,0.0803088803088803,0.5743651753325272,1995-01-30,0.58,amc,,2025-04-25,1994-12-31,0.0862068965517242,25.40269841269841,532625.3968253968
1994-09-30,EMN,USD,915389,1994-09-30,1994-09-29 20:00:00,1994,Q3,1130000000.0,756000000.0,374000000.0,0.3309734513,41000000,0.0,0.0,72000000.0,82000000.0,195000000.0,951000000.0,0.0,0.0,83000000.0,262000000.0,0.2318584071,179000000.0,0.1584070796,-27000000.0,152000000.0,0.1345132743,59000000.0,93000000.0,0.082300885,0.56,0.56,165400000,166400000,,,6.831922611850061,0.562273276904474,1.3119709794437726,0.973397823458283,0.2841596130592503,7.303506650544136,7.303506650544136,7.303506650544136,8.893591293833131,4497226000.0,5921226000.0,12.089317204301077,3.979846017699115,20.724543778801845,27.933080745341616,3.7228692052980135,3.7228692052980135,5.240023008849557,22.60009923664122,27.286755760368663,36.77780124223602,0.0206794143767735,0.0357998463941994,1.2177152317880795,0.3313063063063063,5.435114503816794,1.875,0.0,2.333333333333333,0.007337856714339,0.3548387096774194,0.0,0.0362831858407079,0.0,0.2580645161290322,0.0495575221238938,0.6746987951807228,0.0,9.61237477885351,0.0289428480026705,0.0209459459459459,-14.835247883917775,574000000.0,1208000000.0,-2002000000.0,3578000000.0,704500000.0,508500000.0,349500000.0,58.53982300884955,64.88095238095238,42.85714285714285,1.5374149659863945,1.3871559633027524,2.1,0.0769867549668874,0.3385731559854897,1994-10-24,0.43,amc,,2025-04-25,1994-09-30,0.302325581395349,25.80078125,551284.375
1994-06-30,EMN,USD,915389,1994-06-30,1994-06-29 20:00:00,1994,Q2,1047000000.0,689000000.0,358000000.0,0.3419293219,40000000,0.0,0.0,81000000.0,83000000.0,204000000.0,893000000.0,0.0,0.0,83000000.0,237000000.0,0.2263610315,154000000.0,0.147086915,-18000000.0,136000000.0,0.1298949379,53000000.0,83000000.0,0.0792741165,0.5,0.5,165400000,165800000,,,6.330108827085852,0.501813784764208,0.8766626360338573,0.5864570737605804,0.3446191051995163,6.910519951632407,6.910519951632407,6.910519951632407,9.709794437726725,3949752000.0,5498752000.0,11.896843373493974,3.7724469914040113,27.23966896551724,40.719092783505154,3.455601049868766,3.455601049868766,5.251912129894938,23.201485232067512,37.922427586206894,56.68816494845361,0.0210139775864408,0.0245585039263224,1.405074365704287,0.366248574686431,6.5358649789029535,2.005244755244755,0.0,1.7469879518072289,0.0083752093802345,0.3985542168674699,0.0,0.0382043935052531,0.0,0.3310344827586207,0.0458452722063037,0.5783132530120482,0.0,8.83319697852299,0.0246486478147513,0.0189281641961231,-15.175332527206772,575000000.0,1143000000.0,-2095000000.0,3600000000.0,649000000.0,452000000.0,331000000.0,57.936962750716326,61.65457184325109,44.28156748911466,1.553412462908012,1.4597457627118644,2.032448377581121,0.0726159230096238,0.2902055622732769,1994-07-25,0.44,amc,,2025-04-25,1994-06-30,0.1363636363636363,22.61919354838709,618861.2903225806
1994-03-31,EMN,USD,915389,1994-03-31,1994-03-30 19:00:00,1994,Q1,983000000.0,675000000.0,308000000.0,0.3133265514,42000000,0.0,0.0,68000000.0,81000000.0,191000000.0,866000000.0,0.0,0.0,81000000.0,198000000.0,0.2014242116,117000000.0,0.1190233978,-25000000.0,92000000.0,0.0935910478,36000000.0,56000000.0,0.0569684639,0.34,0.34,165200000,165400000,,,5.950363196125908,0.3389830508474576,0.9382566585956416,0.4418886198547215,0.5145278450363197,6.561743341404358,6.561743341404358,6.561743341404358,10.490314769975788,3325476000.0,4973476000.0,14.845875,3.3829867751780265,21.45468387096774,45.55446575342466,3.067782287822878,3.067782287822878,5.0594872838250255,25.118565656565657,32.08694193548387,68.12980821917809,0.0168396945279412,0.0219517446524948,1.598708487084871,0.3951208390332877,8.323232323232324,2.101313320825516,0.0,2.767857142857143,0.0099233914182511,0.5892857142857143,0.0,0.0427263479145473,0.0,0.5290322580645161,0.0834181078331637,1.0123456790123455,0.0,7.074404213558403,0.0184453227931488,0.0127678978568171,-15.662832929782082,587000000.0,1084000000.0,-2182000000.0,3643000000.0,583000000.0,428500000.0,334000000.0,57.13123092573754,57.6,43.06666666666667,1.5753205128205128,1.5625,2.0897832817337463,0.051660516605166,0.4963680387409201,1994-04-25,0.28,amc,,2025-04-25,1994-03-31,0.2142857142857142,20.973492063492063,1098053.9682539685
1993-12-31,EMN,USD,915389,1993-12-31,1993-12-30 19:00:00,1993,Q4,975600000.0,0.0,975600000.0,1.0,0,0.0,0.0,0.0,-3452000000.0,-3452000000.0,-3452000000.0,0.0,0.0,0.0,-2476400000.0,-2.5383353834,-2476400000.0,-2.5383353834,2476400000.0,0.0,0.0,52400000.0,-52400000.0,-0.0537105371,-0.32,-0.32,165292000,165292000,,,5.902282022118433,-0.3170147375553566,,,0.8530358396050626,6.418943445538804,6.418943445538804,6.418943445538804,10.895869128572466,3925685000.0,5585685000.0,-18.72941316793893,4.023867363673637,0.0,0.0,3.699985862393968,3.699985862393968,5.725384378843788,-2.255566548215151,0.0,0.0,-0.0133479889496992,,1.697455230914232,0.4148813637410735,-0.6703278953319335,2.35181236673774,0.0,0.0,,,0.0,0.0,0.0,0.0,,0.0,,,,-0.012070951393688,-15.487742903467804,634000000.0,1061000000.0,-2177000000.0,3693000000.0,,,,50.0,0.0,0.0,1.8,0.0,0.0,-0.049387370405278,,1993-12-30,,amc,,2025-04-25,1993-12-31,,22.906153846153845,543000.0
1993-09-30,EMN,USD,915389,1993-09-30,1993-09-29 20:00:00,1993,Q3,975800000.0,0.0,975800000.0,1.0,0,0.0,0.0,0.0,0.0,0.0,0.0,0.0,0.0,0.0,975800000.0,1.0,975800000.0,1.0,-975800000.0,0.0,0.0,52200000.0,-52200000.0,-0.0534945686,-0.32,-0.32,165292000,165292000,,,5.903492002032766,-0.3158047576410231,,,,,,,,3740557960.0,,-17.914549616858235,3.833324410739906,0.0,0.0,0.0,0.0,,,0.0,0.0,-0.0139551373239515,,0.0,0.0,,0.0,0.0,0.0,,,0.0,0.0,0.0,0.0,,0.0,,,0.0,0.0,,,,,,,,,,0.0,0.0,0.0,0.0,0.0,0.0,,1994-02-01,0.24,amc,,2025-04-25,1993-09-30,-0.4166666666666666,,
1993-06-30,EMN,USD,915389,1993-06-30,1993-06-29 20:00:00,1993,Q2,975800000.0,0.0,975800000.0,1.0,0,0.0,0.0,0.0,0.0,0.0,0.0,0.0,0.0,0.0,975800000.0,1.0,975800000.0,1.0,-975800000.0,0.0,0.0,52200000.0,-52200000.0,-0.0534945686,-0.32,-0.32,165292000,165292000,,,5.903492002032766,-0.3158047576410231,,,,,,,,3740557960.0,,-17.914549616858235,3.833324410739906,0.0,0.0,0.0,0.0,,,0.0,0.0,-0.0139551373239515,,0.0,0.0,,0.0,0.0,0.0,,,0.0,0.0,0.0,0.0,,0.0,,,0.0,0.0,,,,,,,,,,0.0,0.0,0.0,0.0,0.0,0.0,,1993-06-29,,amc,,2025-04-25,1993-06-30,,,
1993-03-31,EMN,USD,915389,1993-03-31,1993-03-30 19:00:00,1993,Q1,975800000.0,0.0,975800000.0,1.0,0,0.0,0.0,0.0,0.0,0.0,0.0,0.0,0.0,0.0,975800000.0,1.0,975800000.0,1.0,-975800000.0,0.0,0.0,52200000.0,-52200000.0,-0.0534945686,-0.32,-0.32,165292000,165292000,,,5.903492002032766,-0.3158047576410231,,,,,,,,3740557960.0,,-17.914549616858235,3.833324410739906,0.0,0.0,0.0,0.0,,,0.0,0.0,-0.0139551373239515,,0.0,0.0,,0.0,0.0,0.0,,,0.0,0.0,0.0,0.0,,0.0,,,0.0,0.0,,,,,,,,,,0.0,0.0,0.0,0.0,0.0,0.0,,1993-03-30,,amc,,2025-04-25,1993-03-31,,,
