date,symbol,reportedCurrency,cik,fillingDate,acceptedDate,calendarYear,period,revenue,costOfRevenue,grossProfit,grossProfitRatio,researchAndDevelopmentExpenses,generalAndAdministrativeExpenses,sellingAndMarketingExpenses,sellingGeneralAndAdministrativeExpenses,otherExpenses,operatingExpenses,costAndExpenses,interestIncome,interestExpense,depreciationAndAmortization,ebitda,ebitdaratio,operatingIncome,operatingIncomeRatio,totalOtherIncomeExpensesNet,incomeBeforeTax,incomeBeforeTaxRatio,incomeTaxExpense,netIncome,netIncomeRatio,eps,epsdiluted,weightedAverageShsOut,weightedAverageShsOutDil,link,finalLink,revenuePerShare,netIncomePerShare,operatingCashFlowPerShare,freeCashFlowPerShare,cashPerShare,bookValuePerShare,tangibleBookValuePerShare,shareholdersEquityPerShare,interestDebtPerShare,marketCap,enterpriseValue,peRatio,priceToSalesRatio,pocfratio,pfcfRatio,pbRatio,ptbRatio,evToSales,enterpriseValueOverEBITDA,evToOperatingCashFlow,evToFreeCashFlow,earningsYield,freeCashFlowYield,debtToEquity,debtToAssets,netDebtToEBITDA,currentRatio,interestCoverage,incomeQuality,dividendYield,payoutRatio,salesGeneralAndAdministrativeToRevenue,researchAndDdevelopementToRevenue,intangiblesToTotalAssets,capexToOperatingCashFlow,capexToRevenue,capexToDepreciation,stockBasedCompensationToRevenue,grahamNumber,roic,returnOnTangibleAssets,grahamNetNet,workingCapital,tangibleAssetValue,netCurrentAssetValue,investedCapital,averageReceivables,averagePayables,averageInventory,daysSalesOutstanding,daysPayablesOutstanding,daysOfInventoryOnHand,receivablesTurnover,payablesTurnover,inventoryTurnover,roe,capexPerShare,report_date,epsEstimated,time,revenueEstimated,updatedFromDate,fiscalDateEnding,surprise(%),QuarterAvgPrice,QuarterAvgVolume
2024-12-31,EPAM,USD,1352010,2025-02-28,2025-02-27 17:51:06,2024,Q4,1248351000.0,868314000.0,380037000.0,0.3044312056,0,0.0,0.0,216969000.0,26556000.0,243525000.0,1085283000.0,6451000.0,0.0,36050000.0,173381000.0,0.1388880211,136512000.0,0.1093538596,819000.0,137331000.0,0.1100099251,34032000.0,103299000.0,0.0827483616,1.82,1.8,56818000,57435000,https://www.sec.gov/Archives/edgar/data/1352010/000135201025000007/0001352010-25-000007-index.htm,https://www.sec.gov/Archives/edgar/data/1352010/000135201025000007/epam-20241231.htm,21.971047907353302,1.818068217818297,2.292565736210356,2.015769650462881,22.66811573797036,63.90846210707874,35.43169418142138,63.87431799781759,2.8732795944947025,13285184760.0,12162171760.0,32.152258879563206,10.64218698106542,101.99053240083218,115.9953965703908,3.6606261691590816,3.6606261691590816,9.742589832507043,70.14708509006176,93.3691473141971,106.19016309852267,0.0077755034548725,0.0086210317785599,0.0449833310876661,0.0343658410436181,-6.477139940362554,2.9550947031748795,0.0,1.2609899418193786,0.0,0.0,0.0,0.0,0.3405961890531743,0.1207363790601801,0.0125982195712584,0.43625520110957,0.0358056347934194,51.11630873263108,0.0258707979856133,0.0329767468587189,16.196737829561055,1605209000.0,2013158000.0,1306926000.0,3559113000.0,968626000.0,37738000.0,0.0,72.25191472590642,4.633323889744954,0.0,1.2456417292389057,19.424500022370363,0.0,0.0284632114252932,0.2767960857474744,2025-02-20,2.75,bmo,1273562570.0,2025-05-09,2024-12-31,0.0327272727272726,222.45546875,627416.921875
2024-09-30,EPAM,USD,1352010,2024-11-07,2024-11-07 17:19:15,2024,Q3,1167527000.0,763992000.0,403535000.0,0.3456322638,0,0.0,0.0,206820000.0,19736000.0,226556000.0,990548000.0,13347000.0,0.0,29014000.0,205993000.0,0.1764353201,176979000.0,0.151584503,12637000.0,189616000.0,0.1624082355,53270000.0,136346000.0,0.1167818817,2.4,2.37,56910000,57425000,https://www.sec.gov/Archives/edgar/data/1352010/000135201024000044/0001352010-24-000044-index.htm,https://www.sec.gov/Archives/edgar/data/1352010/000135201024000044/epam-20240930.htm,20.515322438938675,2.395817958179582,4.251660516605166,4.164399929713583,36.17483746266034,62.46053417677034,50.22372166578808,62.45030750307503,2.9070989281321387,11326797300.0,9455846300.0,20.768481106889823,9.701529215170185,46.81229821211596,47.79320030717818,3.187013930879361,3.187013930879361,8.099038651782786,45.90372634021544,39.07988155164861,39.898759050785664,0.0120374715278077,0.0209234785193869,0.0465505942943354,0.0371181709042701,-9.082595039637267,4.561888624263266,0.0,1.7746175171988912,0.0,0.0,0.0,0.0,0.1562410187389069,0.0205238839156561,0.0042534348242053,0.1711587509478183,0.0360796795277539,58.02103312350053,0.0333688518848358,0.0362545203148266,32.638371990862765,2425810000.0,2858232000.0,2204288000.0,3459638000.0,947971500.0,30864000.0,-51306000.0,72.08135657676439,3.6252473847893696,0.0,1.248589153620504,24.825891986742057,0.0,0.038363589451687,0.0872605868915832,2024-11-07,2.7,bmo,1151805633.0,2025-04-14,2024-09-30,0.1555555555555555,200.406875,588029.1875
2024-06-30,EPAM,USD,1352010,2024-08-08,2024-08-08 17:27:58,2024,Q2,1146597000.0,834422000.0,312175000.0,0.272262181,0,0.0,0.0,193602000.0,23921000.0,193602000.0,1028024000.0,12036000.0,0.0,30460000.0,154931000.0,0.1351224537,118573000.0,0.103412969,13249000.0,133810000.0,0.1167018578,35165000.0,98645000.0,0.0860328433,1.71,1.7,57594000,58149000,https://www.sec.gov/Archives/edgar/data/1352010/000135201024000027/0001352010-24-000027-index.htm,https://www.sec.gov/Archives/edgar/data/1352010/000135201024000027/epam-20240630.htm,19.908271694968224,1.7127652185991595,0.9901552245025524,0.9084800500052088,32.10765010244123,58.99848940861895,47.08209186720839,58.9883842066882,2.88196687154912,10688294520.0,9066562520.0,27.087775660195653,9.32175343211259,187.42515860907992,204.27526173957915,3.146043115026681,3.146043115026681,7.907366337082689,58.52000258179448,158.9871906290003,173.2806322267454,0.0092292554079058,0.0048953553723742,0.0488565148936959,0.0393016977932104,-10.467446798897576,4.839578858609231,0.0,0.5781032997110852,0.0,0.0,0.0,0.0,0.1625052180785596,0.0824872428849492,0.0041025748366688,0.1544320420223243,0.0311216582635398,47.67859254778857,0.0236599179777419,0.0278893281873447,29.398574504288643,2313185000.0,2711645999.0,2090273000.0,3339829000.0,946137500.0,29100500.0,-51305999.5,75.42139042749982,3.3386703610403368,-11.067637238711349,1.1932954230870902,26.95683918071978,-8.131816941488324,0.0290356354328648,0.0816751744973434,2024-08-08,2.26,bmo,1140106177.0,2025-04-14,2024-06-30,0.0840707964601771,213.2330158730159,775242.7301587302
2024-03-31,EPAM,USD,1352010,2024-05-09,2024-05-09 16:26:37,2024,Q1,1165465000.0,858891000.0,306574000.0,0.2630486544,0,0.0,0.0,197230000.0,0.0,197230000.0,1053710000.0,15042000.0,0.0,31580000.0,140924000.0,0.120916544,109344000.0,0.0938200632,13123000.0,123655000.0,0.1060992823,7412000.0,116243000.0,0.0997395889,2.01,1.97,57837000,58931000,https://www.sec.gov/Archives/edgar/data/1352010/000135201024000018/0001352010-24-000018-index.htm,https://www.sec.gov/Archives/edgar/data/1352010/000135201024000018/epam-20240331.htm,20.150854989020868,2.0098379929802723,2.2463128965886887,2.129622888462403,35.36397116032989,60.09448968653284,48.40688486608918,60.08454795373204,2.980099244428307,15734555850.0,13923194850.0,33.839792181034554,13.500667845023232,121.10957490078184,127.74562175955072,4.527786415394045,4.527786415394045,11.946471880322449,98.79931629814652,107.16744886982336,113.039554465252,0.0073877522256212,0.0078280569324109,0.0495984299777561,0.0394003808825401,-12.85346002100423,4.681871744643372,0.0,1.1176586891253666,0.0,0.0,0.0,0.0,0.154523740238199,0.0519473526165898,0.005790821689197,0.304750293506728,0.0384318705409428,52.12585407971992,0.0270096288217567,0.0314289105529361,31.900180688832407,2424623000.0,2799709000.0,2184261000.0,3458597000.0,914220500.0,29619500.0,1.0,71.92563483244885,2.8551119990778804,1.0478628836487985e-07,1.251292396788092,31.52240613645539,858891000.0,0.0334501641674652,0.1166900081262859,2024-05-09,2.32,bmo,1161223432.0,2025-04-14,2024-03-31,0.0603448275862069,294.22573770491806,525941.2131147541
2023-12-31,EPAM,USD,1352010,2024-02-22,2024-02-22 17:09:32,2023,Q4,1157257000.0,820791000.0,336466000.0,0.2907444068,0,0.0,0.0,213972000.0,-22782000.0,213972000.0,1034763000.0,14962000.0,2305000.0,33218000.0,155712000.0,0.1345526534,122494000.0,0.1058485712,4909000.0,127403000.0,0.1100904985,29849000.0,97554000.0,0.0842976106,1.66,1.66,57767000,58913000,https://www.sec.gov/Archives/edgar/data/1352010/000135201024000008/0001352010-24-000008-index.htm,https://www.sec.gov/Archives/edgar/data/1352010/000135201024000008/epam-20231231.htm,20.03318503643949,1.688749632142919,0.8017726383575398,0.6287499783613482,36.300552218394586,60.0943445219589,59.70109231914415,60.08432149843336,3.016428064465872,17176439779.999998,15312149779.999998,44.0177742071058,14.842372765945678,370.8532640987995,472.9065769114286,4.948711953213166,4.948711953213166,13.23141685900366,98.33635031339908,330.601731151222,421.57841964703607,0.0056795238855953,0.0021145825599022,0.0495391529149143,0.039506107598972,-11.972680332922318,4.7933130934734205,53.14273318872017,0.4747729462656579,0.0013473688550375,0.2372327121389179,0.0,0.0,0.0052194611435392,0.2158001554538388,0.0086368023697415,0.4316003109076777,0.0330039049234526,47.7809162336891,0.0248099204694137,0.0225316238179177,32.69778594180068,2446429000.0,3448753000.0,2210466000.0,2839097000.0,905030500.0,28703500.0,1.0,69.76227406703956,3.507933201021941,1.0965032511321397e-07,1.2900955595786996,25.6561327831958,820791000.0,0.0281063277412053,0.1730226599961916,2024-02-15,2.51,bmo,1137783972.0,2025-04-14,2023-12-31,0.0956175298804781,253.8669841269841,428811.1904761905
2023-09-30,EPAM,USD,1352010,2023-11-03,2023-11-02 19:03:11,2023,Q3,1152136000.0,794265000.0,357871000.0,0.3106152399,0,0.0,0.0,194829000.0,0.0,217921000.0,1012186000.0,13931000.0,0.0,33306000.0,165158000.0,0.1433493963,114028000.0,0.0989709548,17824000.0,131852000.0,0.1144413507,34648000.0,97204000.0,0.0843685121,1.68,1.65,57853000,58948000,https://www.sec.gov/Archives/edgar/data/1352010/000135201023000051/0001352010-23-000051-index.htm,https://www.sec.gov/Archives/edgar/data/1352010/000135201023000051/epam-20230930.htm,19.91488773270185,1.6801894456640103,3.714223981470278,3.6515824589908905,33.41932138350647,57.041432596408136,46.36079373584775,57.03142447236963,3.0098007017786457,14792433570.0,13093582570.0,38.04481700855932,12.839138409007267,68.84075954374322,70.02169685924594,4.483317791297248,4.483317791297248,11.364615436024916,79.27913010571694,60.93467751618353,61.97998897067525,0.0065711973313935,0.0142812877272904,0.0527744261979081,0.0418343635399128,-10.286216834788506,4.7675894507299805,0.0,2.2105983292868605,0.0,0.0,0.0,0.0,0.1484542576746546,0.0168653055905881,0.0031454619940701,0.1997574688567963,0.0328494205545178,46.43308026684576,0.0231882047939804,0.0274249407157558,30.35150727706428,2311710000.0,2682111000.0,2063034000.0,3305582000.0,915282500.0,26352000.0,0.5,71.32197067012922,2.879832297784745,1.133123076051444e-07,1.26188324795817,31.25181979146173,794265000.0,0.0294607659059615,0.0626415224793874,2023-11-02,2.56,bmo,1145220000.0,2025-04-14,2023-09-30,0.0664062499999999,247.05301587301588,445393.0
2023-06-30,EPAM,USD,1352010,2023-08-03,2023-08-03 17:23:32,2023,Q2,1170206000.0,808715000.0,361491000.0,0.308912277,0,0.0,0.0,194377000.0,0.0,217145000.0,1025860000.0,11710000.0,0.0,33353000.0,177699000.0,0.1518527507,144346000.0,0.1233509314,5700000.0,150046000.0,0.1282218686,30013000.0,120033000.0,0.1025742476,2.07,2.03,57993000,59181000,https://www.sec.gov/Archives/edgar/data/1352010/000135201023000044/0001352010-23-000044-index.htm,https://www.sec.gov/Archives/edgar/data/1352010/000135201023000044/epam-20230630.htm,20.17840084148087,2.0697842843101752,1.5355646371113756,1.4168778990567827,31.87100167261566,56.27127411929026,45.88000275895367,56.26129015570845,3.11834186884624,13033926750.0,11437849750.0,27.14654876159057,11.138147257833236,146.3630996496429,158.6234072460417,3.994753753033091,3.994753753033091,9.774219026393643,64.36642721681045,128.44012206351346,139.1990866385133,0.0092092737900341,0.0063042398178277,0.0554260639991712,0.0441757169619539,-8.981913235302393,4.917216405708269,0.0,0.7418959786058834,0.0,0.0,0.0,0.0,0.1472070355964303,0.077291919328033,0.0058818703715414,0.2063682427367853,0.0282941635917094,51.186878387280586,0.0321864338323616,0.0343828091969352,29.418895383925648,2287909000.0,2660719000.0,2041617000.0,3292146000.0,925886000.0,28073000.0,0.0,70.56726764347475,3.036928955194352,0.0,1.275378840721236,29.63520099673861,0.0,0.0367887810354482,0.1186867380545928,2023-08-03,2.34,bmo,1160500000.0,2025-04-14,2023-06-30,0.1282051282051283,251.8527419354839,688513.3064516129
2023-03-31,EPAM,USD,1352010,2023-05-05,2023-05-05 17:17:14,2023,Q1,1210941000.0,855901000.0,355040000.0,0.2931934752,0,0.0,0.0,211887000.0,22782000.0,234669000.0,1090570000.0,13118000.0,0.0,32825000.0,153196000.0,0.1265098795,120371000.0,0.0994028611,6913000.0,127284000.0,0.1051116446,24992000.0,102292000.0,0.0844731494,1.77,1.73,57702000,59298000,https://www.sec.gov/Archives/edgar/data/1352010/000135201023000027/0001352010-23-000027-index.htm,https://www.sec.gov/Archives/edgar/data/1352010/000135201023000027/epam-20230331.htm,20.986118332120203,1.7727635090638103,1.5135350594433468,1.3763994315621642,31.36451076219195,54.251880350767735,43.7350351807563,54.22626598731413,3.2424872621399605,17252898000.0,15690574000.0,42.16580475501506,14.247513297509952,197.55075915451027,217.2334521096435,5.513933046209544,5.513933046209544,12.957339787817904,102.421564531711,179.66168960542285,197.56203019352563,0.0059289749467017,0.0046033425804754,0.0597955105907258,0.0459548380203593,-10.198203608449306,4.14550170020707,0.0,0.8537715559379032,0.0,0.0,0.0,0.0,0.14905221738762,0.0906061785787894,0.0065345875645469,0.241066260472201,0.0318586950148686,46.50734109191491,0.0278750927384292,0.0295257442483797,27.20129284946796,2147931000.0,2523599000.0,1889886000.0,3168656000.0,933431000.0,29854500.0,0.5,69.43462976313462,3.0343813127920165,0.0,1.2961831913991753,29.66008247565582,0.0,0.032691970888767,0.1371356278811826,2023-05-05,2.34,bmo,1160980000.0,2025-04-14,2023-03-31,0.0555555555555557,322.1570967741936,448591.37096774194
2022-12-31,EPAM,USD,1352010,2023-02-24,2023-02-23 21:27:17,2022,Q4,1231303000.0,832728000.0,398575000.0,0.3237018021,0,0.0,0.0,204952000.0,23146000.0,228098000.0,1060826000.0,0.0,0.0,33587000.0,234749000.0,0.1906508796,170477000.0,0.1384525174,30685000.0,201162000.0,0.1633732721,46123000.0,155039000.0,0.1259145799,2.69,2.61,57580000,59349000,https://www.sec.gov/Archives/edgar/data/1352010/000135201023000013/0001352010-23-000013-index.htm,https://www.sec.gov/Archives/edgar/data/1352010/000135201023000013/epam-20221231.htm,21.384213268496005,2.6925842306356373,3.2314866273011464,2.858179923584578,30.24800277874262,52.1536992011115,41.616637721431054,52.12803056616881,3.3557311566516157,18871269200.0,17383148200.0,30.42987441869465,15.326259417868712,101.42081270926376,114.66737880831722,6.287212396869332,6.287212396869332,14.117685248878628,74.04993503699696,93.42312905427556,105.62511818391728,0.0082156106384195,0.0087208760712289,0.0643747926059092,0.048195490766,-6.339200592973772,3.691889982782217,0.0,1.200143189778056,0.0,0.0,0.0,0.0,0.1513347838482511,0.115521661319188,0.0174571165667589,0.6399797540715157,0.0256776764127107,56.19679745521598,0.0397562105140683,0.0455671789578439,24.921995493226817,2012142000.0,2396286000.0,1753484000.0,3040994000.0,924882500.0,29570000.0,1.0,68.1687123315707,3.3344381358618898,1.0807850822837709e-07,1.3202537780417871,26.99105406456632,832728000.0,0.0516532890537232,0.3733067037165682,2023-02-16,2.68,bmo,1229139587.0,2025-04-14,2022-12-31,0.0932835820895522,340.0034920634921,378445.5555555556
2022-09-30,EPAM,USD,1352010,2022-11-04,2022-11-04 17:23:34,2022,Q3,1226920000.0,826796000.0,400124000.0,0.3261206925,0,0.0,0.0,198021000.0,21876000.0,219897000.0,1046693000.0,4228000.0,4228000.0,33175000.0,213022000.0,0.1736233821,180227000.0,0.146893848,10919000.0,191146000.0,0.1557933688,35092000.0,156054000.0,0.1271916669,2.72,2.63,57420000,59357000,https://www.sec.gov/Archives/edgar/data/1352010/000135201022000057/0001352010-22-000057-index.htm,https://www.sec.gov/Archives/edgar/data/1352010/000135201022000057/epam-20220930.htm,21.367467781260885,2.7177638453500523,4.395123650296064,4.069313827934518,26.956025774991293,48.04326018808777,37.85931731104145,48.017520027864855,3.509543712991989,20796949800.0,19506640800.0,33.31691241493329,16.95053450917745,82.40723784314969,89.00517760849097,7.542871847396928,7.542871847396928,15.89886936393571,91.57101520030795,77.29443035567108,83.48301292476248,0.0075036965276513,0.0112353014382907,0.0715553579291199,0.052813427979365,-6.05716310991353,3.4727133608166416,42.627010406811735,1.6171837953528907,0.0,0.0,0.0,0.0,0.1565375121499795,0.0741298421352944,0.0152479379258631,0.5639186134137152,0.0271305382584031,54.18723371043977,0.0475773420064439,0.0495277292633934,21.92111199059561,1800029000.0,2173882000.0,1551027000.0,2742710000.0,923178000.0,25388000.0,1.0,67.27619567697975,3.0792601802621204,1.0885393736786344e-07,1.3377688660061342,29.227799773755656,826796000.0,0.0565994212898316,0.3258098223615465,2022-11-03,2.53,bmo,1196106329.0,2025-04-14,2022-09-30,0.2252964426877471,382.56203125,407490.359375
2022-06-30,EPAM,USD,1352010,2022-08-05,2022-08-04 19:56:00,2022,Q2,1194861000.0,846323000.0,348538000.0,0.291697528,0,0.0,0.0,232527000.0,0.0,255518000.0,1101841000.0,1579000.0,0.0,34241000.0,148111000.0,0.1239566778,93020000.0,0.0778500595,-84362000.0,8658000.0,0.0072460311,-9946000.0,18604000.0,0.0155700119,0.33,0.32,57240000,59020000,https://www.sec.gov/Archives/edgar/data/1352010/000135201022000048/0001352010-22-000048-index.htm,https://www.sec.gov/Archives/edgar/data/1352010/000135201022000048/epam-20220630.htm,20.87458071278826,0.3250174703004891,1.3542103424178895,1.0370894479385044,23.648078266946197,45.84217330538085,35.180066387141856,45.813294898672254,3.65020964360587,16873207199.999998,15788627199.999998,226.74165770801977,14.121481243424968,217.6766716119461,284.2377777403433,6.434376760108193,6.434376760108193,13.213777334769482,106.59996354085786,203.6847990711475,265.96747468962144,0.0011025763969756,0.0035181811789758,0.0796757721023828,0.0586251712980265,-7.32275117985835,3.44627962780943,0.0,4.166577080197807,0.0,0.0,0.0,0.0,0.1712416287033202,0.234174030832742,0.0151917252299639,0.5301247043018603,0.0233441379373835,18.30376265463408,0.0673395435090354,0.0062986154489422,19.40200472571628,1674975000.0,2013707000.0,1419720000.0,2656119000.0,915238500.0,20947000.0,0.5,69.99101150677777,2.3914273864706503,1.0634237755561413e-07,1.28587940168981,37.63442725008893,846323000.0,0.0070943919449441,0.317120894479385,2022-08-04,1.71,bmo,1142885497.0,2025-04-14,2022-06-30,0.391812865497076,305.541129032258,766678.7419354839
2022-03-31,EPAM,USD,1352010,2022-05-10,2022-05-09 20:08:27,2022,Q1,1171614000.0,780836000.0,390778000.0,0.333538179,0,0.0,0.0,237277000.0,24259000.0,261536000.0,1042372000.0,0.0,165000.0,39046000.0,130551000.0,0.1114283373,129242000.0,0.1103110751,-22950000.0,106292000.0,0.0907227124,16573000.0,89719000.0,0.0765772686,1.52,1.52,56915000,58941000,https://www.sec.gov/Archives/edgar/data/1352010/000135201022000036/0001352010-22-000036-index.htm,https://www.sec.gov/Archives/edgar/data/1352010/000135201022000036/epam-20220331.htm,20.585328999385048,1.5763682684705262,-0.9109725028551348,-1.319898093648423,22.42749714486515,44.86964772028463,33.770552578406395,44.84060441008521,4.0138803478872,16881558150.0,15833382150.0,47.04008668732376,14.408805417142506,-325.5970943912977,-224.7218943851335,6.614763647862175,6.614763647862175,13.514162642303694,121.28120159937497,-305.3807697500385,-210.76891123772,0.0053146160563383,-0.0044499446871259,0.0894497596687907,0.0650835193595566,-8.02886228370522,3.3175943868440925,783.2848484848485,-0.5778931998796242,0.0,0.0,0.0,0.0,0.1800976174388537,-0.4488890603301959,0.0198649043114882,0.5960661783537367,0.0060702586346697,39.88006248051402,0.0372544263494664,0.0311972224009124,17.545321971360803,1583501000.0,1922051000.0,1312939000.0,2610359000.0,835094000.0,22126500.0,0.0,69.23218739277611,2.2367565020055427,0.0,1.2999733706144732,40.23683396887561,0.0,0.0351549290918117,0.4089255907932882,2022-05-05,1.86,bmo,1171610000.0,2025-04-14,2022-03-31,0.3387096774193548,392.2096774193548,1414901.7258064516
2021-12-31,EPAM,USD,1352010,2022-02-25,2022-02-25 17:29:19,2021,Q4,1107464000.0,727267000.0,380197000.0,0.3433041616,0,0.0,0.0,190939000.0,23591000.0,214530000.0,941797000.0,0.0,4356000.0,38648000.0,198597000.0,0.1793259194,165667000.0,0.1495913185,-5718000.0,159949000.0,0.144428171,17670000.0,142279000.0,0.1284727991,2.51,2.4,56754000,59254000,https://www.sec.gov/Archives/edgar/data/1352010/000135201022000020/0001352010-22-000020-index.htm,https://www.sec.gov/Archives/edgar/data/1352010/000135201022000020/epam-20211231.htm,19.51340874652007,2.506942241956514,5.0148711985058325,4.017285125277514,25.48939281812736,43.97640694928992,32.84298904042006,43.822761391267576,4.290693167001445,37937211300.0,36729744300.0,66.65989235937842,34.255931840673824,133.2935530226904,166.39346701930288,15.253488798476308,15.253488798476308,33.16563274291534,184.94611852142785,129.05108076201452,161.09748944065055,0.0037503810935096,0.0060098513355935,0.0961587251424038,0.0678803835234005,-6.0799861025091015,2.972780383013282,38.03191000918274,2.0003935928703465,0.0,0.0,0.0,0.0,0.179342971656382,0.1989255623405735,0.0511231064847254,1.464712578258395,9.029638886681644e-07,49.71795916011002,0.0521475652877521,0.049208314008524,17.548208055819853,1506060000.0,1863971000.0,1242090000.0,2558981000.0,762258000.0,16466500.0,0.5,62.48827952872509,3.074840464368657,0.0,1.4402700903075452,29.26981124481829,0.0,0.0572063959998665,0.9975860732283188,2022-02-17,2.51,bmo,1084710000.0,2025-04-14,2021-12-31,0.099601593625498,643.6334375,591737.5
2021-09-30,EPAM,USD,1352010,2021-11-05,2021-11-04 18:09:22,2021,Q3,988539000.0,653374000.0,335165000.0,0.3390508619,0,0.0,0.0,169498000.0,21543000.0,191041000.0,844415000.0,0.0,5325000.0,36740000.0,165667000.0,0.1675877229,144124000.0,0.145794956,-8766000.0,135358000.0,0.1369273241,19702000.0,115656000.0,0.1169969015,2.04,1.95,56649000,59203000,https://www.sec.gov/Archives/edgar/data/1352010/000135201021000046/0001352010-21-000046-index.htm,https://www.sec.gov/Archives/edgar/data/1352010/000135201021000046/epam-20210930.htm,17.45024625324366,2.041624741831277,3.637310455612632,3.264647213543046,22.35898250631079,41.29144380306801,33.152129781637804,41.29144380306801,4.07913643665378,32317121520.0,31276261520.0,69.85612834612989,32.69180226576797,156.84116243630186,174.7447618944625,13.815937333671354,13.815937333671354,31.638874662506996,188.78993112689915,151.78967008007766,169.11663586371722,0.0035787840797771,0.0057226321931409,0.096512404884061,0.069629172240243,-6.282844501318911,3.307570820824381,27.06553990610329,1.7815763989762743,0.0,0.0,0.0,0.0,0.1422118644773524,0.1024557146323707,0.0213557583464081,0.5746053347849756,0.0295253905005265,43.552115323153785,0.0454072725680497,0.0415856899432572,16.420254558774207,1459647000.0,1878035000.0,1189080000.0,2290240000.0,718912000.0,8899000.0,0.5,68.7913375193088,1.113818425587795,1.3774652802223536e-07,1.3083042610523197,80.80311649765027,653374000.0,0.049444256576942,0.3726632420695864,2021-11-04,2.22,bmo,964120000.0,2025-04-14,2021-09-30,0.0900900900900899,588.43375,277863.03125
2021-06-30,EPAM,USD,1352010,2021-08-06,2021-08-05 18:07:41,2021,Q2,881366000.0,583728000.0,297638000.0,0.3377007963,0,0.0,0.0,151910000.0,20454000.0,172364000.0,756092000.0,2580000.0,0.0,36274000.0,143615000.0,0.1629459271,125274000.0,0.1421361841,-2113000.0,123161000.0,0.1397387691,8490000.0,114671000.0,0.1301059946,2.03,1.94,56463000,59011000,https://www.sec.gov/Archives/edgar/data/1352010/000135201021000036/0001352010-21-000036-index.htm,https://www.sec.gov/Archives/edgar/data/1352010/000135201021000036/epam-20210630.htm,15.6096204594159,2.0309051945521848,1.2191346545525388,0.8191027752687601,22.72697164514815,39.18792837787578,32.09289269078866,39.18792837787578,4.0705417707171065,28850334480.0,27796936480.0,62.89806158488196,32.733659433198014,419.1169515950956,623.8045034487233,13.038709142085482,13.038709142085482,31.538471508998533,193.5517632559273,403.8139415422163,601.0278380073082,0.0039746852876001,0.0016030663364426,0.1038723387331493,0.077604617750788,-7.334874490826167,3.8971714204854018,0.0,0.6002912680625442,0.0,0.0,0.0,0.0,0.1352664002579673,0.3281277238654193,0.0256272649500888,0.6226773997904835,0.0271147287279064,42.31674331034059,0.0453967748220585,0.0447757289317331,18.524750721711563,1515070000.0,1812061000.0,1289071000.0,2285794000.0,633638500.0,8440000.0,0.0,69.6659957384333,1.49740975248746,0.0,1.2918784702067907,60.10378912685338,0.0,0.051824765396345,0.4000318792837787,2021-08-05,1.94,bmo,881366000.0,2025-04-14,2021-06-30,0.0567010309278349,468.62,337861.1746031746
2021-03-31,EPAM,USD,1352010,2021-05-06,2021-05-06 17:24:51,2021,Q1,780775000.0,519328000.0,261447000.0,0.3348557523,0,0.0,0.0,136389000.0,17807000.0,154196000.0,673524000.0,5374000.0,0.0,33483000.0,148407000.0,0.1900765265,107251000.0,0.1373647978,7673000.0,114924000.0,0.1471922129,5878000.0,109046000.0,0.1396637956,1.94,1.86,56170000,58778000,https://www.sec.gov/Archives/edgar/data/1352010/000135201021000020/0001352010-21-000020-index.htm,https://www.sec.gov/Archives/edgar/data/1352010/000135201021000020/epam-20210331.htm,13.900213637172868,1.9413565960477124,0.2283603346982375,0.0292148833897098,24.440608865942675,36.74450774434752,32.12588570411251,36.74450774434752,4.329998219690226,22282077300.0,21152464300.0,51.084123443317495,28.538410297460857,1737.1230451391596,13578.353016453382,10.795899152058274,10.795899152058274,27.09162601261567,142.53009831072657,1649.0577921571685,12889.984338817794,0.004893888416768,7.364663437371703e-05,0.1178406919971956,0.0874707475991183,-7.611588402164318,4.322739514534426,0.0,0.1176292573776204,0.0,0.0,0.0,0.0,0.0933012676310113,0.8720667342324784,0.0143267906887387,0.3340799808858226,0.0314469597515289,40.06269250506441,0.041893646940066,0.0432531187614359,19.49452999821969,1540957000.0,1804511000.0,1288116000.0,2172484000.0,543051500.0,8678500.0,0.5,67.43772533700489,1.2422207160022185,0.0,1.3345645860717454,72.45089285714286,0.0,0.0528339258088538,0.1991454513085276,2021-05-06,1.68,bmo,763880000.0,2025-04-14,2021-03-31,0.0773809523809524,365.9649180327869,298068.0327868852
2020-12-31,EPAM,USD,1352010,2021-02-25,2021-02-25 17:16:48,2020,Q4,723493000.0,465792000.0,257701000.0,0.3561900392,0,128929000.0,0.0,128929000.0,0.0,145708000.0,611500000.0,0.0,2053000.0,16779000.0,127704000.0,0.1765103463,111993000.0,0.1547948633,-9973000.0,102020000.0,0.1410103484,16481000.0,85539000.0,0.1182305841,1.53,1.46,56031000,58774000,https://www.sec.gov/Archives/edgar/data/1352010/000135201021000010/0001352010-21-000010-index.htm,https://www.sec.gov/Archives/edgar/data/1352010/000135201021000010/epam-20201231.htm,12.912369938069997,1.526637040209884,2.845424854098624,2.5155717370741195,24.667594724349023,35.39144402205922,30.68099801895379,35.39144402205922,4.791169174207135,20078708850.0,19022966850.0,58.68290735804721,27.75245766026762,125.93901381153096,142.45270556935083,10.125328590058183,10.125328590058183,26.2932286145132,148.9614017571885,119.31711858347133,134.96251755941825,0.0042601842896885,0.0070198736907328,0.134341191053233,0.0978936050434125,-8.267102048487127,4.105122867260436,54.55090112031174,1.863851576473889,0.0,0.0,0.1782035209739417,0.0,0.0969859612866052,0.1159240303075919,0.0255455132254216,0.5655273706434931,0.0282573570165848,34.86649552777396,0.0405419593224325,0.034808726780855,18.19764952437044,1446832000.0,1719087000.0,1174468000.0,2108968000.0,497143500.0,10487000.0,1.0,62.330361178338975,1.968711356141797,1.9321929101401482e-07,1.4439191157980449,45.71518304053391,465792000.0,0.0431357657872999,0.3298531170245043,2021-02-18,1.71,bmo,685635808.0,2025-04-14,2020-12-31,0.0584795321637427,333.73140625,280952.234375
2020-09-30,EPAM,USD,1352010,2020-11-05,2020-11-05 16:34:13,2020,Q3,652243000.0,423388000.0,228855000.0,0.3508738308,0,116530000.0,0.0,116530000.0,0.0,132459000.0,555847000.0,1672000.0,0.0,15929000.0,119893000.0,0.183816461,96396000.0,0.1477915439,7568000.0,103964000.0,0.1593945815,14532000.0,89432000.0,0.1371145417,1.6,1.53,55884000,58616000,https://www.sec.gov/Archives/edgar/data/1352010/000135201020000040/0001352010-20-000040-index.htm,https://www.sec.gov/Archives/edgar/data/1352010/000135201020000040/epam-20200930.htm,11.671372843747765,1.6003149380860353,3.1415789850404408,2.966448357311574,21.85158542695584,33.287416791926134,28.59761291246153,33.287416791926134,4.832885978097488,18066179520.0,17175195520.0,50.50255926290365,27.69854106521649,102.9036677223121,108.97880598635516,9.7117779376143,9.7117779376143,26.332510306741504,143.2543644749902,97.82868651887632,103.60421240582228,0.0049502441786873,0.0091760961312533,0.1451865733020684,0.1056892689083029,-7.431493081330854,4.223941797985203,0.0,1.9631004562125416,0.0,0.0,0.1786604072408596,0.0,0.1025602394904957,0.0557460527215146,0.0150051437884346,0.3005650758552914,0.0359896541626357,34.62055578271881,0.0366455521811456,0.0389963982662841,16.031095671390737,1337391000.0,1598149000.0,1057031000.0,1995945000.0,500066500.0,9190500.0,1.0,68.05784040610632,2.2925779663098624,2.1257097508668175e-07,1.3224045820872827,39.25711636532221,423388000.0,0.048075672200379,0.1751306277288669,2020-11-05,1.47,bmo,581089218.0,2025-04-14,2020-09-30,0.1224489795918366,298.57765625,310511.8125
2020-06-30,EPAM,USD,1352010,2020-08-06,2020-08-06 16:10:41,2020,Q2,632383000.0,419540000.0,212843000.0,0.3365729313,0,114191000.0,0.0,114191000.0,0.0,129417000.0,548957000.0,1817000.0,0.0,32244000.0,108320000.0,0.171288602,83426000.0,0.1319232174,-7350000.0,76076000.0,0.1203005141,9452000.0,66624000.0,0.1053538757,1.2,1.14,55701000,58246000,https://www.sec.gov/Archives/edgar/data/1352010/000135201020000031/0001352010-20-000031-index.htm,https://www.sec.gov/Archives/edgar/data/1352010/000135201020000031/epam-20200630.htm,11.353171397281915,1.1961006086066677,2.623938528931258,2.418394642825084,18.9179547943484,31.47329491391537,26.89660867847974,31.47329491391537,4.805766503294375,14037209010.0,13311171010.0,52.67324466408502,22.19732189195472,96.0426462820548,104.20549050903072,8.007105728500582,8.007105728500582,21.04922335040632,122.88747239660266,91.075091067079,98.81573348081392,0.0047462426435723,0.0095964233277452,0.1526934665226166,0.1120432960952313,-6.702714180206795,4.372055364078998,0.0,2.193743996157541,0.0,0.0,0.1805725327847206,0.0,0.106702439800262,0.0783341087605024,0.0181045347518829,0.3550738121821114,0.0307392829978035,29.10356699841627,0.034054250022356,0.0312172594559845,14.324590231773218,1232756000.0,1498168000.0,962300000.0,1889801000.0,524803000.0,6414000.0,0.5,72.14254652639302,1.6294989750679314,2.145206654907756e-07,1.2475301238094487,55.23170089520801,419540000.0,0.0380036666602019,0.205543886106174,2020-08-06,1.21,bmo,524098239.0,2025-04-14,2020-06-30,0.2066115702479339,220.0736507936508,386132.4126984127
2020-03-31,EPAM,USD,1352010,2020-05-07,2020-05-07 17:31:17,2020,Q1,651359000.0,423802000.0,227557000.0,0.3493572669,0,125108000.0,0.0,125108000.0,0.0,140048000.0,563850000.0,0.0,0.0,31756000.0,112741000.0,0.1730858098,87509000.0,0.1343483394,8910000.0,96419000.0,0.1480274319,10854000.0,85565000.0,0.1313638101,1.55,1.47,55287000,58143000,https://www.sec.gov/Archives/edgar/data/1352010/000135201020000022/0001352010-20-000022-index.htm,https://www.sec.gov/Archives/edgar/data/1352010/000135201020000022/epam-2020331x10q.htm,11.781413352144265,1.5476513466095103,1.1441206793640455,0.6182285166494836,16.572666268743106,29.798723027113063,25.146453958435075,29.798723027113063,4.964385841156149,10264584420.0,9622797420.0,29.99060486180097,15.758720490543617,162.27309177140148,300.3096670567583,6.230468326816316,6.230468326816316,14.773415919638786,85.35313169122148,152.12706378942377,281.53298478642483,0.0083359439115022,0.0033298961362139,0.1665972678305438,0.1187197783968984,-5.6925785650295815,3.8727348383467626,0.0,0.7392625489394028,0.0,0.0,0.1920722673671508,0.0,0.1112557263976822,0.4596474586989171,0.044637442639159,0.9155750094470336,0.0182403252277162,32.21266460498876,0.0380159200802956,0.0416441367012042,11.917403729629026,1118416000.0,1390272000.0,843338000.0,1783968000.0,520207000.0,6531500.0,0.5,74.98602153344008,1.111084893417209,0.0,1.200223697157535,81.00191131498471,0.0,0.0519368345147321,0.5258921627145622,2020-05-07,1.4,bmo,637694125.0,2025-04-14,2020-03-31,0.0214285714285714,215.9432258064516,388992.5967741936
2019-12-31,EPAM,USD,1352010,2020-03-02,2020-02-28 18:34:16,2019,Q4,632775000.0,410069000.0,222706000.0,0.3519513255,0,124999000.0,0.0,124999000.0,0.0,137961000.0,548030000.0,0.0,0.0,12962000.0,97221000.0,0.1536422899,84745000.0,0.133925961,52000.0,84797000.0,0.1340081388,10273000.0,74524000.0,0.1177733001,1.35,1.29,55062000,57965000,https://www.sec.gov/Archives/edgar/data/1352010/000135201020000012/0001352010-20-000012-index.htm,https://www.sec.gov/Archives/edgar/data/1352010/000135201020000012/epam-20191231x10k.htm,11.4920453307181,1.3534561040281865,2.2626675384112453,1.4088482074752098,17.00920780211398,28.98814064145872,24.42417638298645,28.98814064145872,4.78486070248084,11681953920.0,11008865920.0,39.18856314744243,18.4614656394453,93.76543234847938,150.59109907958853,7.318855066425669,7.318855066425669,17.397757370313304,113.23547299451764,88.36287830993602,141.9143774976152,0.0063794122550348,0.0066404987154751,0.165062697937844,0.1173973178956674,-6.9232778926363645,3.809842666198042,0.0,1.671770167999571,0.0,0.0,0.1975409900833629,0.0,0.1119775885301184,0.3773507669339497,0.0742965509067204,1.6427772730449368,0.0300454347911975,29.711428064824176,0.0388960841402917,0.0373946200199005,12.01890596963423,1087263000.0,1344844000.0,826148000.0,1742814000.0,489888500.0,7363500.0,0.5,70.79047054640276,1.718710753556109,2.194752590417711e-07,1.271357561340202,52.36483207764015,410069000.0,0.0466899937035795,0.8538193309360358,2020-02-20,1.45,bmo,607631622.0,2025-04-14,2019-12-31,0.0413793103448276,196.74484375,294501.796875
2019-09-30,EPAM,USD,1352010,2019-11-07,2019-11-07 16:39:01,2019,Q3,588103000.0,377525000.0,210578000.0,0.3580631284,0,118886000.0,0.0,118886000.0,0.0,130013000.0,507538000.0,0.0,0.0,25598000.0,105567000.0,0.1795042705,80565000.0,0.1369913093,-596000.0,79969000.0,0.1359778814,12967000.0,67002000.0,0.1139290226,1.22,1.16,54877666,57844355,https://www.sec.gov/Archives/edgar/data/1352010/000135201019000035/0001352010-19-000035-index.htm,https://www.sec.gov/Archives/edgar/data/1352010/000135201019000035/epam-2019930x10q.htm,10.716618305158969,1.2209338494825928,2.1691702413145637,1.6722467752181736,15.548055560526208,27.189877207970177,22.764834787252067,27.189877207970177,4.198502173908052,10005296065.12,9382459065.12,37.33207988239157,17.012829496057662,84.05057220843588,109.02697060140132,6.705436681654321,6.705436681654321,15.953768413220132,88.87681818295489,78.81836259645998,102.23996191655132,0.0066966534087461,0.0091720424266025,0.1544141645728853,0.112934113597786,-5.899921376945447,4.381455677914406,0.0,1.7766484582549775,0.0,0.0,0.2021516639092132,0.0,0.1190277443517993,0.2290845857240064,0.0463694284844661,1.0653176029377296,0.0263066163580189,27.33008292241236,0.036854953507118,0.0372786921912373,12.149582855801484,1053222000.0,1249281000.0,816646000.0,1618524000.0,480855500.0,6469500.0,0.0,73.77192430577637,1.6439705979736443,0.0,1.219976310052047,54.74550464037123,0.0,0.0449039854113316,0.4969234660963897,2019-11-07,1.33,bmo,562717258.0,2025-04-14,2019-09-30,0.045112781954887,188.275,377487.6875
2019-06-30,EPAM,USD,1352010,2019-08-08,2019-08-08 17:06:34,2019,Q2,551587000.0,355915000.0,195672000.0,0.354743676,0,111762000.0,0.0,111762000.0,0.0,122790000.0,478705000.0,0.0,0.0,11028000.0,81538000.0,0.1478243686,72882000.0,0.1321314679,-2372000.0,70510000.0,0.127831149,11733000.0,58777000.0,0.1065597993,1.07,1.02,54682000,57614000,https://www.sec.gov/Archives/edgar/data/1352010/000135201019000028/0001352010-19-000028-index.htm,https://www.sec.gov/Archives/edgar/data/1352010/000135201019000028/epam-2019630x10q.htm,10.087176767492045,1.0748875315460298,0.805182692659376,0.593028784609195,14.216104019604256,26.009418090047912,21.74777806225083,26.009418090047912,4.234775611718664,9662856220.0,9117057220.0,41.09964875716692,17.518281286542287,219.4657207749438,297.97879055137537,6.794077414120052,6.794077414120052,16.528774644797647,111.81359881282349,207.0693683708465,281.14768780066606,0.0060827770445703,0.0033559435493701,0.1628170071724531,0.119892246813406,-6.693799210184209,4.716643312522468,0.0,0.7490855266515813,0.0,0.0,0.2026189884823246,0.0,0.1206528149044423,0.2634854300574621,0.0210320402765112,0.4721035282627274,0.0284578860633046,25.080609685065586,0.0346041280660228,0.0346069514182626,11.482727405727662,1013209000.0,1189212000.0,776619000.0,1567866000.0,465502000.0,5220000.0,0.0,78.26235933769289,1.5280895719483585,0.0,1.14997810903784,58.89707099122952,0.0,0.0413268581336434,0.212153908050181,2019-08-08,1.23,bmo,530040632.0,2025-04-14,2019-06-30,0.040650406504065,172.22952380952378,473481.253968254
2019-03-31,EPAM,USD,1352010,2019-05-09,2019-05-09 17:02:21,2019,Q1,521333000.0,344689000.0,176644000.0,0.3388314187,0,101786000.0,0.0,101786000.0,0.0,111986000.0,456675000.0,0.0,0.0,22387000.0,86637000.0,0.1661836101,64658000.0,0.124024376,-408000.0,64250000.0,0.1232417668,3496000.0,60754000.0,0.1165358801,1.12,1.06,54245133,57236427,https://www.sec.gov/Archives/edgar/data/1352010/000135201019000017/0001352010-19-000017-index.htm,https://www.sec.gov/Archives/edgar/data/1352010/000135201019000017/epam-2019331x10q.htm,9.61068710072109,1.1199898800137515,-0.0037238363854689,-0.2511930425168281,14.057095223639696,24.66995518289171,20.654959035679752,24.66995518289171,3.554070002925424,9282427158.96,8712689158.960001,38.19677370609343,17.805178569091158,-45952.60969782178,-681.2290590752973,6.936372552418315,6.936372552418315,16.71233004425195,100.56545308540232,-43132.12454930694,-639.4164948598269,0.0065450553997998,-0.0014679350310707,0.1440647125857012,0.1052677272193662,-6.576151067096045,4.405154901863636,0.0,-0.0033248839582578,0.0,0.0,0.1952418128144583,0.0,0.1189198633858149,-66.45544554455445,0.0257493770776068,0.5996337159958904,0.0419233004624683,24.93345650461863,0.0375417616439368,0.0376502580189769,11.205327858630191,962181000.0,1120431000.0,751537000.0,1458871000.0,426845500.0,5920500.0,0.0,77.91921861842623,1.1480784127140695,0.0,1.1550423835836172,78.39185808505799,0.0,0.045398942629229,0.2474692061313592,2019-05-09,1.17,bmo,487967688.0,2025-04-14,2019-03-31,0.0683760683760684,149.88950819672132,304828.5573770492
2018-12-31,EPAM,USD,1352010,2019-02-26,2019-02-25 21:48:20,2018,Q4,504931000.0,319031000.0,185900000.0,0.3681691162,0,101477000.0,-4030000.0,97447000.0,0.0,107630000.0,426661000.0,0.0,0.0,10183000.0,88951000.0,0.1761646641,78270000.0,0.1550112788,498000.0,78768000.0,0.1559975521,18803000.0,59965000.0,0.1187588007,1.11,1.05,54031000,56887000,https://www.sec.gov/Archives/edgar/data/1352010/000135201019000008/0001352010-19-000008-index.htm,https://www.sec.gov/Archives/edgar/data/1352010/000135201019000008/epam-20181231x10k.htm,9.345209231737336,1.1098258407210675,2.278876941015343,2.091780644444856,14.26144250522848,23.367992448779404,19.22413059169736,23.367992448779404,0.4632710851178027,6268136310.0,5522607310.0,26.132478570832987,12.413847258338269,50.90665402420207,55.45992611992462,4.964482946247256,4.964482946247256,10.937350469668132,62.08594968016099,44.8518420368716,48.86355022517939,0.0095666394338511,0.018031037362683,0.0198250271662511,0.0155298231420484,-8.38134478533125,4.562160187802716,0.0,2.0533644626031853,0.0,0.0,0.2009720139979522,0.0,0.1389109828626593,0.0821002192804353,0.0200205572642598,0.9927329863497988,0.024660795237369,24.15624229825861,0.0441712913587134,0.0432054067101134,13.383182802465251,936239000.0,1038699000.0,849862000.0,1262782000.0,408292500.0,7933000.0,0.0,71.71342222996806,2.099984014092674,0.0,1.2549951905989258,42.85746910263299,0.0,0.0474934183222503,0.1870962965704873,2019-02-14,1.23,bmo,489027661.0,2025-04-14,2018-12-31,0.032520325203252,122.69666666666669,354988.90476190473
2018-09-30,EPAM,USD,1352010,2018-11-05,2018-11-05 17:22:48,2018,Q3,468186000.0,301081000.0,167105000.0,0.3569201129,0,92490000.0,0.0,92490000.0,0.0,102545000.0,403626000.0,0.0,0.0,9319000.0,75306000.0,0.1608463303,64560000.0,0.137893914,1427000.0,65987000.0,0.1409418479,369000.0,65618000.0,0.1401536996,1.22,1.15,53852000,56963000,https://www.sec.gov/Archives/edgar/data/1352010/000135201018000043/0001352010-18-000043-index.htm,https://www.sec.gov/Archives/edgar/data/1352010/000135201018000043/epam-2018930x10q.htm,8.693938943771819,1.218487707048949,1.899632325633217,1.7480687811037658,12.722053034241997,22.207810294882268,18.537454504939465,22.207810294882268,0.4647552551437272,7433191560.0,6773111560.0,28.31994102228047,15.876578026681704,72.66142933948524,78.96142388221422,6.215380902808263,6.215380902808263,14.46671100801818,89.94119406156216,66.20897134869354,71.949515705833,0.0088277019999199,0.01266441194743,0.0209275587720068,0.016641156609587,-8.765304225426926,5.109230539477673,0.0,1.5590081989697948,0.0,0.0,0.1975496917891607,0.0,0.1314217856330727,0.0797857261556809,0.0174332423438547,0.8758450477519047,0.032743396855096,24.67486041516255,0.050037824987238,0.0502309530699075,12.771057713733937,908029000.0,998279000.0,820955000.0,1205150000.0,411383500.0,7574500.0,0.5,79.63142853481308,2.5175285056180896,0.0,1.1302070257430332,35.7493469484683,0.0,0.0548675304259846,0.1515635445294511,2018-11-01,1.05,bmo,420166923.0,2025-04-14,2018-09-30,0.1142857142857141,134.675873015873,445563.07936507935
2018-06-30,EPAM,USD,1352010,2018-08-06,2018-08-06 17:30:37,2018,Q2,445647000.0,289175000.0,156472000.0,0.3511119788,0,91843000.0,0.0,91843000.0,0.0,102235000.0,391410000.0,0.0,0.0,8962000.0,66081000.0,0.1482810386,54237000.0,0.1217039495,2882000.0,57119000.0,0.1281709514,6864000.0,50255000.0,0.1127686263,0.94,0.89,53517000,56587000,https://www.sec.gov/Archives/edgar/data/1352010/000135201018000032/0001352010-18-000032-index.htm,https://www.sec.gov/Archives/edgar/data/1352010/000135201018000032/epam-2018630x10q.htm,8.327204439710746,0.9390474054973186,1.1110301399555282,0.9504830240858044,10.913933890165742,20.793448810658298,17.05878505895323,20.793448810658298,0.4675149952351589,6653768610.0,6094707610.0,33.10003288230027,14.930580953086189,111.90515498074302,130.80717577211158,5.979287088550265,5.979287088550265,13.67608804726611,92.23086227508664,102.50269277989877,119.81653350895472,0.0075528625874472,0.0076448405379699,0.0224837639725989,0.0179716203549071,-8.460238192521299,5.647502080910199,0.0,1.1831459556263058,0.0,0.0,0.2060891243517851,0.0,0.1435632221060986,0.1445029347954052,0.0192798335902631,0.9587145726400356,0.0332325809441104,20.960337987071547,0.0394119268448837,0.0421486723021453,11.418395098753669,843108000.0,912935000.0,745127000.0,1141426000.0,404844000.0,7600500.0,0.5,82.50186807046833,2.093645716261779,3.112302239128556e-07,1.090884389710148,42.9872156979337,289175000.0,0.0451607337507177,0.1605471158697236,2018-08-02,0.99,bmo,436822306.0,2025-04-14,2018-06-30,0.0202020202020202,120.2971875,384877.609375
2018-03-31,EPAM,USD,1352010,2018-05-10,2018-05-10 16:47:22,2018,Q1,424148000.0,277634000.0,146514000.0,0.3454313117,0,87777000.0,0.0,87777000.0,0.0,97817000.0,375451000.0,0.0,0.0,8176000.0,56873000.0,0.1340876298,48697000.0,0.1148113394,-798000.0,47899000.0,0.1129299207,-16519000.0,64418000.0,0.1518762319,1.21,1.15,53079000,56241000,https://www.sec.gov/Archives/edgar/data/1352010/000135201018000022/0001352010-18-000022-index.htm,https://www.sec.gov/Archives/edgar/data/1352010/000135201018000022/epam-2018331x10q.htm,7.990881516230524,1.2136249740952163,0.1380960455170594,-0.0636975074888373,10.09546148194201,19.88259010154675,15.929294071101566,19.88259010154675,0.4714670585353906,6078607080.0,5567775080.0,23.59048356049551,14.331335005705556,829.2779099590723,-1797.8725465838509,5.759812952694277,5.759812952694277,13.126962946895896,97.89838904225203,759.5873233287858,-1646.783519668737,0.0105974936613274,-0.0005562129539716,0.0237125573744395,0.0186280800534761,-8.98197738821585,5.392645129732975,0.0,0.1137880716569902,0.0,0.0,0.2069489895036638,0.0,0.1561982191481031,1.4612551159618008,0.0252529777341871,1.3100538160469668,0.0391278515989701,23.30075487363121,0.0562883929417411,0.0568277954947444,10.337040072344996,790272000.0,845511000.0,682126000.0,1096934000.0,376654000.0,7024000.0,0.5,85.12408404613483,2.746997846085134,0.0,1.0572800989109328,32.7630398867123,0.0,0.0610395812566091,0.2017935530058968,2018-05-09,0.91,bmo,415026537.0,2025-04-14,2018-03-31,0.0219780219780219,114.3732786885246,320909.47540983604
2017-12-31,EPAM,USD,1352010,2018-02-27,2018-02-27 17:01:43,2017,Q4,399297000.0,254121000.0,145176000.0,0.3635789901,0,84793000.0,0.0,84793000.0,0.0,93126000.0,347247000.0,0.0,0.0,7696000.0,59773000.0,0.14969559,52050000.0,0.1303540973,27000.0,52077000.0,0.1304217162,82951000.0,-30874000.0,-0.0773208915,-0.59,-0.58,52197435,52879000,https://www.sec.gov/Archives/edgar/data/1352010/000135201018000011/0001352010-18-000011-index.htm,https://www.sec.gov/Archives/edgar/data/1352010/000135201018000011/epam-20171231x10k.htm,7.6497437086707425,-0.5914850030466057,1.3675767784374846,1.1199592470396291,11.161180621231676,18.678063395260708,15.535341918621096,18.678063395260708,0.4795829526872345,5607570442.05,5050018442.05,-45.40689934937164,14.043607745738136,78.5550045115152,95.92313317111136,5.751666954254949,5.751666954254949,12.647273688632772,84.48661506114802,70.7444026959823,86.3856453591406,-0.00550577122821,0.010425013935024,0.0256762675304401,0.0200222994330761,-9.327823599283958,5.30501693678958,0.0,-2.312107274729546,0.0,0.0,0.2123557151694102,0.0,0.131206728861929,0.1810629833015802,0.0323693892015216,1.679443866943867,0.031272461350824,,-0.028858421784892,-0.0284234966590377,10.946519699674898,779066000.0,810905000.0,684724000.0,1029527000.0,345514000.0,5583000.0,1.0,79.37076912674026,1.9740989528610384,3.541619936959165e-07,1.133918708237372,45.59041980624328,254121000.0,-0.0316673624309834,0.247617531397855,2018-02-16,0.97,bmo,383483257.0,2025-04-14,2017-12-31,0.0412371134020618,98.96380952380952,291595.6507936508
2017-09-30,EPAM,USD,1352010,2017-11-07,2017-11-06 17:35:59,2017,Q3,377523000.0,239369000.0,138154000.0,0.3659485647,0,81190000.0,0.0,81190000.0,0.0,88906000.0,328275000.0,0.0,0.0,7174000.0,57761000.0,0.1529999497,49248000.0,0.1304503302,1339000.0,50587000.0,0.1339971339,7953000.0,42634000.0,0.1129308678,0.81,0.77,52545000,55229000,https://www.sec.gov/Archives/edgar/data/1352010/000135201017000045/0001352010-17-000045-index.htm,https://www.sec.gov/Archives/edgar/data/1352010/000135201017000045/epam-2017930x10q.htm,7.184755923494148,0.8113807212865163,1.2348272908935198,1.13129698353792,9.76869350080883,18.748596441145686,15.5952992672947,18.748596441145686,0.476562946046246,4620281850.0,4132829850.0,27.092706818501668,12.238411566977376,71.20833872757537,77.72494869120517,4.689951073192272,4.689951073192272,10.947226659037993,71.55052457540555,63.695669964860365,69.52476027858152,0.0092275755861084,0.0128658817643343,0.0254185932020159,0.0213477168914737,-8.439119821332733,5.55868515070699,0.0,1.521883942393395,0.0,0.0,0.2150597447042961,0.0,0.1412524744118956,0.0838419332963442,0.0144097180834015,0.7582938388625592,0.0297120970113079,18.50069237432341,0.040931567513476,0.0423243550186833,11.030578561233227,724758000.0,819455000.0,695881000.0,968383000.0,328776500.0,4922500.0,1319000.5,80.78980618399409,2.102527896260585,3.759885365272863e-07,1.114001929835433,42.805615164520745,239369000.0,0.0432768780230321,0.1035303073555999,2017-11-02,0.85,bmo,348798423.0,2025-04-14,2017-09-30,0.0823529411764706,83.4004761904762,255564.07936507935
2017-06-30,EPAM,USD,1352010,2017-08-08,2017-08-07 20:57:03,2017,Q2,348977000.0,220132000.0,128845000.0,0.3692077128,0,80419000.0,0.0,80419000.0,0.0,88163000.0,308295000.0,0.0,0.0,7020000.0,50066000.0,0.1434650421,40682000.0,0.1165750178,2364000.0,43046000.0,0.1233491032,5687000.0,37359000.0,0.1070529003,0.72,0.68,51899000,54848000,https://www.sec.gov/Archives/edgar/data/1352010/000135201017000031/0001352010-17-000031-index.htm,https://www.sec.gov/Archives/edgar/data/1352010/000135201017000031/epam-2017630x10q.htm,6.724156534807992,0.7198404593537447,0.5369660301739918,0.4268290333147074,8.55322838590339,17.721073623769243,14.517986859091698,17.721073623769243,0.4823407002061696,4364186910.0,3945718910.0,29.20438789849836,12.505657708101108,156.60208518731162,197.0109656013001,4.745197824087263,4.745197824087263,11.306529971889264,78.81034853992729,141.58600940146405,178.12021081617914,0.0085603574664495,0.005075859594657,0.0272184806883939,0.0231919531806596,-8.35832700834898,6.054991552756873,0.0,0.7459514440964694,0.0,0.0,0.230442120827447,0.0,0.1540111341386699,0.2051098033586909,0.0163793029340042,0.8142450142450143,0.0370425558131338,16.94159909794381,0.0371983722878766,0.0409124061212555,10.107015549432552,658261000.0,753469000.0,628804000.0,901613000.0,300441000.0,3754500.0,1453000.0,82.18237878140967,1.7388203441571422,1.0785346973634002,1.0951252730148369,51.759228779684925,83.44655041698256,0.0406205896232056,0.1101369968592843,2017-08-03,0.81,bmo,353339212.0,2025-04-14,2017-06-30,-0.0123456790123456,80.37666666666667,350787.92063492065
2017-03-31,EPAM,USD,1352010,2017-05-08,2017-05-08 09:05:56,2017,Q1,324651000.0,207730000.0,116921000.0,0.360143662,0,78453000.0,0.0,78453000.0,0.0,85955000.0,293685000.0,0.0,0.0,6672000.0,35267000.0,0.1086304986,30966000.0,0.0953824261,-2371000.0,28595000.0,0.0880791989,4954000.0,23641000.0,0.0728197357,0.46,0.44,50958000,53889000,https://www.sec.gov/Archives/edgar/data/1352010/000135201017000020/0001352010-17-000020-index.htm,https://www.sec.gov/Archives/edgar/data/1352010/000135201017000020/epam-2017331x10q.htm,6.3709525491581305,0.4639310804976647,0.6128183994662271,0.500470976097963,7.826484555908787,16.388045056713374,13.24900898779387,16.388045056713374,0.4913850622080929,3848348160.0,3474969160.0,40.69569984349224,11.853800419527431,123.23389778403995,150.89786142806727,4.608237269219807,4.608237269219807,10.703706934523534,98.53316584909405,111.27735237607276,136.25727012508332,0.0061431551972678,0.0066269991538395,0.0299843611918065,0.0253701416533348,-10.587206170074008,5.761284390231994,0.0,1.320925510765196,0.0,0.0,0.2416533446685825,0.0,0.1620679907638094,0.1833290636608172,0.0176343211633415,0.8580635491606715,0.0485937206415504,13.07921165950466,0.0296277626493638,0.0285854892458296,9.002207700459202,585119000.0,675143000.0,556125000.0,821040000.0,272762500.0,3234500.0,1334000.0,78.23669109289668,1.410677321523131,0.1161122611081692,1.1503553990177806,63.79914004914005,775.1119402985074,0.0283091167306508,0.112347423368264,2017-05-04,0.74,bmo,333669083.0,2025-04-14,2017-03-31,-0.027027027027027,69.59532258064516,429969.8870967742
2016-12-31,EPAM,USD,1352010,2017-03-01,2017-02-28 21:43:43,2016,Q4,313525000.0,198226000.0,115299000.0,0.3677505781,0,71432000.0,0.0,71432000.0,0.0,77916000.0,276142000.0,0.0,0.0,6237000.0,38287000.0,0.1221178534,37383000.0,0.1192345108,-5333000.0,32050000.0,0.102224703,7287000.0,24763000.0,0.0789825373,0.49,0.46,50717000,53380000,https://www.sec.gov/Archives/edgar/data/1352010/000135201017000006/0001352010-17-000006-index.htm,https://www.sec.gov/Archives/edgar/data/1352010/000135201017000006/epam-20161231x10k.htm,6.1818522388942565,0.4882583749038784,1.057850424906836,0.8737701362462291,7.146085139105231,15.40729932764162,12.241713823767178,15.40729932764162,0.4938777924561784,3261610270.0,2924633270.0,32.92826262972984,10.403030922573958,60.79309369816034,73.60059280153448,4.17399562586702,4.17399562586702,9.328229870026314,76.38710972392718,54.512185606978434,65.99646327428636,0.0075922620883824,0.0135868470882635,0.032054793118099,0.027055198091187,-8.801342492229738,5.563212555606226,0.0,2.166579170536688,0.0,0.0,0.2278351008691491,0.0,0.1734144442008142,0.1740135319006169,0.0297775297025755,1.496873496873497,0.0373941471971932,13.010062104227943,0.0356765759587784,0.0323588522623624,8.216362363704478,530332000.0,620863000.0,502152000.0,764497000.0,268099000.0,3937000.0,1200000.5,75.58449884379236,1.4587894625326647,1.089665331490319,1.1907203378565705,61.694989106753816,82.59416666666667,0.0316900687473445,0.1840802886606068,2017-02-16,0.79,bmo,321668506.0,2025-04-14,2016-12-31,-0.0253164556962025,64.18587301587301,407305.6666666667
2016-09-30,EPAM,USD,1352010,2016-11-09,2016-11-09 16:50:17,2016,Q3,298293000.0,190797000.0,107496000.0,0.3603705082,0,67491000.0,0.0,67491000.0,0.0,73594000.0,264391000.0,0.0,0.0,5925000.0,39166000.0,0.1313004328,33902000.0,0.1136533543,-661000.0,33241000.0,0.1114374122,7067000.0,26174000.0,0.0877459411,0.51,0.49,51131000,53864000,https://www.sec.gov/Archives/edgar/data/1352010/000135201016000051/0001352010-16-000051-index.htm,https://www.sec.gov/Archives/edgar/data/1352010/000135201016000051/epam-2016930x10q.htm,5.833897244333183,0.5119008038176449,1.208894799632317,1.0838825761279849,6.466272906847118,14.67039565038822,11.43187107625511,14.67039565038822,0.6466136003598599,3543889610.0,3246324610.0,33.84933149308474,11.880565785988944,57.33335938005565,63.94604132082281,4.724480624226782,4.724480624226782,10.883006339404544,82.88629449011898,52.51932650618003,58.57677029953086,0.0073856702325442,0.0156381846216705,0.0440760846380273,0.0363638763351037,-7.597533575039575,5.192542677448338,0.0,2.3615801940857337,0.0,0.0,0.2262574046323581,0.0,0.1821262451894469,0.1034103410341034,0.0214285953743466,1.078818565400844,0.0463504004451998,12.998854366040252,0.0339292373336951,0.0351985583840991,7.3577330875594065,513293000.0,584523000.0,476636000.0,749166000.0,275208000.0,3833000.0,0.5,82.33579064879163,2.1986194751489805,4.717055299611629e-07,1.0930847847675444,40.934777944647074,190797000.0,0.034893455910584,0.125012223504332,2016-11-07,0.75,bmo,294368092.0,2025-04-14,2016-09-30,0.0133333333333333,67.944375,386001.609375
2016-06-30,EPAM,USD,1352010,2016-08-08,2016-08-08 17:24:10,2016,Q2,283832000.0,180782000.0,103050000.0,0.3630668846,0,64241000.0,0.0,64241000.0,0.0,70970000.0,251752000.0,0.0,0.0,6123000.0,41173000.0,0.1450611629,32080000.0,0.1130246061,-1157000.0,30923000.0,0.1089482511,6493000.0,24430000.0,0.0860720426,0.49,0.46,50211000,53271000,https://www.sec.gov/Archives/edgar/data/1352010/000135201016000043/0001352010-16-000043-index.htm,https://www.sec.gov/Archives/edgar/data/1352010/000135201016000043/epam-2016630x10q.htm,5.65278524626078,0.4865467726195455,0.766624843161857,0.6191671147756468,5.5908864591424186,14.119754635438449,10.801159108561867,14.119754635438449,0.79839079086256,3229069410.0,2988433410.0,33.04409957020057,11.376692585754954,83.88718494271686,103.86533532760784,4.554611723817893,4.554611723817893,10.528881204374418,72.5823576129988,77.63576260618814,96.1251056643829,0.0075656472184659,0.0096278512638103,0.0565442397177865,0.0475039341713592,-5.844509751536201,6.232986284695807,0.0,1.5756446991404012,0.0,0.0,0.226334592294033,0.0,0.1974551125267808,0.1923466604317668,0.0260858536035401,1.2092111709946105,0.0448504749288311,12.432748030149249,0.0337078567085419,0.0360719253224029,7.049187429049412,481508000.0,542337000.0,438601000.0,714889000.0,276528000.0,3283500.0,6284500.0,88.00011978917105,1.496000708035092,0.0,1.0227258805513018,60.160399334442594,0.0,0.0344585855194952,0.1474577283862101,2016-08-04,0.72,amc,287829633.0,2025-04-14,2016-06-30,-0.0138888888888889,72.984375,467552.09375
2016-03-31,EPAM,USD,1352010,2016-05-09,2016-05-09 17:09:09,2016,Q1,264482000.0,167381000.0,97101000.0,0.3671365159,0,61494000.0,0.0,61494000.0,0.0,66770000.0,234151000.0,0.0,0.0,5102000.0,38443000.0,0.1453520466,30331000.0,0.1146807722,-79000.0,30252000.0,0.1143820752,6353000.0,23899000.0,0.0903615369,0.48,0.45,49714000,52883000,https://www.sec.gov/Archives/edgar/data/1352010/000135201016000034/0001352010-16-000034-index.htm,https://www.sec.gov/Archives/edgar/data/1352010/000135201016000034/epam-2016331x10q.htm,5.320070805004627,0.4807297743090477,0.218469646377278,0.0940580118276541,4.925715090316611,13.228104759222754,9.921591503399444,13.228104759222754,0.8069356720440922,3712144380.0,3507383380.0,38.83158688648061,14.035527483911949,341.7866108093177,793.8717664670659,5.64479956570796,5.64479956570796,13.26133113028486,91.23594360481752,322.9337427492864,750.0819888793841,0.0064380577783453,0.001259649281206,0.0610016088269553,0.0496568114722138,-5.326353302291705,5.134995908651343,0.0,0.4544541612619774,0.0,0.0,0.2325073161878691,0.0,0.2034745904328074,0.5694687413681981,0.0233853343516761,1.2122696981575851,0.0414546169493576,11.96163600212554,0.0342148954423588,0.037139948872157,6.186723055879631,444694000.0,493242000.0,401995000.0,673368000.0,278299500.0,3069000.0,12208000.0,93.7598399891108,1.9152711478602709,6.758293952121208,0.9598992490863096,46.99073554183043,13.316970323812557,0.0363415457512066,0.1244116345496238,2016-05-05,0.72,bmo,288525818.0,2025-04-14,2016-03-31,0.0,69.08508196721311,543318.1475409836
2015-12-31,EPAM,USD,1352010,2016-02-23,2016-02-22 18:14:33,2015,Q4,260253000.0,158291000.0,101962000.0,0.3917803061,0,64414000.0,0.0,64414000.0,0.0,70197000.0,228488000.0,0.0,0.0,4899000.0,45724000.0,0.175690578,31765000.0,0.1220543087,2968000.0,34733000.0,0.1334585961,7095000.0,27638000.0,0.1061966625,0.56,0.52,49360000,52670000,https://www.sec.gov/Archives/edgar/data/1352010/000135201016000030/0001352010-16-000030-index.htm,https://www.sec.gov/Archives/edgar/data/1352010/000135201016000030/epam-20151231x10k.htm,5.272548622366289,0.5599270664505672,0.2398500810372771,0.1636750405186385,4.652147487844409,12.423480551053483,9.1254659643436,12.423480551053483,0.7090761750405187,3880683200.0,3716234200.0,35.10278601924887,14.911194875755514,327.78809021032185,480.34202252754056,6.328339282773151,6.328339282773151,14.279313591005677,81.27535211267606,313.8976433820424,459.9869043198416,0.0071219418271504,0.0020818499175609,0.0570754847747067,0.0449561741525118,-3.596557606508617,4.135179929794935,0.0,0.4283595050293075,0.0,0.0,0.2475053121385728,0.0,0.209097588293926,0.3175943914181941,0.0144474799522003,0.7675035721575831,0.047964864958329,12.51061421159184,0.0388492312136168,0.0448853910541034,5.693709481361426,401024000.0,450433000.0,363622000.0,624313000.0,257185500.0,7318500.0,6978000.0,97.19818791714216,1.4646442311944456,6.735885173509549,0.9259431881252936,61.44836956521739,13.361272896091837,0.0450700642343812,0.0761750405186385,2016-02-17,0.73,amc,243570115.0,2025-04-14,2015-12-31,0.0684931506849315,78.01625,414079.015625
2015-09-30,EPAM,USD,1352010,2015-11-06,2015-11-06 09:29:41,2015,Q3,236049000.0,148479000.0,87570000.0,0.370982296,0,55431000.0,0.0,55431000.0,0.0,59794000.0,208273000.0,0.0,0.0,4393000.0,33066000.0,0.1400810849,27776000.0,0.1176704837,897000.0,28673000.0,0.1214705421,5800000.0,22873000.0,0.0968993726,0.47,0.44,49043000,52344000,https://www.sec.gov/Archives/edgar/data/1352010/000135201015000025/0001352010-15-000025-index.htm,https://www.sec.gov/Archives/edgar/data/1352010/000135201015000025/epam-2015930x10q.htm,4.813102787349877,0.4663866402952511,1.1320677772566932,1.022979834023204,4.984258711742756,11.680933058744367,9.205452358134698,11.680933058744367,0.3058540464490345,3654684360.0,3455241360.0,39.9453980675906,15.482736042092956,65.82644740634005,72.84601076340442,6.379627348708603,6.379627348708603,14.637814013192177,104.49529305026311,62.23417435158501,68.87066693242974,0.0062585432138385,0.0137275876814708,0.0261840423972014,0.0213150535434145,-6.0316639448375975,4.450199345009255,0.0,2.427316049490666,0.0,0.0,0.2348283619079089,0.0,0.1725169383625491,0.0963616714697406,0.0226647857012738,1.2178465740951514,0.0506801553914653,11.071413654433842,0.0374686247964244,0.03927888817718,5.905322879921702,387692000.0,451463000.0,369200000.0,569649000.0,231543000.0,12027000.0,1970000.0,88.95301399285742,7.310730810417635,1.2783625967308507,1.011770101541772,12.310670756985324,70.40256045519203,0.0399271734500792,0.1090879432334889,2015-11-04,0.68,amc,229304742.0,2025-04-14,2015-09-30,0.0294117647058822,72.17218749999999,388275.046875
2015-06-30,EPAM,USD,1352010,2015-08-07,2015-08-06 19:43:38,2015,Q2,217781000.0,134256000.0,83525000.0,0.3835274886,0,55976000.0,0.0,55976000.0,0.0,59919000.0,194175000.0,0.0,0.0,3903000.0,32460000.0,0.1490488151,23606000.0,0.1083932942,834000.0,24440000.0,0.1122228294,5209000.0,19231000.0,0.0883043057,0.4,0.37,48584000,51917000,https://www.sec.gov/Archives/edgar/data/1352010/000135201015000021/0001352010-15-000021-index.htm,https://www.sec.gov/Archives/edgar/data/1352010/000135201015000021/epam-2015630x10q.htm,4.48256627696361,0.3958299028486745,0.0445208299028486,-0.0664210439650914,4.234254075415775,11.19833690103738,9.13949036719908,11.19833690103738,0.0,3460638320.0,3284921320.0,44.98775830690032,15.89045104944876,1599.9252519648635,-1072.4010907964052,6.360765944932544,6.360765944932544,15.083599212052476,101.19905483672213,1518.6876190476191,-1017.9489680818098,0.0055570672869391,-0.0009324869291743,0.0,0.0,-5.413339494762785,5.077343585071277,0.0,0.1124746503041963,0.0,0.0,0.2570288500833406,0.0,0.1571533386855786,2.4919093851132685,0.0247496338064385,1.3809889828337176,0.0562629430482916,9.986707348826132,0.0339890683266853,0.0358475653629493,5.89775955046929,366965000.0,444033000.0,364533000.0,525438000.0,212514000.0,12679500.0,1824000.0,94.95993681726138,8.039640686449768,1.227431176260279,0.9477681116531684,11.194530142583174,73.32386673948662,0.0353472043524611,0.11094187386794,2015-08-04,0.64,amc,217781000.0,2025-04-14,2015-06-30,0.0,68.5384126984127,460164.28571428574
2015-03-31,EPAM,USD,1352010,2015-05-07,2015-05-07 17:01:24,2015,Q1,200045000.0,125887000.0,74158000.0,0.370706591,0,46938000.0,0.0,46938000.0,0.0,51338000.0,177225000.0,0.0,0.0,4200000.0,31512000.0,0.157524557,22820000.0,0.1140743333,-4596000.0,18224000.0,0.0910995026,3510000.0,14714000.0,0.0735534505,0.31,0.29,47886000,51000000,https://www.sec.gov/Archives/edgar/data/1352010/000135201015000015/0001352010-15-000015-index.htm,https://www.sec.gov/Archives/edgar/data/1352010/000135201015000015/epam-2015331x10q.htm,4.177525790418912,0.3072714363279455,0.1434866140416823,0.0711481435074969,4.643591028693146,10.187340767656517,8.069038967547927,10.187340767656517,0.0,2934932940.0,2742569940.0,49.866333763762405,14.671363643180284,427.1478591180323,861.4420135016143,6.016290354651509,6.016290354651509,13.709765002874354,87.03255712109673,399.1514975986028,804.9809040211329,0.005013402452732,0.0011608442406183,0.0,0.0,-6.104436405178979,3.6889971682951095,0.0,0.4669702324316977,0.0,0.0,0.2346372066285086,0.0,0.1664172958358352,0.5041478678503857,0.0173161038766277,0.8247619047619048,0.0456597265615236,8.39233422093646,0.037453567984464,0.0289590373491675,5.179013699202272,316218000.0,386394000.0,312112000.0,472770000.0,190989500.0,9003500.0,2156500.0,87.8404858906746,9.555712662943751,1.2990221389023489,1.0245844964019566,9.418449797994912,69.28288387451843,0.0301620848203578,0.0723384705341853,2015-05-06,0.58,amc,177089016.0,2025-04-14,2015-03-31,0.0517241379310345,54.299672131147545,350169.98360655736
2014-12-31,EPAM,USD,1352010,2015-03-02,2015-03-02 16:12:22,2014,Q4,202184000.0,121465000.0,80719000.0,0.39923535,0,49761000.0,0.0,49761000.0,0.0,54463000.0,175928000.0,0.0,0.0,2833000.0,33890000.0,0.167619594,24015000.0,0.1187779448,567000.0,24582000.0,0.1215823211,6159000.0,18423000.0,0.0911199699,0.39,0.37,47620000,50339000,https://www.sec.gov/Archives/edgar/data/1352010/000135201015000006/0001352010-15-000006-index.htm,https://www.sec.gov/Archives/edgar/data/1352010/000135201015000006/epam-20141231x10k.htm,4.245779084418311,0.3868752624947501,1.022784544309114,0.9359512809743804,4.631121377572448,9.744855102897942,7.537673246535069,9.744855102897942,0.0,2273855000.0,2053321000.0,30.85619877327254,11.246463617299094,46.68627450980392,51.01761274399821,4.9000215494020045,4.9000215494020045,10.15570470462549,60.58781351431101,42.15832050097526,46.06957594794705,0.0081020997381099,0.0196010739471074,0.0,0.0,-6.507347300088521,3.3097605511390364,0.0,2.643706236769256,0.0,0.0,0.2461173980136905,0.0,0.1769383831684135,0.0848988810183759,0.0204516677877576,1.4595834804094598,0.0400427333517983,9.21010184297146,0.0384070894029407,0.0376810112083776,4.868889122217555,289674000.0,358944000.0,285111000.0,449914000.0,186974500.0,5334000.0,3363000.0,83.12260119495113,3.438768369489153,1.8494216440950069,1.0827380123598274,26.17216117216117,48.66386217948718,0.039700463312143,0.0868332633347333,2015-02-25,0.61,amc,198922967.0,2025-04-14,2014-12-31,0.0163934426229508,47.14875,417480.140625
2014-09-30,EPAM,USD,1352010,2014-11-10,2014-11-10 17:02:57,2014,Q3,192764000.0,122509000.0,70255000.0,0.3644612064,0,42875000.0,0.0,42875000.0,0.0,48420000.0,170929000.0,0.0,0.0,5510000.0,30250000.0,0.1569276421,21835000.0,0.1132732253,543000.0,22378000.0,0.1160901413,3338000.0,19040000.0,0.0987736299,0.4,0.38,47315000,49829000,https://www.sec.gov/Archives/edgar/data/1352010/000135201014000051/0001352010-14-000051-index.htm,https://www.sec.gov/Archives/edgar/data/1352010/000135201014000051/epam-2014930x10q.htm,4.074056853006447,0.4024093839163056,0.4891049350100391,0.3838951706646941,4.06439818239459,9.41984571488957,7.616295043855014,9.41984571488957,0.0,2071923850.0,1880677850.0,27.204882484243697,10.748499979249235,89.53088972431078,114.06759799603611,4.648696096028719,4.648696096028719,9.756374893652342,62.17116859504132,81.26686760003457,103.53874972473024,0.0091895269220439,0.0087667314607146,0.0,0.0,-6.322181818181818,4.781129561783319,0.0,1.215441176470588,0.0,0.0,0.222422236517192,0.0,0.1510271117867869,0.2151067323481116,0.0258243240439086,0.903448275862069,0.0385186030586624,9.235219108992254,0.0386266641016322,0.0396918048097128,4.554628553312903,317872000.0,360365000.0,282609000.0,457872000.0,182757000.0,9263500.0,4176500.0,87.40921541366646,4.427674701450506,3.107526793949833,1.029639719039607,20.326696532271445,28.96193853427896,0.0427193179268566,0.105209764345345,2014-11-03,0.55,amc,173487600.0,2025-04-14,2014-09-30,0.0909090909090907,39.635625,368551.03125
2014-06-30,EPAM,USD,1352010,2014-08-11,2014-08-11 17:30:59,2014,Q2,174695000.0,110102000.0,64593000.0,0.3697472738,0,38671000.0,0.0,38671000.0,0.0,46117000.0,156219000.0,0.0,0.0,5451000.0,25357000.0,0.1451501188,18476000.0,0.10576147,-75000.0,18401000.0,0.1053321503,3587000.0,14814000.0,0.0847992215,0.31,0.3,47068000,49559000,https://www.sec.gov/Archives/edgar/data/1352010/000135201014000036/0001352010-14-000036-index.htm,https://www.sec.gov/Archives/edgar/data/1352010/000135201014000036/epam-2014630x10q.htm,3.7115449987252487,0.3147361264553412,0.3577589869975355,0.2922792555451687,3.743881193167333,9.064481176170649,7.111392028554432,9.064481176170649,0.0,2059225000.0,1884150000.0,34.75133319832591,11.78754400526632,122.28903141516716,149.68561459620557,4.826531066666354,4.826531066666354,10.785368785597756,74.30492566155303,111.89203634420096,136.95936614087373,0.0071939686046935,0.0066806686981752,0.0,0.0,-6.904405095239973,4.827724328014116,0.0,1.1366950182260025,0.0,0.0,0.2213629468502246,0.0,0.1708813229138009,0.1830274956945186,0.017642176364521,0.5654008438818565,0.0337216291250465,8.011909454592853,0.032313059518595,0.0332125658018635,4.26374075805218,297196000.0,334719000.0,263522000.0,443647000.0,164568000.0,12156000.0,4744500.0,91.85672171498898,10.21779804181577,3.370238506112514,0.9797867626851524,8.80816,26.70434149890856,0.0347219129631756,0.0654797314523667,2014-08-04,0.49,amc,158214339.0,2025-04-14,2014-06-30,0.0816326530612245,37.81174603174603,555101.0317460317
2014-03-31,EPAM,USD,1352010,2014-05-07,2014-05-07 17:20:19,2014,Q1,160384000.0,102454000.0,57930000.0,0.3611956305,0,32359000.0,0.0,32359000.0,0.0,36073000.0,138527000.0,0.0,0.0,3689000.0,26339000.0,0.1642246109,21857000.0,0.13627918,-265000.0,21592000.0,0.1346268955,4228000.0,17364000.0,0.1082651636,0.37,0.35,46797000,49207000,https://www.sec.gov/Archives/edgar/data/1352010/000135201014000024/0001352010-14-000024-index.htm,https://www.sec.gov/Archives/edgar/data/1352010/000135201014000024/form10q.htm,3.427228241126568,0.3710494262452721,0.3459196102314251,0.2680300019232002,3.866700856892536,8.46806419214907,7.6272196935701,8.46806419214907,0.0,1539621300.0,1365555300.0,22.16685815480304,9.599594099162012,95.1088028169014,122.747452762497,3.885185474916725,3.885185474916725,8.514286337789306,51.84537378032575,84.35602297998517,108.86991150442478,0.0112780980621663,0.0081468085690942,0.0,0.0,-6.608679144994115,5.8268794971466376,0.0,0.9322736696613684,0.0,0.0,0.2017595271348763,0.0,0.0857955202044318,0.225166790214974,0.022726705905826,0.9880726484142044,0.0200019952114924,8.40812601581729,0.0441434054904401,0.0414130621434431,5.0089482231767,291809000.0,356931000.0,289907000.0,384230000.0,149330000.0,7323500.0,5528000.0,84.64267009177972,10.376168817225292,4.713725183985008,1.0632934889980574,8.673721639011175,19.09317927692881,0.043817502775815,0.0778896083082248,2014-04-30,0.41,amc,139909446.0,2025-04-14,2014-03-31,0.1463414634146341,38.00934426229509,553157.3114754099
2013-12-31,EPAM,USD,1352010,2014-03-11,2014-03-10 19:16:05,2013,Q4,157585000.0,97627000.0,59958000.0,0.3804803757,0,32980000.0,0.0,32980000.0,0.0,36766000.0,134393000.0,0.0,0.0,3743000.0,30235000.0,0.1918647079,23192000.0,0.1471713678,120000.0,23312000.0,0.1479328616,4553000.0,18759000.0,0.1190405178,0.4,0.38,46532000,49066000,https://www.sec.gov/Archives/edgar/data/1352010/000135201014000007/0001352010-14-000007-index.htm,https://www.sec.gov/Archives/edgar/data/1352010/000135201014000007/form10k.htm,3.386594171752772,0.4031419238373592,0.9978079601134704,0.9659159288231756,3.6618885927963554,8.08263130748732,7.308927189890828,8.08263130748732,0.0,1625828080.0,1456621080.0,21.66730742576896,10.3171499825491,35.01675813051906,36.17292039336092,4.322849660064716,4.322849660064716,9.2433993083098,48.17665222424343,31.372411802713764,32.408247230009344,0.0115381203158946,0.0276449893767365,0.0,0.0,-5.596394906565239,6.054588028684326,0.0,2.475078628924783,0.0,0.0,0.2092838785417393,0.0,0.0831691219445708,0.0319620934740469,0.0094171399562141,0.3964734170451509,0.0213154805343148,8.56242194339846,0.0493437212802166,0.0472667716535433,4.885482033869165,276304000.0,340099000.0,274192000.0,365621000.0,151119500.0,5515000.0,5628500.0,84.42472316527588,2.613518801151321,5.245475124709353,1.0660384378614964,34.4363315696649,17.157644991212653,0.049877559485351,0.0318920312902948,2014-02-19,0.46,amc,151018958.0,2025-04-14,2013-12-31,0.0434782608695651,35.7565625,366653.96875
2013-09-30,EPAM,USD,1352010,2013-11-08,2013-11-08 16:31:45,2013,Q3,140150000.0,88539000.0,51611000.0,0.3682554406,0,27893000.0,0.0,27893000.0,0.0,31381000.0,119920000.0,0.0,0.0,3906000.0,24856000.0,0.1773528362,20230000.0,0.1443453443,126000.0,20356000.0,0.145244381,3919000.0,16437000.0,0.1172814841,0.36,0.34,46162000,48720000,https://www.sec.gov/Archives/edgar/data/1352010/000135201013000010/0001352010-13-000010-index.htm,https://www.sec.gov/Archives/edgar/data/1352010/000135201013000010/form10q.htm,3.036046965036177,0.3560720939300723,0.3373987262250336,0.2413890212729084,2.664074346865387,7.61691434513236,6.816472423205234,7.61691434513236,0.0,1592589000.0,1469610000.0,24.222622741376163,11.363460577952194,102.25290529695025,142.92282150228843,4.52939319477151,4.52939319477151,10.48597930788441,59.12495976826521,94.3569823434992,131.88638607197345,0.0103209302588426,0.0069967832253016,0.0,0.0,-4.947658513035082,5.856202628801689,0.0,0.9475573401472288,0.0,0.0,0.1990224759186585,0.0,0.0911301619872541,0.2845585874799358,0.0316232607920085,1.1346646185355862,0.0240099892971815,7.8117756882503295,0.0462298121947874,0.0446034614695778,4.066602400242624,253081000.0,314662000.0,251344000.0,344093000.0,148165000.0,8285500.0,5751500.0,99.16118444523724,8.330227357435707,5.658862196320266,0.9076132007045902,10.804026845637583,15.904257230105982,0.0467475512781133,0.0960097049521251,2013-11-07,0.42,amc,136890697.0,2025-04-14,2013-09-30,0.0238095238095238,30.78484375,398345.984375
2013-06-30,EPAM,USD,1352010,2013-08-14,2013-08-13 21:43:03,2013,Q2,133184000.0,83547000.0,49637000.0,0.3726949183,0,28541000.0,0.0,28541000.0,0.0,32102000.0,115649000.0,0.0,0.0,3854000.0,22258000.0,0.1671221768,17535000.0,0.1316599592,-100000.0,17435000.0,0.1309091182,3317000.0,14118000.0,0.1060037242,0.31,0.29,45486000,47977000,https://www.sec.gov/Archives/edgar/data/1352010/000114036113032214/0001140361-13-032214-index.htm,https://www.sec.gov/Archives/edgar/data/1352010/000114036113032214/form10q.htm,2.928021808908236,0.3103812161983907,0.1749549311876181,0.0362529129842149,2.384294068504595,7.1501780767708745,6.327529349690015,7.1501780767708745,0.0,1171719360.0,1064244360.0,20.748678283042924,8.797748678519943,147.2379190751445,710.5635900545785,3.6027074743337857,3.6027074743337857,7.990782376261412,47.814015634827925,133.73264136717768,645.3877258944815,0.0120489602561487,0.0014073335785797,0.0,0.0,-4.8286009524665285,5.776700464723279,0.0,0.5636775747272985,0.0,0.0,0.2142975132148006,0.0,0.0999126875415535,0.792787132445338,0.0473705550216242,1.6370005189413597,0.0289073762614127,7.066386754828971,0.0433984511447516,0.0418809960308278,3.706008442158027,226129000.0,287814000.0,224185000.0,318948000.0,135179500.0,9052000.0,6391000.0,95.89935728015377,9.02294516858774,6.394484541635247,0.9384838705131276,9.974570200573066,14.074629380053908,0.0434088791727776,0.1387020182034032,2013-08-08,0.4,amc,133184000.0,2025-04-14,2013-06-30,0.0,23.6328125,243842.734375
2013-03-31,EPAM,USD,1352010,2013-05-10,2013-05-10 16:24:24,2013,Q1,124198000.0,77937000.0,46261000.0,0.3724778177,0,27083000.0,0.0,27083000.0,0.0,30725000.0,108662000.0,0.0,0.0,3617000.0,19652000.0,0.1582312115,15536000.0,0.1250905812,131000.0,15667000.0,0.1261453486,2987000.0,12680000.0,0.1020950418,0.28,0.27,44812000,47646000,https://www.sec.gov/Archives/edgar/data/1352010/000119312513214279/0001193125-13-214279-index.htm,https://www.sec.gov/Archives/edgar/data/1352010/000119312513214279/d511355d10q.htm,2.771534410425778,0.2829599214496117,-0.2619387664018566,-0.344394358653932,2.329019012764438,6.771824511291618,5.910336517004374,6.771824511291618,0.0,1041879000.0,939073000.0,20.541778391167195,8.388854892993447,-88.76120293065259,-67.509816626709,3.433343548881397,3.433343548881397,7.561095991883927,47.785110930185226,-80.00281138183676,-60.84837685479168,0.0121703192021338,-0.0148126605872658,0.0,0.0,-5.231325055973946,5.280397791882895,0.0,-0.9257097791798108,0.0,0.0,0.2180630928034267,0.0,0.1082142476720131,-0.3147895723291872,0.0297508816567094,1.02156483273431,0.0207410747355029,6.566086046129514,0.0407744232676471,0.0398565415963362,3.36601245202178,207030000.0,264854000.0,202110000.0,298900000.0,120382500.0,7911500.0,7049500.0,93.0775857904314,11.233688748604642,7.905616074521729,0.96693526412083,8.011615953947368,11.384312007011394,0.0417848869204736,0.0824555922520753,2013-05-08,0.34,amc,120649485.0,2025-04-14,2013-03-31,0.0294117647058822,21.352500000000003,163346.68333333332
2012-12-31,EPAM,USD,1352010,2013-03-11,2013-03-11 17:24:08,2012,Q4,125538000.0,77284000.0,48254000.0,0.3843776386,0,26377000.0,0.0,26377000.0,0.0,29598000.0,106882000.0,0.0,0.0,3208000.0,21999000.0,0.1752377766,18656000.0,0.1486083895,384000.0,19040000.0,0.1516672243,4041000.0,14999000.0,0.1194777677,0.35,0.32,43294000,46604000,https://www.sec.gov/Archives/edgar/data/1352010/000119312513101372/0001193125-13-101372-index.htm,https://www.sec.gov/Archives/edgar/data/1352010/000119312513101372/d445062d10k.htm,2.8996627708227467,0.3464452349055296,0.8259574074929551,0.7487180671686607,2.751374324386751,6.612463620825056,5.699357878689888,6.612463620825056,0.0,783621400.0000001,665509400.0000001,13.061227415161012,6.2421051793082585,21.913962918426133,24.1746537097023,2.737255134833031,2.737255134833031,5.301258583058517,30.25180235465249,18.61096227523141,20.530908530001547,0.0191406207130126,0.0413656390700917,0.0,0.0,-5.36897131687804,4.2282484162286025,0.0,2.384092272818188,0.0,0.0,0.2101116793321544,0.0,0.1126864948377202,0.0935149193210101,0.026637352833405,1.0423940149625934,0.0116060475712533,7.179433928205804,0.0504233799248748,0.0481846043137733,3.2903058160484133,191603000.0,246748000.0,186421000.0,284270000.0,112264500.0,4326500.0,12643000.0,80.52382545524064,7.097846902334248,8.4463795869779,1.1176816239316238,12.679901558654636,10.655452916034744,0.0523927623305854,0.0772393403242943,2013-02-27,0.37,amc,125538000.0,2025-04-14,2012-12-31,0.0,19.343709677419355,158112.51612903227
2012-09-30,EPAM,USD,1352010,2012-11-13,2012-11-13 08:07:13,2012,Q3,110078000.0,69099000.0,40979000.0,0.3722723887,0,21153000.0,0.0,21153000.0,0.0,24243000.0,93342000.0,486000.0,0.0,3040000.0,20411000.0,0.1854230636,16736000.0,0.152037646,-149000.0,16587000.0,0.1506840604,2522000.0,14065000.0,0.1277730337,0.33,0.3,42952000,46501000,https://www.sec.gov/Archives/edgar/data/1352010/000119312512465687/0001193125-12-465687-index.htm,https://www.sec.gov/Archives/edgar/data/1352010/000119312512465687/d417301d10q.htm,2.562814304339728,0.3274585583907617,0.2586841124976718,-0.0693797727696032,2.501164090147141,6.173193332091637,5.769975786924939,6.173193332091637,0.0,799336720.0,693451720.0,14.207904728048348,7.261548356619851,71.9410242102421,-268.2337986577181,3.014647201028847,3.014647201028847,6.2996395283344535,33.97441183675469,62.41127891278913,-232.70191946308725,0.0175958387098743,-0.0037280909602151,0.0,0.0,-5.1876439174954685,5.158708109046709,0.0,0.789975115535016,0.0,0.0,0.1921637384400152,0.0,0.0553818112049117,1.2682026820268202,0.1280092298188557,4.635197368421053,0.0185868202547284,6.744105741821468,0.0532212693485035,0.047613244369518,3.562913252002235,191600000.0,247832000.0,190103000.0,261867000.0,108606000.0,3451500.0,9016500.0,91.7423099983648,3.3317414144922504,23.48760474102375,0.9810086534948176,27.012900703674745,3.831808351355848,0.0530452459164777,0.3280638852672751,2012-11-08,0.35,amc,104127837.0,2025-04-14,2012-09-30,0.0571428571428572,17.016984126984127,173086.6507936508
2012-06-30,EPAM,USD,1352010,2012-08-09,2012-08-09 17:15:37,2012,Q2,103800000.0,63803000.0,39997000.0,0.385327553,0,20711000.0,0.0,20711000.0,0.0,23167000.0,86970000.0,0.0,0.0,2423000.0,20647000.0,0.198911368,16830000.0,0.1621387283,-934000.0,15896000.0,0.1531406551,2575000.0,13321000.0,0.1283333333,0.31,0.29,42475000,46382000,https://www.sec.gov/Archives/edgar/data/1352010/000119312512347935/0001193125-12-347935-index.htm,https://www.sec.gov/Archives/edgar/data/1352010/000119312512347935/d373796d10q.htm,2.4437904649794,0.3136197763390229,0.1500647439670394,0.0147851677457327,2.470394349617422,5.711736315479694,5.272348440258976,5.711736315479694,0.0,721650249.9999999,616720249.9999999,13.543469897154868,6.952314547206164,113.21779887041104,1149.1246019108278,2.9745770920752164,2.9745770920752164,5.941428227360307,29.86972683682859,96.75560872293693,982.0386146496812,0.0184590804201896,0.0008702276483656,0.0,0.0,-5.082094250980772,5.119974488052664,0.0,0.4784926056602357,0.0,0.0,0.1995279383429672,0.0,0.0648034334048626,0.9014747411358645,0.0553564547206165,2.371440363186133,0.0170809248554913,6.348586691523152,0.057780030279655,0.0494595869023617,3.255897586815774,180871000.0,223943000.0,179384000.0,239753000.0,100599500.0,4202500.0,0.0,91.04306358381504,6.129022146294061,0.0,0.9885431844804434,14.684234752589182,0.0,0.0549079577586704,0.1352795762213066,2012-08-03,0.31,bmo,86967567.0,2025-04-14,2012-06-30,0.1935483870967742,18.52714285714286,134903.49206349207
2012-03-31,EPAM,USD,1352010,2012-05-09,2012-05-09 17:24:33,2012,Q1,94383000.0,60175000.0,34208000.0,0.3624381509,0,17627000.0,0.0,17627000.0,0.0,20424000.0,80599000.0,0.0,0.0,2211000.0,15915000.0,0.1686214678,13784000.0,0.1460432493,556000.0,14340000.0,0.1519341407,2241000.0,12099000.0,0.128190458,0.3,0.27,30197000,33957000,https://www.sec.gov/Archives/edgar/data/1352010/000119312512222496/0001193125-12-222496-index.htm,https://www.sec.gov/Archives/edgar/data/1352010/000119312512222496/d336193d10q.htm,3.1255753882836044,0.4006689406232407,-0.1571348147166937,-0.2861542537338146,3.7333509951319663,7.484418982018081,7.167500082789681,7.484418982018081,0.0,619642440.0,506906440.0,12.803587899826432,6.565191189091256,-130.58850158061117,-71.70957528063882,2.741695788183552,2.741695788183552,5.3707387983005415,31.850860194784797,-106.82959747102213,-58.66293716005092,0.0195257768334912,-0.0139451390708486,0.0,0.0,-7.083631793905121,4.735931562970983,0.0,-0.3921811719976857,0.0,0.0,0.1867603276013689,0.0,0.0348494228178143,-0.8210748155953635,0.0412786200904823,1.7620985979194934,0.0164224489579691,8.214159729143164,0.051120168877275,0.04564971325083,4.513031095804219,175996000.0,216437000.0,174502000.0,222766000.0,90714500.0,3387000.0,0.0,91.72880709449797,6.072289156626506,0.0,0.9811530624974012,14.821428571428571,0.0,0.0535337401053949,0.1290194390171209,2012-05-09,,bmo,,2025-04-14,2012-03-31,,15.620540540540542,351015.08108108107
2011-12-31,EPAM,USD,1352010,2012-03-30,2012-03-30 15:31:06,2011,Q4,95127000.0,59388000.0,35739000.0,0.3756977514,0,0.0,0.0,18510000.0,0.0,20312000.0,79700000.0,329000.0,0.0,1806000.0,17562000.0,0.184616355,15427000.0,0.1621726744,-78000.0,15349000.0,0.1613527179,2965000.0,12384000.0,0.1301838595,0.72,0.72,17124000,17124000,https://www.sec.gov/Archives/edgar/data/1352010/000119312512143392/0001193125-12-143392-index.htm,https://www.sec.gov/Archives/edgar/data/1352010/000119312512143392/d319550d10k.htm,5.555185704274702,0.7231955150665732,1.5397103480495211,1.2920462508759636,5.185470684419528,5.55121466946975,5.00110955384256,5.55121466946975,0.0,239736000.0,150940000.0,4.8396317829457365,2.520167775710366,9.092619282409164,10.835525423728814,2.5219705656487026,2.5219705656487026,1.5867209099414468,8.594693087347682,5.724797087157703,6.822146892655368,0.0516568225047552,0.0922890179197116,0.0,0.0,-5.056143947158638,3.4551734522935607,0.0,2.1290374677002584,0.0,0.0,0.0,0.0,0.0399808159991171,0.1608510961086247,0.0445825054926571,2.34828349944629,0.0074847309386399,9.504146722508896,0.0682076026045669,0.0547497048980295,0.7105086428404578,130436000.0,85639000.0,43009000.0,175338000.0,84788500.0,2299500.0,0.0,80.63925068592512,4.112952111537685,0.0,1.116081799303087,21.882092851879147,0.0,0.1302769858719321,0.2476640971735575,2012-05-08,0.29,bmo,88293774.0,2025-04-14,2011-12-31,0.0689655172413793,,
2011-09-30,EPAM,USD,1352010,2011-09-30,2011-09-29 20:00:00,2011,Q3,86423000.0,51627000.0,34796000.0,0.4026243014,0,0.0,0.0,15822000.0,0.0,17905000.0,69532000.0,385000.0,0.0,2083000.0,21275000.0,0.2461728938,16891000.0,0.1954456568,-1916000.0,14975000.0,0.1732756326,1025000.0,13950000.0,0.161415364,0.36,0.33,17124000,20656000,,,5.046893249240831,0.8146461107217939,1.0147161878065871,0.6741415557112824,3.9359378649848167,4.828252744685821,4.268336837187573,4.828252744685821,0.0,239736000.0,172337000.0,4.296344086021506,2.7739837774666465,13.79696132596685,20.767151767151766,2.8995996565028603,2.8995996565028603,1.994110364139176,8.100446533490011,9.918105432780846,14.928707553707554,0.0581890079086995,0.0481529682650916,0.0,0.0,-3.167990599294947,4.004848149915849,0.0,1.2455913978494624,0.0,0.0,0.0,0.0,0.0457098179807206,0.3356353591160221,0.0674820360320748,2.799807969275084,0.0090832301586383,9.407424711412943,0.0925857448877597,0.0696907628515761,0.2089465078252744,119620000.0,73091000.0,32350000.0,163271000.0,80860000.0,2515000.0,0.0,87.83495134397094,3.286071241792085,0.0,1.0246490562458503,27.388328912466843,0.0,0.1687248273443075,0.3405746320953048,2011-09-29,,bmo,,2025-04-14,2011-09-30,,,
2011-06-30,EPAM,USD,1352010,2011-06-30,2011-06-29 20:00:00,2011,Q2,80176000.0,48816000.0,31360000.0,0.3911394931,0,0.0,0.0,16805000.0,0.0,18785000.0,67601000.0,0.0,0.0,1959000.0,16934000.0,0.2112103373,10878000.0,0.1356765117,-275000.0,10603000.0,0.1322465576,2326000.0,8277000.0,0.1032353822,-0.41,-0.41,17056000,20300000,,,4.700750469043152,0.4852837711069418,0.6106941838649156,0.5695356472795498,3.7132387429643527,4.086772983114447,3.48968105065666,4.086772983114447,0.2931519699812382,238784000.0,180451000.0,7.212274978857074,2.978247854719617,22.9247311827957,24.58142886555487,3.425685756914955,3.425685756914955,2.2506859908201955,10.65613558521318,17.324404761904763,18.576384599547044,0.0346631265076387,0.0406811176628249,0.0717318948697348,0.0248870129611563,-3.4447265855674973,3.398106271582934,0.0,1.2584269662921348,0.0,0.0,0.0,0.0,0.0506898679992832,0.0673963133640553,0.0087557373777689,0.3583460949464012,0.0081695270405108,6.680045180261453,0.0527357752254761,0.0433977894758918,-0.5768644465290806,107639000.0,59520000.0,21320000.0,149302000.0,76028000.0,2305500.0,0.0,86.85691478746756,5.79830383480826,0.0,1.0361869313482217,15.521780604133545,0.0,0.1187449787673591,0.0411585365853658,2011-06-29,,bmo,,2025-04-14,2011-06-30,,,
2011-03-31,EPAM,USD,1352010,2011-03-31,2011-03-30 20:00:00,2011,Q1,72802000.0,45505000.0,27297000.0,0.3749484904,0,0.0,0.0,13793000.0,0.0,15485000.0,60990000.0,189000.0,2000.0,1690000.0,13691000.0,0.1880580204,11812000.0,0.1622482899,53000.0,11865000.0,0.1629762919,2123000.0,9742000.0,0.1338150051,0.19,0.18,17054000,19381000,,,4.2689105195262105,0.5712442828661898,0.0212266916852351,-0.3492435792189515,2.8515890700129,4.437023572182479,3.729447636918025,4.437023572182479,0.0001172745396974,238756000.0,190125000.0,6.126975980291521,3.27952528776682,659.5469613259669,-40.08663532572197,3.155268339742827,3.155268339742827,2.611535397379193,13.886859981009422,525.207182320442,-31.921591672263265,0.0408031630618707,-0.0249459699442108,0.0,0.0,-3.5520414871083195,4.027499326730303,5906.0,0.0371586943132826,0.0,0.0,0.0,0.0,0.066937367215279,17.45303867403315,0.0867833301282931,3.7384615384615385,0.0098074228729979,7.5517579306022915,0.0660416690735166,0.0579170778688037,0.0021695789844024,101176000.0,63602000.0,29991000.0,141273000.0,59360500.0,1733500.0,14802000.0,92.32163951539792,2.8994615976266345,0.0,0.9748527048741296,31.04024556616644,0.0,0.1287449285704846,0.3704702709041867,2011-03-30,,bmo,,2025-04-14,2011-03-31,,,
2010-12-31,EPAM,USD,1352010,2010-12-31,2010-12-30 19:00:00,2010,Q4,70774000.0,40125000.0,30649000.0,0.4330545115,0,0.0,0.0,16061000.0,0.0,17799000.0,57924000.0,80000.0,12000.0,1723000.0,14653000.0,0.2070393082,12850000.0,0.1815638511,-684000.0,12166000.0,0.171899285,536000.0,11630000.0,0.1643258824,0.68,0.68,17142000,17142000,,,4.128689767821724,0.6784505891961264,1.0932796639831992,0.9497141523742854,3.150390852875977,3.864718235911796,3.161474740403687,3.864718235911796,0.00070003500175,239988000.0,185984000.0,5.158813413585555,3.390906265012575,12.80550664318873,14.74127764127764,3.6225150568310474,3.6225150568310474,2.627857687851471,12.69255442571487,9.923910143535563,11.424078624078623,0.0484607563711518,0.0678367251695918,0.0,0.0,-3.685525148433768,3.5896380888403727,1070.8333333333333,1.6114359415305246,0.0,0.0,0.0,0.0,0.0705556661086984,0.1313163651886238,0.0347726566253143,1.4283226929773651,0.0167575663379207,7.680850095868678,0.0909033816763578,0.0732353922784834,-0.1617226694668066,92520000.0,54194000.0,23638000.0,129913000.0,,,,56.00488880097211,4.488224299065421,66.40149532710281,1.6070025657909677,20.05247376311844,1.3553911633563032,0.1755498196199187,0.1435655116089138,2010-12-30,,bmo,,2025-04-14,2010-12-31,,,
2010-09-30,EPAM,USD,1352010,2010-09-30,2010-09-29 20:00:00,2010,Q3,59072000.0,37214000.0,21858000.0,0.3700230228,0,0.0,0.0,10307000.0,0.0,14468000.0,51682000.0,175000.0,4000.0,1526000.0,9091000.0,0.1538969393,7390000.0,0.125101571,292000.0,7682000.0,0.1300446912,1617000.0,6065000.0,0.1026713164,0.35,0.35,17142000,17142000,,,3.4460389686150976,0.3538093571345234,0.2933146657332867,0.1809007117022517,,,,,,239988000.0,,9.892333058532564,4.06263542795233,47.73031026252983,77.39051918735892,0.0,0.0,,,,,0.0252720969381802,0.0129214794073036,0.0,0.0,,0.0,1847.5,0.8290189612530915,0.0,0.0,0.0,0.0,0.0,0.3832537788385043,0.0326212080173347,1.262778505897772,0.0196031960996749,,0.0,0.0,,,,,,,,,,,,0.0,0.0,0.0,0.0,0.1124139540310348,2010-09-29,,bmo,,2025-04-14,2010-09-30,,,
2010-06-30,EPAM,USD,1352010,2010-06-30,2010-06-29 20:00:00,2010,Q2,49971000.0,29003000.0,20968000.0,0.41960337,0,0.0,0.0,10673000.0,0.0,12165000.0,41168000.0,199000.0,11000.0,1552000.0,10554000.0,0.2112024974,8803000.0,0.1761621741,-780000.0,8023000.0,0.1605531208,598000.0,7425000.0,0.14858618,0.43,0.43,17142000,17142000,,,2.915120756037802,0.4331466573328666,-0.0450355851125889,-0.1690584529226461,,,,,,239988000.0,,8.08040404040404,4.802545476376299,-310.86528497409324,-82.81159420289855,0.0,0.0,,,,,0.0309390469523476,-0.012075603780189,0.0,0.0,,0.0,800.2727272727273,-0.1039730639730639,0.0,0.0,0.0,0.0,0.0,-2.7538860103626943,0.0425446759120289,1.3698453608247425,0.0059434471993756,,0.0,0.0,,,,,,,,,,,,0.0,0.0,0.0,0.0,0.1240228678100571,2010-06-29,,bmo,,2025-04-14,2010-06-30,,,
2010-03-31,EPAM,USD,1352010,2010-03-31,2010-03-30 20:00:00,2010,Q1,42007000.0,26186000.0,15821000.0,0.3766277049,0,0.0,0.0,10594000.0,0.0,12074000.0,38260000.0,108000.0,49000.0,1441000.0,5296000.0,0.1260742257,3747000.0,0.0891994191,-523000.0,3224000.0,0.0767491132,36000.0,3188000.0,0.0758921132,0.19,0.15,17142000,21424000,,,2.450530859876327,0.1859759654649399,-0.1472406953681017,-0.2552210943880527,,,,,,239988000.0,,18.819636135508155,5.713047825362439,-95.0824088748019,-54.8544,0.0,0.0,,,,,0.0132839975332099,-0.0182300781705751,0.0,0.0,,0.0,76.46938775510205,-0.7917189460476788,0.0,0.0,0.0,0.0,0.0,-0.7333597464342314,0.0440640845573356,1.2845246356696738,0.0070940557526126,,0.0,0.0,,,,,,,,,,,,0.0,0.0,0.0,0.0,0.107980399019951,2010-03-30,,bmo,,2025-04-14,2010-03-31,,,
