date,symbol,reportedCurrency,cik,fillingDate,acceptedDate,calendarYear,period,revenue,costOfRevenue,grossProfit,grossProfitRatio,researchAndDevelopmentExpenses,generalAndAdministrativeExpenses,sellingAndMarketingExpenses,sellingGeneralAndAdministrativeExpenses,otherExpenses,operatingExpenses,costAndExpenses,interestIncome,interestExpense,depreciationAndAmortization,ebitda,ebitdaratio,operatingIncome,operatingIncomeRatio,totalOtherIncomeExpensesNet,incomeBeforeTax,incomeBeforeTaxRatio,incomeTaxExpense,netIncome,netIncomeRatio,eps,epsdiluted,weightedAverageShsOut,weightedAverageShsOutDil,link,finalLink,revenuePerShare,netIncomePerShare,operatingCashFlowPerShare,freeCashFlowPerShare,cashPerShare,bookValuePerShare,tangibleBookValuePerShare,shareholdersEquityPerShare,interestDebtPerShare,marketCap,enterpriseValue,peRatio,priceToSalesRatio,pocfratio,pfcfRatio,pbRatio,ptbRatio,evToSales,enterpriseValueOverEBITDA,evToOperatingCashFlow,evToFreeCashFlow,earningsYield,freeCashFlowYield,debtToEquity,debtToAssets,netDebtToEBITDA,currentRatio,interestCoverage,incomeQuality,dividendYield,payoutRatio,salesGeneralAndAdministrativeToRevenue,researchAndDdevelopementToRevenue,intangiblesToTotalAssets,capexToOperatingCashFlow,capexToRevenue,capexToDepreciation,stockBasedCompensationToRevenue,grahamNumber,roic,returnOnTangibleAssets,grahamNetNet,workingCapital,tangibleAssetValue,netCurrentAssetValue,investedCapital,averageReceivables,averagePayables,averageInventory,daysSalesOutstanding,daysPayablesOutstanding,daysOfInventoryOnHand,receivablesTurnover,payablesTurnover,inventoryTurnover,roe,capexPerShare,report_date,epsEstimated,time,revenueEstimated,updatedFromDate,fiscalDateEnding,surprise(%),QuarterAvgPrice,QuarterAvgVolume
2025-03-31,EQIX,USD,1101239,2025-04-30,2025-04-30 16:14:04,2025,Q1,2225000000.0,1084000000.0,1141000000.0,0.5128089888,0,438000000.0,229000000.0,667000000.0,16000000.0,683000000.0,1767000000.0,47000000.0,122000000.0,479000000.0,993000000.0,0.4462921348,458000000.0,0.2058426966,-66000000.0,392000000.0,0.1761797753,49000000.0,343000000.0,0.1541573034,3.51744364911705,3.504040373083249,97514000,97887000,https://www.sec.gov/Archives/edgar/data/1101239/000162828025021086/0001628280-25-021086-index.htm,https://www.sec.gov/Archives/edgar/data/1101239/000162828025021086/eqix-20250331.htm,22.81723649937445,3.51744364911705,8.296244641795024,0.6050413273991427,37.66638636503476,142.67694895091986,70.67703099042188,142.4308304448592,202.76062924298049,79508039900.0,96208039900.0,57.95046639941691,35.73395051685393,98.27940655129792,1347.5938966101694,5.724533076535388,5.724533076535388,43.23956849438202,210.06122248908292,118.92217540173051,1630.6447440677966,0.0043140291275121,0.0007420633193096,1.4147886816905464,0.5446381551595111,36.46288209606987,1.654643823264202,3.7540983606557377,2.358600583090379,0.005886197176897,1.3644314868804666,0.1968539325842696,0.0,0.1946007372709886,0.0,0.0,0.0,0.0507865168539325,106.17122703304126,0.0118020379314406,0.0118039782503957,-181.26884344812024,2178000000.0,6892000000.0,-16661000000.0,30693000000.0,1019000000.0,66500000.0,0.0,44.04943820224719,0.0,0.0,2.04315886134068,0.0,0.0,0.0246958024335805,0.0,2025-04-30,8.96,amc,2258518340.0,2025-05-11,2025-03-31,0.0792410714285713,898.8945,634166.5
2024-12-31,EQIX,USD,1101239,2025-02-12,2025-02-12 16:15:31,2024,Q4,2261000000.0,1196000000.0,1065000000.0,0.4710305175,0,451000000.0,209000000.0,660000000.0,302000000.0,962000000.0,2134000000.0,49000000.0,126000000.0,498000000.0,886000000.0,0.391862008,103000000.0,0.0455550641,-131000000.0,-269000000.0,-0.1189739054,-14000000.0,-14000000.0,-0.0061919505,-0.14,-0.14,96849000,96849000,https://www.sec.gov/Archives/edgar/data/1101239/000162828025005126/0001628280-25-005126-index.htm,https://www.sec.gov/Archives/edgar/data/1101239/000162828025005126/eqix-20241231.htm,23.345620502018605,-0.1445549257090935,10.12917015147291,-0.0619521110181829,37.25386942560067,139.92916808640254,68.46740802692852,139.68135964232982,197.0799905006763,91317953610.0,107197953610.0,-1630.6777430357142,40.38830323308271,93.08659899082568,-15219.658935,6.750292253843878,6.750292253843878,47.41174418841221,120.99091829571104,109.27416270132518,-17866.325601666667,-0.0001533104876593,-6.570449471113591e-05,1.4016114725014783,0.5404303833547099,17.923250564334086,1.626455658405494,0.8174603174603174,-70.07142857142857,0.0045226593859498,-29.5,0.199469261388766,0.0,0.1972637879435656,1.0061162079510704,0.436532507739938,1.9819277108433733,0.0504201680672268,,0.0030766134737982,-0.0004970884817497,-177.7328624972896,2098000000.0,6631000000.0,-16086000000.0,29687000000.0,1036000000.0,629000000.0,0.0,37.77532065457762,10.00836120401338,0.0,2.3825079030558483,8.992481203007518,0.0,-0.0010348905972797,10.191122262491094,2025-02-12,2.75,amc,2273633890.0,2025-05-11,2024-12-31,1.88,920.1609375,477816.96875
2024-09-30,EQIX,USD,1101239,2024-10-30,2024-10-30 17:07:37,2024,Q3,2201000000.0,1098000000.0,1103000000.0,0.5011358473,0,434000000.0,237000000.0,671000000.0,7000000.0,678000000.0,1776000000.0,35000000.0,117000000.0,494000000.0,654000000.0,0.2971376647,425000000.0,0.1930940482,-75000000.0,350000000.0,0.1590186279,54000000.0,297000000.0,0.1349386642,3.11,95.81,95394000,3100000,https://www.sec.gov/Archives/edgar/data/1101239/000162828024044355/0001628280-24-044355-index.htm,https://www.sec.gov/Archives/edgar/data/1101239/000162828024044355/eqix-20240930.htm,23.072729941086443,3.113403358701805,7.945992410424136,0.3564165461140113,33.82812336205632,142.6924125207036,66.04188942700799,142.44082437050548,202.37121831561737,84674576220.0,101086576220.0,71.27489580808081,38.47095693775557,111.70788419525066,2490.428712352941,6.231570225198705,6.231570225198705,45.92756756928669,154.5666303058104,133.3595992348285,2973.134594705882,0.003507546341045,0.0004015372915674,1.412128348542832,0.541452677916361,25.09480122324159,1.15675057208238,3.632478632478633,2.560810810810811,0.0048774971005104,1.3905723905723906,0.1971830985915492,0.0,0.2063321857892657,0.9551451187335092,0.3289413902771467,1.4596774193548387,0.0554293502953203,99.89096141671769,0.010690279323912,0.0105596245466827,-186.1411619179403,685000000.0,6300000000.0,-16771000000.0,29149000000.0,1123500000.0,1132000000.0,0.0,45.920036347114944,92.21311475409836,0.0,1.9599287622439896,0.976,0.0,0.0218575213423609,7.589575864310125,2024-10-30,8.7,amc,2285760000.0,2025-04-25,2024-09-30,0.0402298850574714,819.0234375,436326.03125
2024-06-30,EQIX,USD,1101239,2024-06-30,2024-06-30 12:01:27,2024,Q2,2159000000.0,1082000000.0,1077000000.0,0.4988420565,0,437000000.0,219000000.0,656000000.0,-7000000.0,658000000.0,1740000000.0,71000000.0,110000000.0,489000000.0,910000000.0,0.4214914312,421000000.0,0.1949976841,-73000000.0,348000000.0,0.1611857341,47000000.0,301000000.0,0.1394163965,3.16,3.16,95253164,95166000,https://www.sec.gov/ix?doc=/Archives/edgar/data/1101239/000162828024035638/eqix-20240630.htm,https://www.sec.gov/ix?doc=/Archives/edgar/data/1101239/000162828024035638/eqix-20240630.htm,22.665913753794047,3.1600000184770765,9.574485105817589,2.771561477999828,20.923189491112336,129.16106387815108,53.62551526372394,128.89860540485563,186.985914714602,72361923627.51999,88069923627.51999,60.101265471362126,33.51640742358499,79.34421450385965,274.09819555878784,5.893624664238475,5.893624664238475,40.79199797476609,96.78013585441757,96.56789871438596,333.59819555878784,0.0041596461911292,0.0036483275563392,1.4416843134060922,0.5387776222073416,17.26153846153846,1.2154498044328552,3.827272727272727,3.029900332225913,0.0055968661375659,1.345514950166113,0.2024085224641037,0.0,0.2189992086199549,0.7105263157894737,0.3001389532190829,1.3224489795918368,0.0578971746178786,95.73239210357586,0.0117218993915242,0.0117307767255154,-185.97807417714756,661000000.0,5108000000.0,-16822000000.0,27849000000.0,1101500000.0,1108000000.0,0.0,46.85502547475683,94.74121996303144,0.0,1.9208185053380784,0.9499561018437226,0.0,0.024515393386545,6.802923627817759,2024-08-07,8.82,amc,2159010000.0,2025-04-25,2024-06-30,0.0453514739229025,758.9146031746033,639738.3492063492
2024-03-31,EQIX,USD,1101239,2024-05-08,2024-05-08 16:01:27,2024,Q1,2127000000.0,1091000000.0,1036000000.0,0.487070992,0,444000000.0,226000000.0,670000000.0,-6000000.0,679000000.0,1770000000.0,24000000.0,104000000.0,526000000.0,892000000.0,0.4193700047,366000000.0,0.1720733427,-87000000.0,277000000.0,0.1302303714,46000000.0,231000000.0,0.1086036671,2.44,2.43,94665000,95156000,https://www.sec.gov/Archives/edgar/data/1101239/000162828024021647/0001628280-24-021647-index.htm,https://www.sec.gov/Archives/edgar/data/1101239/000162828024021647/eqix-20240331.htm,22.46870543495484,2.4401838060529237,6.317012623461681,-1.1514287223366608,16.16225637775313,130.18539058786246,53.65235303438441,129.92130143136322,183.6053451645275,75736733250.0,91483733250.0,81.96616152597403,35.60730289139633,126.65005560200667,-694.8324151376147,6.157958634848362,6.157958634848362,43.01068794076164,102.56023906950672,152.98283152173914,-839.3003050458716,0.0030500391301205,-0.0014391959531737,1.4047483535246768,0.5409712872217177,17.65358744394619,1.0954686959529574,3.519230769230769,2.588744588744589,0.0054398966303448,1.7835497835497836,0.2087447108603667,0.0,0.2268528665810815,1.1822742474916388,0.3323930418429713,1.346666666666667,0.0474847202632816,84.45837291718324,0.0100556853229169,0.0093552567633241,-182.47240268314584,276000000.0,5079000000.0,-16446000000.0,27427000000.0,1191136000.0,619678000.0,1783848500.5,45.65585331452751,88.84509624197983,0.0,1.9712696941612604,1.012999071494893,0.0,0.018782014797951,7.468441345798341,2024-05-08,8.58,bmo,2139090000.0,2025-04-25,2024-03-31,0.0326340326340325,841.1934426229509,561245.6885245901
2023-12-31,EQIX,USD,1101239,2024-02-16,2024-02-16 16:17:08,2023,Q4,2110489000.0,1218877000.0,891612000.0,0.4224670207,0,448849000.0,217603000.0,666452000.0,-635425000.0,635425000.0,2176668000.0,28225000.0,122387000.0,462367000.0,718554000.0,0.3404680148,256187000.0,0.1213875078,14115000.0,270302000.0,0.1280755313,42825000.0,227568000.0,0.1078271434,2.41,2.4,94268000,94667000,https://www.sec.gov/Archives/edgar/data/1101239/000162828024005350/0001628280-24-005350-index.htm,https://www.sec.gov/Archives/edgar/data/1101239/000162828024005350/eqix-20231231.htm,22.38818050664064,2.414053549454746,10.886928756311791,0.3242775915475028,22.70343064454534,132.74386854499937,53.79881826282514,132.48285738532695,186.4630627572453,75922504520.0,91281405520.0,83.40639338571327,35.97389255286334,73.9777046426494,2483.64370833197,6.079201610647028,6.079201610647028,43.25130598643253,127.0348582291658,88.94317830552603,2986.0775792469494,0.0029973721420116,0.000402634241234,1.3976508248048225,0.5346011010353093,21.374734536304857,1.1282147205312674,2.093253368413312,4.5098124516628,0.0053103622245995,1.7716726429023413,0.2126753562799901,0.0,0.2279273194677092,0.9702140430229692,0.4717958728995981,2.153527392742129,0.0501443030501462,84.82903997182508,0.0070080992781349,0.0090273481426991,-161.62128717592395,405447000.0,5071507000.0,-16569528000.0,27897162000.0,1166983000.0,610295500.0,1783848500.5,55.57692079892386,11.988116930584464,263.4332505166641,1.61937722900515,7.5074342802237055,0.3416425216766888,0.0182216295534256,10.562651164764288,2024-02-14,7.25,amc,2113680000.0,2025-04-25,2023-12-31,0.0068965517241379,767.7973015873015,385209.3015873016
2023-09-30,EQIX,USD,1101239,2023-10-27,2023-10-27 15:41:24,2023,Q3,2061030000.0,1068991000.0,992039000.0,0.4813316643,0,403890000.0,212506000.0,616396000.0,-5972000.0,616396000.0,1685387000.0,23111000.0,101385000.0,461842000.0,861000000.0,0.4177522889,380351000.0,0.1845441357,-84606000.0,295745000.0,0.1434937871,19985000.0,275794000.0,0.1338136757,2.94,2.93,93683000,94168000,https://www.sec.gov/Archives/edgar/data/1101239/000162828023035406/0001628280-23-035406-index.htm,https://www.sec.gov/Archives/edgar/data/1101239/000162828023035406/eqix-20230930.htm,22.00004269718092,2.94390657856815,8.381189756946297,1.7893961551188582,25.164618981031776,127.1474974114834,49.01526424217841,126.8841091766916,186.6152130055613,68038215580.0,83062006580.0,61.67485113889352,33.011754113234645,86.65356841468463,405.86876076737695,5.72380579973692,5.72380579973692,40.30121181156994,96.47155235772358,105.78789006272488,495.4902680808418,0.004053516066654,0.0024638506252841,1.4622240782361466,0.5485720792705555,17.44923461091754,2.0517497310807307,3.7515510183952254,2.8473128807658834,0.0047706571554385,1.1769182795854878,0.1959651242339995,0.0,0.2310163782394994,0.7864985512783774,0.299626400392037,1.3234500538990557,0.0477654376695147,91.6762601970815,0.0116902596767378,0.0113192973181957,-177.64723055410266,1991689000.0,4591897000.0,-15887663000.0,28197939000.0,1018405000.0,1040633000.0,0.5,45.00781648010946,89.0944357810309,0.0,1.9996526612166168,1.0101640939866854,0.0,0.023201538771641,6.59179360182744,2023-10-25,7.79,amc,2056964329.0,2025-04-25,2023-09-30,0.0513478818998715,774.4507936507937,357521.5238095238
2023-06-30,EQIX,USD,1101239,2023-08-04,2023-08-04 15:20:19,2023,Q2,2018408000.0,1060800000.0,957608000.0,0.4744372793,0,406429000.0,215016000.0,621445000.0,-11518000.0,621445000.0,1682245000.0,23503000.0,99973000.0,460461000.0,798000000.0,0.3953610965,332386000.0,0.16467731,-87988000.0,244398000.0,0.1210845379,37385000.0,207000000.0,0.1025560739,2.21,2.21,93535000,93857000,https://www.sec.gov/Archives/edgar/data/1101239/000162828023027511/0001628280-23-027511-index.htm,https://www.sec.gov/Archives/edgar/data/1101239/000162828023027511/eqix-20230630.htm,21.57917357139039,2.2130753193991555,7.925354145507029,1.1026781418720266,25.040647885818142,128.81808948521945,48.21195274496178,128.5519751964505,184.71991233228204,73325827900.0,88161454900.0,88.55776316425121,36.328546012500944,98.91545356927983,710.9418154141498,6.098233798446106,6.098233798446106,43.67870861589926,110.47801365914788,118.92849420880673,854.7829133499453,0.0028230161994529,0.0014065848685767,1.42861346316804,0.5441706189813427,18.591011278195488,2.019177792590771,3.324757684574835,3.580924869452643,0.0043673969891855,1.5470676328502415,0.201361171774983,0.0,0.2388414526651217,0.8608670197410488,0.3161694761415928,1.3880686291996016,0.0516550667654904,80.00713768323257,0.0092907111325596,0.0086151464262749,-175.5618859197092,1889788000.0,4509505000.0,-15773929000.0,28225629000.0,959764500.0,978160500.0,0.5,44.86230732339547,86.79561651583711,8.484162895927602e-08,2.0061384571957905,1.0369187248480252,1060800000.0,0.0172154128010649,6.822676003635003,2023-08-02,7.51,amc,2018510000.0,2025-04-25,2023-06-30,0.0705725699067908,732.0533870967741,456982.2903225807
2023-03-31,EQIX,USD,1101239,2023-05-05,2023-05-05 14:23:09,2023,Q1,1998209000.0,1006091000.0,992118000.0,0.496503619,0,394874000.0,210671000.0,605545000.0,7503000.0,605545000.0,1611636000.0,19388000.0,97481000.0,458995000.0,844000000.0,0.4223782397,384121000.0,0.1922326443,-70215000.0,313785000.0,0.1570331232,55055000.0,259000000.0,0.1296160712,2.78,2.77,92971000,93340000,https://www.sec.gov/Archives/edgar/data/1101239/000162828023016073/0001628280-23-016073-index.htm,https://www.sec.gov/Archives/edgar/data/1101239/000162828023016073/eqix-20230331.htm,21.49282034182702,2.785814931537791,7.269385077067042,1.572985124393628,28.42368050252229,129.38291510255883,47.94119671725592,129.3849479945359,184.0427875358983,67035809840.0,81406392840.0,64.70638015444015,33.54794710663399,99.18858230178058,458.38958602863744,5.572827528828548,5.572827528828548,40.73967880236752,96.45307208530804,120.45181098540785,556.6553578315395,0.0038636066397672,0.0021815504332542,1.4143397715263917,0.543999913283148,17.026757109004738,2.276396800277285,3.940470450651922,2.6121516638967264,0.0048654890688794,1.2593127413127414,0.1976139633041388,0.0,0.242107503444213,0.7836151053056779,0.2650373409388107,1.164112111733661,0.0495443669806311,90.05529801675704,0.010514075775643,0.0109271266129113,-171.21146647879445,2238994000.0,4457141000.0,-15252193000.0,28128162000.0,1014257500.0,524621500.0,42158000.0,41.140426251708405,83.48757716747294,0.0,2.187629254236583,1.0780046930750355,0.0,0.0215312134426598,5.696399952673414,2023-05-03,7.92,amc,1980400000.0,2025-04-25,2023-03-31,0.0845959595959595,704.0033870967742,397891.98387096776
2022-12-31,EQIX,USD,1101239,2023-02-27,2023-02-27 17:17:23,2022,Q4,1870845000.0,970700000.0,900145000.0,0.4811435474,0,400183000.0,207233000.0,607416000.0,-28895000.0,607416000.0,1578116000.0,18462000.0,94200000.0,438492000.0,292653000.0,0.156428245,282200000.0,0.1508409302,-104490000.0,177710000.0,0.0949891627,48807000.0,128763000.0,0.0688261187,1.39,1.39,92573000,92752000,https://www.sec.gov/Archives/edgar/data/1101239/000162828023005277/0001628280-23-005277-index.htm,https://www.sec.gov/Archives/edgar/data/1101239/000162828023005277/eqix-20221231.htm,20.20940230952869,1.3909347217871302,8.211778812396703,-0.7317252330593154,21.73543041707625,124.289285212751,42.7118706318257,124.29073271904336,178.92640402709213,60638092190.0,75201225190.0,117.73198082912016,32.41214113943165,79.76712658299448,-895.1857478815436,5.270143522934102,5.270143522934102,40.19639531334772,256.96379394709777,98.92437958191977,-1110.1778202781304,0.0021234672027038,-0.0011170865961243,1.43139254887421,0.5433570052491622,49.76245929479622,1.7979973867131445,2.9957537154989384,5.89737244284462,0.0047424480159919,2.2333511956074337,0.2139049466952099,0.0,0.2491481732779751,1.0891067879172154,0.4425417391606466,1.8881233865156035,0.0574708220082369,62.3683145037913,0.0071140884980145,0.005657704712658,-171.91094055502143,1466957000.0,3953966000.0,-15499655000.0,27096307000.0,946980000.0,519249000.0,82416000.0,53.643770595639936,10.75076748738024,7.817492531163078,1.6777344135334704,8.371495347252766,11.512642914749277,0.0111909769244929,8.943504045456018,2023-02-15,6.82,amc,1865052874.0,2025-04-25,2022-12-31,0.0395894428152492,617.692380952381,479087.3968253968
2022-09-30,EQIX,USD,1101239,2022-11-04,2022-11-04 16:20:54,2022,Q3,1840659000.0,934669000.0,905990000.0,0.4922095836,0,375483000.0,193089000.0,568572000.0,-6735000.0,568572000.0,1503241000.0,11192000.0,91346000.0,431668000.0,607286000.0,0.3299285745,333159000.0,0.1809998484,-86814000.0,246345000.0,0.1338352188,34606000.0,211807000.0,0.115071287,2.3,2.3,91896000,92135000,https://www.sec.gov/Archives/edgar/data/1101239/000162828022028466/0001628280-22-028466-index.htm,https://www.sec.gov/Archives/edgar/data/1101239/000162828022028466/eqix-20220930.htm,20.029805432227736,2.304855488813441,8.926275354748846,2.9115521894315317,27.213545747366588,121.37735048315488,42.08675023940106,121.3804626969618,175.35990685122312,52274120640.0,65796832640.0,61.70018063614518,28.39967676794018,63.7264679155761,195.37345133801765,4.686421417095475,4.686421417095475,35.74634554254753,108.34570966562708,80.21177004689811,245.9143094632979,0.0040518519949606,0.0051184026957167,1.4365235393202975,0.5463957313315146,22.267452238319343,2.3685619423239186,3.6472204584765615,3.874057211944895,0.0055700410917519,1.3746901660473922,0.2039937870078053,0.0,0.2484662857015032,0.6738222748324066,0.3002886466205853,1.2804493267974462,0.0553225774029844,79.33914278488689,0.010156899525535,0.0096103896221748,-163.73460759989553,2321066000.0,3867604000.0,-14154718000.0,26125347000.0,795813500.0,882009000.0,76035000.0,38.08267582425642,88.83257067475223,7.75294783500897,2.363279314072655,1.0131419063568714,11.608487753986786,0.0189886859680848,6.014723165317315,2022-11-02,7.19,amc,1837247566.0,2025-04-25,2022-09-30,0.0751043115438108,653.334375,422905.703125
2022-06-30,EQIX,USD,1101239,2022-07-29,2022-07-29 15:05:05,2022,Q2,1817154000.0,930257000.0,886897000.0,0.4880692556,0,370348000.0,193727000.0,564075000.0,-6238000.0,564075000.0,1494332000.0,4508000.0,90826000.0,432828000.0,583623000.0,0.3211742098,317853000.0,0.1749180312,-92976000.0,224877000.0,0.1237523072,8635000.0,216322000.0,0.1190443958,2.38,2.37,91036000,91262000,https://www.sec.gov/Archives/edgar/data/1101239/000162828022019818/0001628280-22-019818-index.htm,https://www.sec.gov/Archives/edgar/data/1101239/000162828022019818/eqix-20220630.htm,19.96082868315831,2.376224790192891,8.805099081681972,3.479403752361703,20.77541851575201,116.76253350322948,33.63317808339558,116.76462058965684,180.36503141614307,59812472720.0,74250046720.0,69.12435249304278,32.915467109557035,74.61812682685841,188.8312040688112,5.62687564676761,5.62687564676761,40.86062420686414,127.22261925935064,92.6294993519058,234.4114042891735,0.003616670406065,0.0052957349127297,1.536144572646067,0.5623240120759493,24.737842751228104,2.0447865183623546,3.499581617598485,3.706870080742872,0.0047322571217717,1.308456837492257,0.2038066118776944,0.0,0.260613962001933,0.6048421806405092,0.2668073261814904,1.120144722614988,0.0576076656133712,79.01156362462852,0.0109031867939304,0.010075336101479,-174.3481177775825,1681003000.0,3061830000.0,-15118673000.0,26157180000.0,796586500.0,826315000.0,93373500.0,40.254821550622566,81.41037369243124,6.922667606908629,2.235757023213237,1.1055102183908456,13.00076865025016,0.0203505546302728,5.325695329320269,2022-07-27,7.3,amc,1817451405.0,2025-04-25,2022-06-30,0.0383561643835616,692.6222580645161,516339.46774193546
2022-03-31,EQIX,USD,1101239,2022-04-29,2022-04-29 15:28:17,2022,Q1,1734447000.0,915875000.0,818572000.0,0.4719498491,0,352687000.0,192511000.0,545198000.0,-9549000.0,545198000.0,1461073000.0,2106000.0,79965000.0,436386000.0,399108000.0,0.2301067718,267316000.0,0.154121746,-86879000.0,180437000.0,0.104031429,32744000.0,147453000.0,0.0850144167,1.62,1.62,90771000,91162000,https://www.sec.gov/Archives/edgar/data/1101239/000162828022011503/0001628280-22-011503-index.htm,https://www.sec.gov/Archives/edgar/data/1101239/000162828022011503/eqix-20220331.htm,19.10794196384308,1.6244505403708234,6.402077756111534,1.8574765068138503,18.676724945191747,120.55403157396084,41.30383051855769,120.55485782904232,166.78530587963115,67317589020.0,80681588020.0,114.13397662305954,38.81213379249986,115.84051744639258,399.26211571424335,6.151722239610487,6.151722239610487,46.517182721639806,202.15477519869307,138.83736837123982,478.5242906200884,0.0021904082149494,0.0025046202999027,1.3761731024313972,0.5373863893577161,33.48466831033204,1.9058925435621592,3.3429125242293503,3.9346685354079054,0.0043030210115507,1.9644835981634825,0.2033426215963935,0.0,0.2567020015142435,0.7098634884525307,0.237838342710962,0.945305303103216,0.051862063239753,66.37994116264416,0.008092683264331,0.0070790081409577,-162.4111059699684,1455782000.0,3749190000.0,-14017627000.0,25396650000.0,857476000.0,447620500.0,195694000.0,40.49495891197598,79.70970929439062,11.319634229561895,2.2224988595650457,1.12909707985014,7.950786940178657,0.0134747829297301,4.544601249297683,2022-04-27,7.19,amc,1746427082.0,2025-04-25,2022-03-31,-0.0041724617524339,719.5843548387097,473397.12903225806
2021-12-31,EQIX,USD,1101239,2022-02-18,2022-02-18 15:39:40,2021,Q4,1706378000.0,910435000.0,795943000.0,0.4664517475,0,343711000.0,189798000.0,533509000.0,-5802000.0,533509000.0,1443944000.0,1130000.0,80227000.0,428764000.0,383340000.0,0.2246512789,249725000.0,0.1463479956,-84685000.0,165040000.0,0.0967194842,41899000.0,123274000.0,0.0722430786,1.37,1.36,90240000,90752000,https://www.sec.gov/Archives/edgar/data/1101239/000162828022003171/0001628280-22-003171-index.htm,https://www.sec.gov/Archives/edgar/data/1101239/000162828022003171/eqix-20211231.htm,18.909330673758863,1.3660682624113476,9.885915336879432,0.8277925531914894,18.32657358156028,120.58692375886524,39.61021719858156,120.59044769503546,167.0296210106383,76328601600.0,89784769600.0,154.79460713532455,44.73135588949225,85.56010962835092,1021.8018955823292,7.014154239969888,7.014154239969888,52.61716313735878,234.2170647467001,100.6437242252874,1201.9380133868808,0.0016150433443811,0.0009786632852448,1.3777258800292076,0.5370066326158907,35.10243647936558,1.841336053211985,3.112730128261059,7.244581414800919,0.0033991845070039,2.1047017213686585,0.2014272335906815,0.0,0.2617363460144166,0.91626546202521,0.4790292654968594,1.9064217145096136,0.0564816236496251,60.881299471091125,0.006994855433566,0.0059808765651563,-161.1717143173759,1351147000.0,3574426000.0,-14079833000.0,25386678000.0,863324500.0,464070000.0,255762500.0,49.29114182203474,8.31202666857052,27.302937606748426,1.825885882801097,10.827684220541364,3.296348594290266,0.0113281631217261,9.058122783687944,2022-02-16,6.27,amc,1697036620.0,2025-04-25,2021-12-31,-0.0079744816586921,801.6578125,444281.5
2021-09-30,EQIX,USD,1101239,2021-11-04,2021-11-04 14:33:55,2021,Q3,1675176000.0,885650000.0,789526000.0,0.4713092833,0,334625000.0,182997000.0,517622000.0,1482000.0,517622000.0,1403272000.0,411000.0,78943000.0,419684000.0,454891000.0,0.2715481836,282121000.0,0.1684127519,-76871000.0,205250000.0,0.1225244392,53224000.0,152216000.0,0.0908656762,1.69,1.68,89858000,90467000,https://www.sec.gov/Archives/edgar/data/1101239/000162828021021707/0001628280-21-021707-index.htm,https://www.sec.gov/Archives/edgar/data/1101239/000162828021021707/eqix-20210930.htm,18.642480357898016,1.6939615838322686,7.397738654321262,-0.1505820294242026,15.347548354069756,117.6141578935654,35.309109928999085,117.6162723408044,168.49567094749494,70999501540.0,84682142540.0,116.60978730882432,42.383308703085525,106.80696317089534,-5247.17327174636,6.717862964662941,6.717862964662941,50.551191361385314,186.1591953676815,127.39022504836434,-6258.380203976055,0.0021439023753461,-0.0001905788027592,1.4251186255193724,0.5422938705084959,30.078944186629325,1.627816741674976,3.573730413082857,4.372581005880573,0.0036952653794645,1.7236164397960791,0.199755130207214,0.0,0.266282570641004,1.0203551431674656,0.4048989479314412,1.6161612070033644,0.0565373429418759,66.95403316473714,0.0078384996299115,0.0074694906813913,-168.20669556411227,1118227000.0,3172806000.0,-14306195000.0,25146915000.0,759241500.0,806009500.0,231201500.0,42.556179171621366,85.77320611979901,23.914300231468413,2.1148515151476897,1.0492787208431669,3.763438575617218,0.0144024423671909,7.548320683745465,2021-11-03,6.69,amc,1680580000.0,2025-04-25,2021-09-30,0.0373692077727952,830.7203125,514819.640625
2021-06-30,EQIX,USD,1101239,2021-07-30,2021-07-30 15:28:54,2021,Q2,1657919000.0,865120000.0,792799000.0,0.478189224,0,322005000.0,185610000.0,507615000.0,-39377000.0,507615000.0,1372735000.0,374000.0,87231000.0,417758000.0,410607000.0,0.2476640897,278654000.0,0.1680745561,-228694000.0,49960000.0,0.0301341622,-18527000.0,68339000.0,0.041219746,0.76,0.76,89648000,90104000,https://www.sec.gov/Archives/edgar/data/1101239/000162828021015030/0001628280-21-015030-index.htm,https://www.sec.gov/Archives/edgar/data/1101239/000162828021015030/eqix-20210630.htm,18.493652953774763,0.7623036766018204,6.683885864715331,-1.0377810994110297,20.07548411565233,118.75861145814744,35.55945475638051,118.75861145814744,170.1945386400143,71951484800.0,85322126800.0,263.2153119009643,43.3986731559262,120.07984819683676,-773.3808222711882,6.758246750660688,6.758246750660688,51.463386812021575,207.79511016616863,142.39411545785444,-917.0970795937012,0.0009497927692522,-0.0012930240461139,1.424919823205283,0.5431497450695412,32.563112660037454,1.870093995916527,3.194437757219337,8.749061865755545,0.0035864860984772,3.7760722281566896,0.194222395665892,0.0,0.2670440862886059,1.1552661311722188,0.4175306513768163,1.6570167417500083,0.0568996434687098,45.132336946031714,0.0142085700150018,0.003338214211954,-165.37836873103694,1464691000.0,3187834000.0,-14135828000.0,25439021000.0,705512000.0,755131500.0,113536500.5,39.43158863611552,79.89258137599408,23.62281533197707,2.282434036085696,1.126512605425001,3.809876119133494,0.0064189338965997,7.721666964126361,2021-07-28,6.72,amc,1680580000.0,2025-04-25,2021-06-30,0.0431547619047619,742.7753968253968,555351.6825396825
2021-03-31,EQIX,USD,1101239,2021-04-30,2021-04-30 15:24:21,2021,Q1,1596064000.0,811217000.0,784847000.0,0.4917390531,0,301456000.0,182827000.0,484283000.0,-6950000.0,484283000.0,1295500000.0,729000.0,89681000.0,394318000.0,469955000.0,0.2944462127,297662000.0,0.1864975339,-108960000.0,188702000.0,0.1182295948,32628000.0,156362000.0,0.0979672494,1.75,1.74,89330000,89842000,https://www.sec.gov/Archives/edgar/data/1101239/000162828021008434/0001628280-21-008434-index.htm,https://www.sec.gov/Archives/edgar/data/1101239/000162828021008434/eqix-20210331.htm,17.867054740848538,1.7503862084406134,4.3787977163326985,-1.930370536214037,19.671095936415536,118.40003358334266,34.66720026866674,118.40181350050376,164.50962722489646,60707774700.0,73560748700.0,97.06286485846944,38.03592756932053,155.2001357507708,-352.0515814196242,5.739692492101134,5.739692492101134,46.088846499889726,156.52721792512048,188.05891404496396,-426.5875011598237,0.0025756503309945,-0.0028404928504157,1.3809391354728646,0.5346842386368337,27.349371748358884,1.5541819827877703,3.319119991971544,2.506234222227917,0.0043328717170059,1.682243767667336,0.1888746315937205,0.0,0.2738169176032938,1.440844875983618,0.3531174188503719,1.4292981806562215,0.0490895101950799,68.28689685164268,0.0094654076332173,0.0078822870398226,-161.97934064144184,1016137000.0,3096821000.0,-13890598000.0,24670487000.0,687457000.0,410002500.0,0.5,38.6060834653247,82.35404336940671,1.1094442054345509e-07,2.3312388080193736,1.0928425165027618,811217000.0,0.0147834408670874,6.309168252546737,2021-04-28,6.63,amc,1596130000.0,2025-04-25,2021-03-31,0.052790346907994,686.4106557377049,596128.7704918033
2020-12-31,EQIX,USD,1101239,2021-02-19,2021-02-19 16:20:22,2020,Q4,1564115000.0,830735000.0,733380000.0,0.4688785671,0,293144000.0,187055000.0,480199000.0,-2697000.0,480199000.0,1310934000.0,1244000.0,90912000.0,378859000.0,260653000.0,0.166645675,228606000.0,0.1461567724,-136366000.0,92240000.0,0.0589726459,41304000.0,50994000.0,0.0326024621,0.57,0.57,89113000,89726000,https://www.sec.gov/Archives/edgar/data/1101239/000162828021002563/0001628280-21-002563-index.htm,https://www.sec.gov/Archives/edgar/data/1101239/000162828021002563/eqix-20201231.htm,17.55204066746715,0.5722397405541279,7.699752000269321,-1.6628550267637718,18.06022690292101,119.33295927642432,33.55986219743472,119.33150045447914,157.2638223379305,63642722339.99999,75961192340.0,312.0108362748559,40.689285851743634,92.75363673726368,-429.4902372757824,5.984840526432793,5.984840526432793,48.56496634838231,291.42650320541105,110.7067168307712,-512.6209144160559,0.0008012542224006,-0.0023283416320308,1.309324309939037,0.5149384546475199,47.26003537269857,1.284140026741218,2.514585533262935,13.470786869797394,0.0037357924246205,4.6624308742204965,0.1874184442959756,0.0,0.2826858592052818,1.2159621539376344,0.5334198572355613,2.202217711602469,0.0507385965865681,39.1974502276632,0.0049492916627076,0.002629187841638,-160.2192497166519,584405000.0,2990620000.0,-13763568000.0,24206044000.0,697890500.0,449883500.0,147462000.0,39.71861404052771,8.418388535453545,0.0,2.2659400931806597,10.69088218261373,0.0,0.004795378742199,9.362607027033093,2021-02-10,5.65,amc,2290968441.0,2025-04-25,2020-12-31,0.0194690265486724,744.3421875,470857.09375
2020-09-30,EQIX,USD,1101239,2020-10-30,2020-10-30 15:31:11,2020,Q3,1519767000.0,767979000.0,751788000.0,0.4946731966,0,279350000.0,172727000.0,452077000.0,162000.0,452077000.0,1220056000.0,1452000.0,99736000.0,362286000.0,352653000.0,0.2320441226,288350000.0,0.1897330314,-191616000.0,96734000.0,0.0636505464,29903000.0,66687000.0,0.0438797526,0.75,0.74,88806000,89519000,https://www.sec.gov/Archives/edgar/data/1101239/000162828020015158/0001628280-20-015158-index.htm,https://www.sec.gov/Archives/edgar/data/1101239/000162828020015158/eqix-20200930.htm,17.113336936693468,0.7509289912843726,5.9924104227191854,-0.3729815553003175,29.94427178343805,118.865459541022,38.10118685674392,118.86374794495867,155.86508794450825,67504104780.0,78601078780.0,253.06320864636288,44.417403970477054,126.84878811339404,-2037.982814962413,6.394969140229262,6.394969140229262,51.719164042909206,222.88504218027356,147.70141193846987,-2373.006031458503,0.0009878954800946,-0.0004906812720196,1.3018436095975163,0.5198081350049784,31.46711923618968,1.0652879484471638,2.8911325900376994,7.962801693824722,0.0035655609504699,3.609249179000405,0.183811071039179,0.0,0.2713027042619593,1.0622423247056347,0.3719550431085818,1.5603280281324698,0.0495128529570651,44.81417490876324,0.0079622982534573,0.0034616770594323,-141.2621134833232,247845000.0,3383614000.0,-11836720000.0,21967088000.0,698549000.0,783789500.0,223556000.0,41.77996363916311,96.33802486786747,34.56235131429375,2.1541426119298266,0.9342105583277174,2.603989502380274,0.0063175611089774,6.365391978019503,2020-10-28,6.03,amc,3450281837.0,2025-04-25,2020-09-30,0.0746268656716418,756.62,345377.796875
2020-06-30,EQIX,USD,1101239,2020-07-31,2020-07-31 13:43:27,2020,Q2,1470121000.0,739344000.0,730777000.0,0.4970862943,0,256890000.0,178124000.0,435014000.0,4278000.0,435014000.0,1174358000.0,1685000.0,108480000.0,348434000.0,285897000.0,0.1944717476,282488000.0,0.1921528908,-104385000.0,178103000.0,0.1211485313,44753000.0,133304000.0,0.0906755294,1.53,1.52,87303000,87901000,https://www.sec.gov/Archives/edgar/data/1101239/000162828020011187/0001628280-20-011187-index.htm,https://www.sec.gov/Archives/edgar/data/1101239/000162828020011187/eqix-63020x10q.htm,16.839295327766514,1.5269120190600551,6.582660389677331,1.0622544471553097,55.06247207999725,118.99084796627837,37.7675337617264,118.9910999622006,178.44245902202672,61312896899.99999,71997928900.0,114.98697882284102,41.70602072890598,106.6893867259686,661.1410306454743,5.902122093359054,5.902122093359054,48.97415171948431,251.8317047747965,125.28220436899454,776.358438827665,0.0021741592183682,0.0015125365899975,1.4891860827778998,0.5566253355655798,37.3737115114884,1.5512894827000878,2.60405604719764,4.309606299212598,0.0038492390986666,1.7704494988897557,0.1747407186211203,0.0,0.2551409852180236,0.8386283988125689,0.327828797765626,1.3831830418386266,0.0515903112736978,63.937478567760735,0.0079866266325921,0.0064393118383992,-137.4805819960368,2125646000.0,3297219000.0,-11422955000.0,23276613000.0,689371000.0,731545500.0,76094000.5,42.3386986513355,90.75143640849186,18.5257741998312,2.1257148393048477,0.9917198400573024,4.858096564775146,0.0128321531572117,5.520405942522021,2020-07-29,5.98,amc,1586183184.0,2025-04-25,2020-06-30,0.0618729096989965,676.4452380952381,577568.4444444445
2020-03-31,EQIX,USD,1101239,2020-05-07,2020-05-07 14:56:10,2020,Q1,1444542000.0,736282000.0,708260000.0,0.490300732,0,261597000.0,180450000.0,442047000.0,5170000.0,442047000.0,1178329000.0,4273000.0,107338000.0,337431000.0,492159000.0,0.340702451,253484000.0,0.1754770716,-104336000.0,149148000.0,0.1032493344,30191000.0,118792000.0,0.0822350614,1.39,1.38,85551000,86144000,https://www.sec.gov/Archives/edgar/data/1101239/000162828020006896/0001628280-20-006896-index.htm,https://www.sec.gov/Archives/edgar/data/1101239/000162828020006896/eqix-33120x10q.htm,16.88515622260406,1.388551857956073,6.0411918037194186,1.3546188823041228,13.993664597725331,101.3348061390282,19.09148928709191,101.33562436441422,154.1410269897488,53432588070.00001,65340830070.00001,112.44988734510744,36.989293540790094,103.38522932105336,461.066952601196,6.1633803898417465,6.1633803898417465,45.23290431846219,132.76365985382773,126.42615573786352,563.8225376869246,0.0022232125429592,0.0021688824027797,1.508712865211335,0.5544380670720298,24.19592448781796,1.2619761073456068,2.3615494978479195,4.34467916978404,0.0043695993107076,1.965443800929356,0.1810933846160236,0.0,0.298253065678684,0.7757695954182227,0.2775557927703037,1.1882162575459871,0.0446501382445093,56.26695134346436,0.0090429562395868,0.0071757265308341,-154.3975786314596,481636000.0,1633296000.0,-12601295000.0,21109389000.0,693160000.0,384903000.0,1.0,42.81202623392051,87.71321314387694,1.2223577379319337e-07,2.1022130442565192,1.026071178721637,736282000.0,0.0137025045897253,4.686572921415296,2020-05-06,5.98,amc,1894652913.0,2025-04-25,2020-03-31,0.0384615384615383,598.3069354838709,582780.4516129033
2019-12-31,EQIX,USD,1101239,2020-02-21,2020-02-21 14:57:43,2019,Q4,1417135000.0,725636000.0,691499000.0,0.4879556288,0,245504000.0,160556000.0,406060000.0,12336000.0,406060000.0,1131696000.0,7532000.0,117617000.0,328295000.0,317782000.0,0.2242425739,312974000.0,0.2208498132,-150507000.0,162467000.0,0.1146446881,37632000.0,124995000.0,0.088202606,1.47,1.46,85289000,85831000,https://www.sec.gov/Archives/edgar/data/1101239/000162828020001947/0001628280-20-001947-index.htm,https://www.sec.gov/Archives/edgar/data/1101239/000162828020001947/eqix2019123110k.htm,16.615683147885424,1.4655465534828642,6.210296755736379,-2.1678176552662127,22.04198665713046,103.65207705565784,22.935372674084583,103.65470342013624,157.17072541593876,49783189300.00001,61200929300.00001,99.57036141445658,35.129461413344536,93.98906734381784,-269.2569638327448,5.631196470015744,5.631196470015744,43.186379067625886,192.58777809945184,115.54539486850304,-331.01086207549315,0.0025107873110893,-0.0037139243708518,1.5029871255432037,0.5544325484657915,35.92947366433593,1.3312318715321594,2.660958874992561,4.242960708134738,0.0042255227709969,1.6829473178927157,0.1732396701796229,0.0,0.287255177887152,1.349068287801839,0.5042293077229762,2.176582037496764,0.0438391543501501,58.46360278299273,0.0105708293000951,0.0073176223356349,-149.15075507392513,714753000.0,1956135000.0,-12252617000.0,21226964000.0,722869000.0,403691000.0,189736500.5,44.40298912947602,6.478289390272809,1.2402912755155478e-07,2.0268905712083094,13.892556287333436,725636000.0,0.0141387366431667,8.378114411002592,2020-02-12,5.36,amc,1514199041.0,2025-04-25,2019-12-31,0.0279850746268655,561.90046875,377524.65625
2019-09-30,EQIX,USD,1101239,2019-11-01,2019-11-01 16:20:11,2019,Q3,1396810000.0,704339000.0,692471000.0,0.4957517486,0,241812000.0,161574000.0,403386000.0,3428000.0,403386000.0,1107725000.0,8201000.0,118674000.0,321746000.0,309402000.0,0.2215061461,285368000.0,0.2042997974,-106730000.0,178638000.0,0.1278899779,57827000.0,120850000.0,0.0865185673,1.42,1.41,85012000,85571000,https://www.sec.gov/Archives/edgar/data/1101239/000162828019013074/0001628280-19-013074-index.htm,https://www.sec.gov/Archives/edgar/data/1101239/000162828019013074/eqix-93019x10q.htm,16.430739189761447,1.4215640144920718,5.8696889850844585,-0.6802333788171082,16.726662118289184,103.05640380181622,23.34111654825201,103.0573448454336,145.6071613419282,49034921599.99999,59892203599.99999,101.4375705419942,35.104933097558,98.2675575257418,-847.9442761292106,5.596883956840633,5.596883956840633,42.87784566261696,193.5740673945223,120.02589930941052,-1035.6955730787852,0.0024645700667338,-0.0011793227788091,1.3993296055717137,0.5367088379282449,35.09118234529835,1.5536528244475991,2.404637915634427,4.130368923359628,0.0043387853606765,1.7604633843607778,0.173117317315884,0.0,0.2966753001981014,1.115889169008044,0.3986383258997286,1.7306260217687244,0.0457263335743587,57.41348961159554,0.0089432219569979,0.0075222944062326,-140.0939896720463,1016774000.0,1984275000.0,-11228045000.0,20506218000.0,749625500.0,761910000.0,366547500.0,48.103457163107365,96.4925980245308,48.48882427353873,1.870967396269076,0.9327140303251008,1.8560977987893736,0.0137939126670122,6.549922363901567,2019-10-30,5.45,amc,1654377801.0,2025-04-25,2019-09-30,0.0128440366972475,537.37484375,391253.828125
2019-06-30,EQIX,USD,1101239,2019-08-02,2019-08-02 14:02:42,2019,Q2,1384977000.0,698179000.0,686798000.0,0.4958912675,0,232656000.0,159201000.0,391857000.0,12180000.0,391857000.0,1090036000.0,7762000.0,120547000.0,320550000.0,399871000.0,0.2887203181,291781000.0,0.2106757008,-100605000.0,191176000.0,0.1380355053,47324000.0,143527000.0,0.1036313238,1.7,1.69,84399000,84767000,https://www.sec.gov/Archives/edgar/data/1101239/000162828019009846/0001628280-19-009846-index.htm,https://www.sec.gov/Archives/edgar/data/1101239/000162828019009846/eqix-63019x10q.htm,16.409874524579674,1.7005770210547515,6.432813184990343,1.1700612566499604,19.321887700091235,103.66507897012998,21.04223983696489,103.665233000391,146.78276993803243,42616431060.0,53270674060.0,74.23068666522676,30.77049731511787,78.49442933896704,431.5500552900194,4.870871220615454,4.870871220615454,38.46321928811814,133.21964848663694,98.11828576059588,539.4389385531432,0.0033678793936997,0.0023172282977184,1.4021525521868066,0.5360264487740701,26.644200254582103,1.5859122640833578,2.420475001451716,3.7741776270055336,0.004891282418899,1.4523330105137011,0.1679854611304014,0.0,0.304689816116528,0.8181104871224834,0.3207064088428905,1.385652784277024,0.044418788182042,62.98048146260802,0.0101750224865486,0.0090193562333707,-139.39983886065002,1104096000.0,1775944000.0,-11148775000.0,20538499000.0,728257500.0,757720500.0,176811000.0,48.91142596591857,99.08676714710698,45.58426993650626,1.8400608492320776,0.9082948469434218,1.9743652827029992,0.0164045068132759,5.262751928340383,2019-07-31,5.57,amc,1286635437.0,2025-04-25,2019-06-30,0.0538599640933572,479.74698412698416,379911.5873015873
2019-03-31,EQIX,USD,1101239,2019-05-03,2019-05-03 13:28:23,2019,Q1,1363218000.0,682030000.0,681188000.0,0.4996911719,0,215046000.0,169715000.0,384761000.0,-166000.0,384761000.0,1066791000.0,4202000.0,122846000.0,314705000.0,395009000.0,0.2897621657,279508000.0,0.2050354382,-119192000.0,160316000.0,0.1176011467,42569000.0,118078000.0,0.0866171075,1.44,1.44,81814000,82090000,https://www.sec.gov/Archives/edgar/data/1101239/000162828019005806/0001628280-19-005806-index.htm,https://www.sec.gov/Archives/edgar/data/1101239/000162828019005806/eqix-33119x10q.htm,16.662404967365,1.4432493216319946,5.147541985479258,0.6988290512626201,20.139303786637985,102.97489427237392,16.789265895812452,102.97885447478428,153.04478451120835,37331728200.0,48096244200.0,79.04039744914378,27.38500239873593,88.64425026297606,652.9493860845839,4.431006756942816,4.431006756942816,35.28140341456759,121.75986926880148,114.20461128220715,841.2258054360374,0.0031629395608853,0.0015315122753947,1.4715958672122105,0.55125649529407,27.25131832439261,1.5579965241661826,2.275271478110805,3.576660127221925,0.0054806731395842,1.7327783329663442,0.1577487973310211,0.0,0.3135104028524005,0.8642402425790887,0.2669910461863033,1.1565338968240098,0.0359612329062556,57.82770652482576,0.0096076994028118,0.0076475883911165,-145.3388142616178,940420000.0,1373597000.0,-11440532000.0,20347643000.0,671866000.0,421875500.0,0.5,46.46736618794646,98.54315792560443,0.0,1.936843152159242,0.9133054175912028,0.0,0.0140150065660848,4.448712934216638,2019-05-01,5.6,amc,1363218000.0,2025-04-25,2019-03-31,0.0625000000000001,407.1726229508196,604132.9508196721
2018-12-31,EQIX,USD,1101239,2019-02-22,2019-02-22 17:02:40,2018,Q4,1310083000.0,670935000.0,639148000.0,0.4878683259,0,206146000.0,161804000.0,367950000.0,4498000.0,367950000.0,1038885000.0,3002000.0,129978000.0,305130000.0,393229000.0,0.3001557917,270717000.0,0.2066411059,-134641000.0,136076000.0,0.1038682282,26054000.0,110022000.0,0.0839809386,1.37,1.36,80509000,80740000,https://www.sec.gov/Archives/edgar/data/1101239/000162828019001771/0001628280-19-001771-index.htm,https://www.sec.gov/Archives/edgar/data/1101239/000162828019001771/eqix_20181231x10kupgrade.htm,16.272503695239042,1.3665801338980734,6.938714926281533,-1.515805686320784,7.585561862648896,89.67045920331888,0.6160180849346036,89.67045920331888,142.37507607845086,28384253040.0,39110584040.0,64.49676664667066,21.66599600178004,50.8105612848599,-232.5891789308073,3.931729614550151,3.931729614550151,29.85351618179917,99.46007044241396,70.01173236620369,-320.4839886590842,0.0038761633024111,-0.0042994261581597,1.569754680488176,0.5597777050891204,27.277568541486005,1.0004032814303752,2.082790933850344,5.077429968551744,0.0064774648020823,1.671102143207722,0.1573533890600824,0.0,0.3541522451525189,1.2184562562989032,0.5195586844497638,2.230737718349556,0.0311942067792651,52.50897097884702,0.0114111675020153,0.0084147141167762,-148.24094510551615,611000.0,49595000.0,-11509677000.0,18196315000.0,651149000.0,418048500.0,1.0,43.95960408615332,13.00900981466163,1.3414116121531896e-07,2.047334180344649,6.918282120024747,670935000.0,0.0152400260469224,8.454520612602318,2019-02-13,4.92,amc,1184854477.0,2025-04-25,2018-12-31,0.0426829268292682,389.7233333333333,561386.2063492064
2018-09-30,EQIX,USD,1101239,2018-11-02,2018-11-02 15:27:27,2018,Q3,1283751000.0,660309000.0,623442000.0,0.485640907,0,206902000.0,157920000.0,364822000.0,3744000.0,364822000.0,1025131000.0,2912000.0,130566000.0,306318000.0,363415000.0,0.2830883871,265753000.0,0.2070128865,-122418000.0,143335000.0,0.1116532723,18510000.0,124825000.0,0.0972345883,1.56,1.55,79872000,80283000,https://www.sec.gov/Archives/edgar/data/1101239/000162828018013437/0001628280-18-013437-index.htm,https://www.sec.gov/Archives/edgar/data/1101239/000162828018013437/eqix-93018x10q.htm,16.072603665865383,1.5628130008012822,5.222881610576923,-1.6073091947115383,11.09150891426282,89.64559545272436,-0.9484299879807692,89.64559545272436,143.79443359375,34452787200.0,44936884200.0,69.0021774484278,26.83759327159239,82.58850806161635,-268.36777977706635,4.811725526743557,4.811725526743557,35.004361593486585,123.65170452512967,107.72046399240584,-350.03298202977123,0.0036230740716385,-0.0037262297315672,1.5857972984730957,0.5596679447740497,28.84882847433375,1.23654520334027,2.035392062252041,3.341974764670539,0.005398198959067,1.4899499299018626,0.1611698841909373,0.0,0.3566591422121896,1.3077437542249772,0.4249585784159078,1.780962920886138,0.0370694940062364,56.144761962778176,0.0120860830373058,0.0095635621577909,-147.05023349233775,345668000.0,-75753000.0,-11320911000.0,18264420000.0,639436500.0,724850500.0,1.0,46.43898232601182,100.74151647183363,1.362998232645625e-07,1.9380269655390008,0.8933754737071398,660309000.0,0.0174332379957858,6.830190805288462,2018-11-01,4.95,amc,811692903.0,2025-04-25,2018-09-30,0.012121212121212,437.7706349206349,490486.1746031746
2018-06-30,EQIX,USD,1101239,2018-08-08,2018-08-08 16:48:55,2018,Q2,1261943000.0,651801000.0,610142000.0,0.4834941039,0,210489000.0,154202000.0,364691000.0,8866000.0,364691000.0,1016492000.0,3958000.0,134673000.0,307331000.0,515978000.0,0.4088758367,215038000.0,0.1704023082,-141064000.0,73974000.0,0.0586191294,6356000.0,67618000.0,0.0535824518,0.85,0.85,79479000,79752000,https://www.sec.gov/Archives/edgar/data/1101239/000162828018010818/0001628280-18-010818-index.htm,https://www.sec.gov/Archives/edgar/data/1101239/000162828018010818/eqix-63018x10q.htm,15.87769096239258,0.8507656110419104,6.778243309553467,0.2326274865058694,12.387007888876306,87.12398243561192,-4.854867323443929,87.12398243561192,145.0028183545339,34167227310.0,44590925310.0,126.32445247567216,27.07509555502903,63.422037298970906,1847.9759484017525,4.934232664556005,4.934232664556005,35.33513424140393,86.42020650105238,82.77075873167907,2411.75430309914,0.0019790309405706,0.0005411325839304,1.644878559936296,0.5675058574147017,20.201826434460383,1.2910150528033928,1.5967417373935384,7.9672276612736255,0.0053197175864136,2.688041645715638,0.1667975494931229,0.0,0.3642392675182339,0.9656802690782732,0.4122523758997038,1.6927644786891007,0.0394035229800395,40.83805802738245,0.0103737420285712,0.0052992574158686,-147.19485649668465,417205000.0,-385860000.0,-11294936000.0,18106507000.0,630970000.0,698598000.0,0.5,43.96591605167587,98.1166951262732,1.380789535456374e-07,2.047040254869646,0.9172750864077998,651801000.0,0.0097649991111306,6.545615823047598,2018-08-08,5.06,amc,1380667058.0,2025-04-25,2018-06-30,0.0612648221343874,404.13234375,591786.4375
2018-03-31,EQIX,USD,1101239,2018-05-04,2018-05-04 13:47:34,2018,Q1,1215877000.0,622430000.0,593447000.0,0.4880814424,0,203157000.0,159776000.0,362933000.0,-3064000.0,362933000.0,985363000.0,4610000.0,126277000.0,306465000.0,313970000.0,0.258225133,225875000.0,0.1857712581,-146222000.0,79653000.0,0.0655107383,16759000.0,62894000.0,0.0517272718,0.79,0.79,79241000,79649000,https://www.sec.gov/Archives/edgar/data/1101239/000162828018005926/0001628280-18-005926-index.htm,https://www.sec.gov/Archives/edgar/data/1101239/000162828018005926/eqix-33118x10q.htm,15.344039070683106,0.7937052788329274,3.7973650004416895,-0.6161204427001173,25.8810590477152,90.11182342474224,3.770623793238349,90.11182342474224,141.7209272977373,33133831740.0,42213854740.0,131.7050582726492,27.250973363259607,110.1131969013682,-678.66600589898,4.640234589739643,4.640234589739643,34.71885292673519,134.45187355479823,140.28870960130538,-864.6482065462292,0.0018981807022359,-0.0014734788412974,1.5550383996977264,0.5568082985757445,28.920033761187376,2.36144647907098,1.7887263713898809,4.784351448468852,0.0056437481021626,2.973240690685916,0.1670868023656998,0.0,0.3430843296595996,1.1622494657817863,0.2876351802032607,1.1411710962100077,0.0349838018154796,40.11546053073887,0.0094216371415706,0.0048010082315757,-129.5596345326283,1697009000.0,298788000.0,-9857893000.0,18235464000.0,610890500.0,394178000.0,0.5,47.77795780329754,99.28036887682148,0.0,1.883713832444056,0.9065236261527616,0.0,0.0088080037520914,4.413485443141808,2018-05-02,4.94,amc,1585287341.0,2025-04-25,2018-03-31,0.054655870445344,420.7613114754098,753439.737704918
2017-12-31,EQIX,USD,1101239,2018-02-26,2018-02-26 15:46:47,2017,Q4,1200221000.0,619625000.0,580596000.0,0.483740911,0,187816000.0,153612000.0,341428000.0,8668000.0,341428000.0,961053000.0,3255000.0,126144000.0,279774000.0,301727000.0,0.2513928685,232043000.0,0.1933335611,-137890000.0,94153000.0,0.0784463861,28938000.0,65215000.0,0.0543358265,0.83,0.82,78543000,79128000,https://www.sec.gov/Archives/edgar/data/1101239/000162828018002212/0001628280-18-002212-index.htm,https://www.sec.gov/Archives/edgar/data/1101239/000162828018002212/eqix_20171231x10k.htm,15.281068968590452,0.8303095119870644,6.300739722190393,0.7919483594973454,18.343938988834143,87.21069987140802,0.6755025909374482,87.21069987140802,129.94872872184663,35597258460.0,44265160460.0,136.46116100590356,29.65891986559142,71.93123664572552,572.2847892350728,5.196839386316952,5.196839386316952,36.88084149502467,146.70599734196807,89.44643126905768,711.6356461207035,0.0018320231057479,0.0017473817560949,1.471639130542688,0.5391734984989884,28.727631269326245,1.8031467087831257,1.839508815322172,7.58842290883999,0.0044268296722084,2.4163612665797745,0.1564845141019862,0.0,0.3635383458908824,0.874308669391912,0.3604977749931054,1.546523265206917,0.0382412905623214,40.364181611068005,0.00909557002634,0.0054805634336874,-126.97815527163463,1001793000.0,53056000.0,-9597140000.0,17193129000.0,586777500.0,379486500.0,1.0,43.21551614244377,14.778228767399638,1.452491426265887e-07,2.0825853312349367,6.090039707501179,619625000.0,0.0095207298325934,5.508791362693047,2018-02-14,4.8,amc,1727117073.0,2025-04-25,2017-12-31,0.0041666666666667,462.6698412698413,384613.6984126984
2017-09-30,EQIX,USD,1101239,2017-11-03,2017-11-03 15:30:34,2017,Q3,1152261000.0,582360000.0,569901000.0,0.4945936728,0,185336000.0,157619000.0,342955000.0,-1076000.0,342955000.0,925315000.0,2291000.0,121828000.0,277719000.0,280883000.0,0.2437668202,224863000.0,0.1951493629,-142769000.0,82094000.0,0.0712460111,2194000.0,79900000.0,0.0693419286,1.02,1.02,78055000,78719000,https://www.sec.gov/Archives/edgar/data/1101239/000162828017010835/0001628280-17-010835-index.htm,https://www.sec.gov/Archives/edgar/data/1101239/000162828017010835/eqix-93017x10q.htm,14.762167702261229,1.023637178912305,5.003010697585037,0.9003395041957594,20.877073858176928,83.81547626673499,-0.2491576452501441,83.81547626673499,130.00394593555825,34835946500.0,43261588500.0,108.9985810387985,30.2326872991449,89.20628537041304,495.70189680687577,5.324792268431329,5.324792268431329,37.54495596049853,154.01996026815436,110.7822808634862,615.5954877909955,0.0022936078398214,0.0020173414837458,1.5324514610261322,0.5475944064438717,29.99698094936326,2.112880244573863,1.8457415372492367,4.887484355444306,0.0045797808307002,1.996758448060075,0.160845502885197,0.0,0.3583945398901144,0.820040459911398,0.2779179369951773,1.153086393080776,0.039621231648038,43.93659463004179,0.0126091403887435,0.0068018344692283,-124.1276984113766,1287184000.0,-19448000.0,-9322471000.0,16855020000.0,571488000.0,634911000.0,1.0,46.64896234446884,101.5705233875953,1.5454358128992376e-07,1.9293033644653257,0.8860838459654093,582360000.0,0.0122129852922946,4.102671193389277,2017-11-01,4.69,amc,1321755882.0,2025-04-25,2017-09-30,0.0597014925373132,447.9222222222222,462015.1428571429
2017-06-30,EQIX,USD,1101239,2017-08-04,2017-08-04 16:15:00,2017,Q2,1066421000.0,522203000.0,544218000.0,0.5103219085,0,191355000.0,141566000.0,332921000.0,1284000.0,332921000.0,855124000.0,4437000.0,119042000.0,252386000.0,266627000.0,0.2500203953,184895000.0,0.1733789938,-129765000.0,55130000.0,0.0516962813,9325000.0,45805000.0,0.0429520799,0.59,0.58,77923000,78508000,https://www.sec.gov/Archives/edgar/data/1101239/000162828017008103/0001628280-17-008103-index.htm,https://www.sec.gov/Archives/edgar/data/1101239/000162828017008103/eqix-63017x10q.htm,13.685574220705057,0.5878238774174506,3.9330236258870936,-0.5402641068747354,13.706081644700538,83.71935115434468,-1.0795272255944972,83.71935115434468,120.73663744979018,33441434680.000004,41666776680.0,182.5206564785504,31.35856728252726,109.11706636473689,-794.3522335447399,5.126174463641056,5.126174463641056,39.0716018157932,156.27365825666567,135.95578298903982,-989.7331689588826,0.0013697079816792,-0.0012588873773761,1.4239115355897447,0.5315985172660288,30.84962138118045,1.694671693687668,1.5531913106298618,6.690819779500055,0.0046735435095872,3.412072917803733,0.1794366390009199,0.0,0.3781507853668008,1.1373660975028794,0.3268615302961963,1.3811067174882918,0.0427832910267145,33.27574576526347,0.0092590638826894,0.0042153829220531,-121.56814418721044,758189000.0,-84120000.0,-9100650000.0,16112567000.0,487862000.0,564276000.0,1.0,46.05691373294412,105.57842448243306,1.7234676935980833e-07,1.954104014043472,0.8524468937777611,522203000.0,0.0070213620783293,4.473287732761829,2017-08-02,3.91,amc,1967324137.0,2025-04-25,2017-06-30,0.1739130434782607,423.9033333333333,496441.6349206349
2017-03-31,EQIX,USD,1101239,2017-05-05,2017-05-05 14:17:08,2017,Q1,949525000.0,468961000.0,480564000.0,0.5061098971,0,181399000.0,128927000.0,310326000.0,337000.0,310326000.0,779287000.0,3092000.0,111684000.0,219013000.0,212041000.0,0.223312709,167213000.0,0.1761017351,-111758000.0,55455000.0,0.0584028857,13393000.0,42062000.0,0.0442979384,0.58,0.57,72773000,73367000,https://www.sec.gov/Archives/edgar/data/1101239/000162828017005022/0001628280-17-005022-index.htm,https://www.sec.gov/Archives/edgar/data/1101239/000162828017005022/eqix-33117x10q.htm,13.04776496777651,0.5779890893600649,3.399213994201146,-0.4104681681392824,67.85485001305429,89.56397290203785,37.845176095529936,89.56397290203785,127.69918788561692,29136126010.0,33394236010.0,173.1736841448338,30.684948800716143,117.78311123777648,-975.3984135114324,4.470212598071232,4.470212598071232,35.169412084989865,157.4895232997392,134.99656794854693,-1117.9483783602825,0.0014436373588432,-0.001025222089915,1.408652315591103,0.5342762776435109,20.081540834083977,5.464358258469043,1.4971974499480678,5.881104084446769,0.0050824533072507,3.520588654842851,0.1910418367078276,0.0,0.2190166545977802,1.1207538474598882,0.2919796740475501,1.265870062507705,0.040360180090045,34.128543487602336,0.0077128797487608,0.0031340548718153,-74.29062288898355,4553949000.0,2754107000.0,-5092828000.0,15923510000.0,487523000.0,288085000.0,74197500.5,40.756272873278746,99.0195559971938,1.919136132855398e-07,2.2082490290471872,0.9089113669884624,468961000.0,0.0064533659085472,3.8096821623404287,2017-04-26,4.07,amc,1399263157.0,2025-04-25,2017-03-31,0.017199017199017,379.77096774193546,614791.4193548387
2016-12-31,EQIX,USD,1101239,2017-02-27,2017-02-27 14:59:07,2016,Q4,942647000.0,465921000.0,476726000.0,0.5057312016,0,178956000.0,113384000.0,292340000.0,-1707000.0,292340000.0,758261000.0,948000.0,98761000.0,212268000.0,265129000.0,0.2812601112,184455000.0,0.1956777033,-101297000.0,83158000.0,0.0882175406,19494000.0,61750000.0,0.0655070244,0.86,0.86,71389000,71959000,https://www.sec.gov/Archives/edgar/data/1101239/000162828017001774/0001628280-17-001774-index.htm,https://www.sec.gov/Archives/edgar/data/1101239/000162828017001774/equix_20161231x10k.htm,13.204373222765412,0.8649791984759557,4.192662735155276,-1.2188292313941924,10.532224852568325,61.155486139321184,9.252601941475575,61.155486139321184,96.06989872389305,25515142490.0,31526239490.0,103.3001720242915,27.06754754430873,85.24654201329726,-293.2404235096712,5.844283523243811,5.844283523243811,33.4443747129095,118.9090574399632,105.32972333032642,-362.324757674317,0.0024201314973726,-0.0034101710399658,1.54829082861468,0.5361178696280432,22.672348177679545,1.426589999951395,1.8676906876196069,4.847125506072874,0.0049112796469434,2.029344129554656,0.1898441304114902,0.0,0.2938757909328651,1.290705288830978,0.4098257354025419,1.8199681534663728,0.0422607826683795,34.49942066356974,0.0119171693054047,0.0069358051082569,-98.16172659653448,438831000.0,660534000.0,-6775016000.0,11343336000.0,461292000.0,297406500.0,135311500.0,52.03967126612613,11.630705634646215,28.66483803048156,1.7294498180003524,7.738137549617179,3.1397351662791877,0.0141439346341782,5.411491966549469,2017-02-15,4.0,amc,811074418.0,2025-04-25,2016-12-31,0.02,349.4514285714285,622651.2063492064
2016-09-30,EQIX,USD,1101239,2016-11-04,2016-11-04 14:58:50,2016,Q3,924676000.0,470302000.0,454374000.0,0.4913872535,0,181239000.0,110936000.0,292175000.0,2938000.0,292175000.0,762477000.0,762000.0,92200000.0,215370000.0,218573000.0,0.2363779313,169941000.0,0.1837843742,-98394000.0,71547000.0,0.0773752103,22778000.0,51450000.0,0.055641111,0.73,0.72,71190000,71908000,https://www.sec.gov/Archives/edgar/data/1101239/000162828016020845/0001628280-16-020845-index.htm,https://www.sec.gov/Archives/edgar/data/1101239/000162828016020845/eqix-93016x10q.htm,12.988846748138783,0.7227138643067846,4.694086248068549,0.7682961090040736,13.88338249754179,64.9488692232055,9.857620452310718,64.9488692232055,98.57437842393594,25646197500.0,31583592500.0,124.6170918367347,27.7353337817787,76.74550081993704,468.89473443642015,5.546670855222321,5.546670855222321,34.15638829168271,144.49905752311585,94.51298283518668,577.4493555169577,0.0020061453554664,0.0021326748341542,1.497782084083993,0.5287482238099823,27.16435698828309,1.1102712952821874,1.843177874186551,6.49508260447036,0.0049698205747655,2.477298347910593,0.1960027079755503,0.0,0.2994410331636655,0.8363268017667549,0.3022431640920712,1.2976598412035103,0.0457955002617132,32.49827050505648,0.0094137215961857,0.005607256018155,-100.31224891136397,164918000.0,701764000.0,-6813363000.0,11338263000.0,362261000.0,516407000.0,575152500.0,36.745324848920056,102.30485943074876,23.390332169542123,2.4492911784026616,0.8797236074687338,3.84774356121347,0.0111274279745053,3.925790139064475,2016-11-02,3.91,amc,886170833.0,2025-04-25,2016-09-30,0.010230179028133,370.7571875,529249.34375
2016-06-30,EQIX,USD,1101239,2016-08-08,2016-08-08 14:22:31,2016,Q2,900510000.0,456967000.0,443543000.0,0.4925464459,0,168462000.0,107832000.0,276294000.0,1555000.0,276294000.0,733261000.0,841000.0,100332000.0,213719000.0,365497000.0,0.4058777804,151655000.0,0.1684101232,-98541000.0,53114000.0,0.0589821323,13812000.0,44711000.0,0.0496507535,0.64,0.64,69729000,70364000,https://www.sec.gov/Archives/edgar/data/1101239/000162828016018674/0001628280-16-018674-index.htm,https://www.sec.gov/Archives/edgar/data/1101239/000162828016018674/eqix-63016x10q.htm,12.914425848642605,0.6412109739132928,3.998737971288847,0.4153365170875819,6.976838904903269,67.48218101507264,10.41622567367953,67.48218101507264,101.8451003169413,27036025170.0,33554090170.0,151.1709935474492,30.023014924875906,96.9630925516806,933.5321698145782,5.745664917282352,5.745664917282352,37.26120772673263,91.80400980035404,120.33974410747844,1158.5957035323363,0.0016537564127441,0.001071200363881,1.487892269945691,0.5276359376277645,17.833429549353347,1.3434140349370007,1.5115317147071723,6.236228221243095,0.0045072453969756,2.725459059291897,0.1870739914048705,0.0,0.2998823200916117,0.8961330999756122,0.2774727654329213,1.169137980245088,0.0436674773184084,31.20227696395772,0.0091136251052034,0.004812864905979,-104.73128827317186,535650000.0,726313000.0,-6468151000.0,11473596000.0,336717000.0,486777500.0,993700500.0,34.67974814271913,98.12323428168774,202.4805511120059,2.595174556332386,0.9172139571106276,0.4444871347185084,0.0095019302024348,3.583401454201265,2016-08-03,3.71,amc,886429687.0,2025-04-25,2016-06-30,0.1132075471698113,348.9784375,632877.90625
2016-03-31,EQIX,USD,1101239,2016-05-09,2016-05-09 12:50:27,2016,Q1,844156000.0,427680000.0,416476000.0,0.4933637858,0,165904000.0,106590000.0,272494000.0,-60710000.0,272494000.0,700174000.0,925000.0,100863000.0,202153000.0,253437000.0,0.3002253138,112688000.0,0.1334919138,-160648000.0,-47960000.0,-0.0568141434,-10633000.0,-31111000.0,-0.0368545624,-0.46,-0.46,67867272,68132000,https://www.sec.gov/Archives/edgar/data/1101239/000162828016015911/0001628280-16-015911-index.htm,https://www.sec.gov/Archives/edgar/data/1101239/000162828016015911/eqix-33116x10q.htm,12.438336994007951,-0.458409467231864,1.5363811882699514,-1.3766576620318554,9.520214691994692,71.00779002874906,9.055926102348714,71.00779002874906,107.30730417453644,22444385523.12,28992418523.12,-180.3573135154768,26.5879594803804,215.2525704720437,-240.22675289650005,4.657376322599321,4.657376322599321,34.34485867910671,114.39694489407624,278.0513908422365,-310.31166138413784,-0.0013861373022644,-0.004162733700317,1.4902748539407211,0.5321486962459159,25.83692594214736,1.372198367922946,1.1172382340402327,-3.351547684098872,0.0055620146014425,-4.012600045000161,0.1965323944863271,0.0,0.3115408568643585,1.8960391291838496,0.2341984183018304,0.9779721300203312,0.0403491771663057,,0.0069610499922998,-0.0033483900207623,-107.65317044126954,588146000.0,614601000.0,-6508389000.0,11680882000.0,309202000.0,262617500.0,735999000.0,34.80351972858097,100.0300925925926,201.87794612794613,2.5859453498345792,0.89972924814292,0.4458139273071455,-0.0064557630514379,2.9130388503018065,2016-05-04,3.52,amc,642326086.0,2025-04-25,2016-03-31,-0.1534090909090909,304.15114754098363,1120891.8196721312
2015-12-31,EQIX,USD,1101239,2016-02-26,2016-02-26 15:12:37,2015,Q4,730462000.0,351968000.0,378494000.0,0.518157002,0,136829000.0,88439000.0,225268000.0,-48617000.0,225268000.0,577236000.0,1206000.0,79499000.0,144861000.0,232342000.0,0.3180754098,135877000.0,0.1860151521,-127199000.0,8678000.0,0.0118801526,-2053000.0,10731000.0,0.0146907026,0.18,0.18,60393000,60943000,https://www.sec.gov/Archives/edgar/data/1101239/000162828016011802/0001628280-16-011802-index.htm,https://www.sec.gov/Archives/edgar/data/1101239/000162828016011802/equix_20151231x10k.htm,12.095143476893018,0.177686155680294,3.893133310151839,-0.7532992234199328,37.11875548490719,45.4586789859752,24.13559518487241,45.4586789859752,109.0059775139503,18262843200.0,22537704200.0,425.4692759295498,25.001770386412986,77.67522350479334,-401.4341055963424,6.652195064737708,6.652195064737708,30.854040593487408,97.00228198087302,95.85699180836856,-495.39948564645886,0.0005875864936517,-0.0024910688605156,2.368956132216016,0.627970506034985,18.39900233276807,1.967743610363485,1.7091661530333715,21.910166806448608,0.0126186266550216,21.475351784549435,0.1873184368249135,0.0,0.124341307724134,1.193494330506384,0.3841568760592611,1.9371121281780463,0.0463651771070911,13.481135078499744,0.0173993252787409,0.0011832707937981,-81.04061729008329,1602926000.0,1457621000.0,-4352029000.0,8497127000.0,292544500.0,195129000.0,503049500.0,35.97279529941325,12.757637057914357,131.09333803073008,2.5018906440520063,7.0545979315321095,0.6865337426902867,0.0039087399731768,4.646432533571772,2016-02-18,3.57,amc,4626500000.0,2025-04-25,2015-12-31,-0.2016806722689075,292.07546875,771112.875
2015-09-30,EQIX,USD,1101239,2015-10-30,2015-10-30 13:09:50,2015,Q3,686649000.0,325468000.0,361181000.0,0.5260052807,0,123237000.0,83709000.0,206946000.0,-12836000.0,206946000.0,532414000.0,934000.0,76269000.0,133268000.0,261384000.0,0.3806661045,140883000.0,0.2051746962,-88171000.0,52712000.0,0.0767670236,11580000.0,41132000.0,0.0599025121,0.72,0.71,57082000,57708000,https://www.sec.gov/Archives/edgar/data/1101239/000119312515359693/0001193125-15-359693-index.htm,https://www.sec.gov/Archives/edgar/data/1101239/000119312515359693/d45347d10q.htm,12.029168564521216,0.7205774149469185,3.7560351774639993,-0.028800672716443,5.876966469289794,26.07920184997021,6.686328439788374,26.07920184997021,82.55984373357626,15606218799.999998,19907161800.0,94.85448555868908,22.728087858571115,72.78952062014346,-9492.833819951336,10.48344966892889,10.48344966892889,28.99175823455652,76.16059820034891,92.84970196173543,-12108.979197080293,0.0026356160020004,-0.0001053426214939,3.1145014990061486,0.6016886794730008,16.454499892877912,0.8483103091699143,1.8471856193210872,5.212535252358261,0.0062821751544326,2.383569969853156,0.1794759768091121,0.0,0.1436584456165112,1.0076678389194131,0.314638192147662,1.62113935828556,0.049470690265332,20.562633262569623,0.0169784014133373,0.0062333659964217,-94.86331505553414,-222091000.0,381669000.0,-4974990000.0,6103488000.0,293490000.0,327960000.0,508214000.0,38.42028459955523,94.1196676785429,136.44428945395555,2.342512579957356,0.956229470628676,0.6596098697877084,0.0276303477035951,3.784835850180442,2015-10-28,3.07,amc,1063746478.0,2025-04-25,2015-09-30,0.1563517915309446,274.11453125,802233.296875
2015-06-30,EQIX,USD,1101239,2015-07-31,2015-07-31 13:46:35,2015,Q2,665582000.0,315757000.0,349825000.0,0.5255926392,0,119578000.0,81248000.0,200826000.0,1386000.0,200826000.0,516583000.0,921000.0,74496000.0,128270000.0,268816000.0,0.4038811146,139133000.0,0.2090396074,-72189000.0,66944000.0,0.1005796431,7485000.0,59459000.0,0.0893338462,1.04,1.03,56935000,57499000,https://www.sec.gov/Archives/edgar/data/1101239/000119312515272652/0001193125-15-272652-index.htm,https://www.sec.gov/Archives/edgar/data/1101239/000119312515272652/d944848d10q.htm,11.690208132080445,1.0443312549398436,3.73167647317116,-0.1559497672784754,7.579344866953544,38.68604549047159,18.678633529463426,38.68604549047159,84.03488188284886,14461490000.0,18835387000.0,60.804461898114674,21.727585782067425,68.06592206643039,-1628.729586665165,6.565674955393423,6.565674955393423,28.299123173403128,70.06795354443187,88.65255126775016,-2121.341029395202,0.0041115403737789,-0.0006139754617262,2.1384052411025203,0.6018424695675374,16.27096973394441,1.6265940430361048,1.8676573238831613,3.5732689752602638,0.0066624531773696,1.6204275214853934,0.1796593056903582,0.0,0.1455557602857545,1.0417908059285617,0.3325540654645108,1.7255944492087003,0.0510725951122476,30.150017326757737,0.0170593039542348,0.0088918685141805,-82.726007728111,512386000.0,1063468000.0,-4293310000.0,6836308000.0,285877500.0,318748000.0,261501500.5,39.735073965341606,89.94213904996565,149.07118448680473,2.265001446291538,1.0006433130304164,0.6037384106783327,0.0269950376602091,3.8876262404496353,2015-07-29,1.1,amc,738816000.0,2025-04-25,2015-06-30,2.4090909090909087,255.0057142857143,726797.8888888889
2015-03-31,EQIX,USD,1101239,2015-05-01,2015-05-01 16:03:04,2015,Q1,643174000.0,298313000.0,344861000.0,0.5361861642,0,113640000.0,78616000.0,192256000.0,-514000.0,192256000.0,490569000.0,520000.0,68791000.0,122530000.0,273091000.0,0.4245989421,151449000.0,0.2354712722,-68785000.0,82664000.0,0.1285250959,6212000.0,76452000.0,0.1188667452,1.35,1.34,56661000,57227000,https://www.sec.gov/Archives/edgar/data/1101239/000119312515166246/0001193125-15-166246-index.htm,https://www.sec.gov/Archives/edgar/data/1101239/000119312515166246/d899468d10q.htm,11.351264538218528,1.349287869963467,4.108840295794285,1.459398881064577,18.69102204338081,38.15197402093151,18.377420094950672,38.15197402093151,83.57496337869081,13193513850.0,17323454850.0,43.14312853162769,20.513133071299524,56.67049172934269,159.55199296174916,6.103222860034722,6.103222860034722,26.934320805878347,63.4347336602085,74.40994991645584,209.4962553361309,0.0057946655355957,0.006267549414063,2.1587581052019007,0.603886489294219,15.122948028312909,2.1603259523827387,2.20158160224448,3.045191754303353,0.0073232196591812,1.2637864280855962,0.1766862466455422,0.0,0.144990989550052,0.6448148927670944,0.2334049572899402,1.225169346282543,0.047596762306934,34.03314420731788,0.019617096705808,0.0115709293793724,-75.86325690510228,773189000.0,1041283000.0,-4126421000.0,6884518000.0,270235000.0,176081500.0,1.0,38.886833112035,97.12878754864856,3.0169654021112053e-07,2.3144080604534003,0.9266047921675332,298313000.0,0.0353661351631032,2.6494414147297083,2015-04-29,0.85,amc,400763076.0,2025-04-25,2015-03-31,2.3529411764705883,226.41934426229508,861207.8196721311
2014-12-31,EQIX,USD,1101239,2015-03-02,2015-03-02 15:11:34,2014,Q4,638121000.0,313449000.0,324672000.0,0.5087937868,0,113684000.0,81236000.0,194920000.0,-3051000.0,194920000.0,508369000.0,357000.0,71103000.0,133096000.0,151289000.0,0.2370851296,127826000.0,0.200316241,-179604000.0,-51778000.0,-0.0811413509,303325000.0,-355103000.0,-0.5564822346,-6.51,-6.42,54524873,55295000,https://www.sec.gov/Archives/edgar/data/1101239/000119312515073042/0001193125-15-073042-index.htm,https://www.sec.gov/Archives/edgar/data/1101239/000119312515073042/d854432d10k.htm,11.703300987055943,-6.5126790850113485,3.710178288723387,-0.6635503763575937,20.91361129809509,41.63477831484358,20.549795686823515,41.63477831484358,87.12559495553525,12362424455.29,16430916455.29,-8.70340750098563,19.373166617757445,61.11027081612678,-341.6922182224986,5.445687696124144,5.445687696124144,25.74890413462337,108.60615415059918,81.2217504722759,-454.1436278410724,-0.028724381797783,-0.0029266104016124,2.061294700614193,0.5985863901871624,26.89218647753637,2.3160027774455267,1.7977581817926107,-0.5696854152175566,0.006735410218371,-0.2344840792671422,0.1781542998898328,0.0,0.1470631088235741,1.1788459542158312,0.3737175237925095,1.7917668449840716,0.0493903193908365,,0.1208427346243693,-0.0532565801165815,-77.21361404179703,847186000.0,1120475000.0,-4056359000.0,6995112000.0,268917000.0,36262500.0,1.0,37.03263174225578,8.67729678512294,2.871280495391595e-07,2.430289065772937,10.371893716289996,313449000.0,-0.1564240125349594,4.37372866508098,2015-02-19,0.98,amc,1181666666.0,2025-04-25,2014-12-31,-0.4285714285714285,216.21703125,682429.0625
2014-09-30,EQIX,USD,1101239,2014-11-07,2014-11-07 13:56:46,2014,Q3,620441000.0,304052000.0,316389000.0,0.5099421218,0,109354000.0,72185000.0,181539000.0,1811000.0,181539000.0,485591000.0,356000.0,63756000.0,121349000.0,257450000.0,0.4149467878,135131000.0,0.217798308,-61589000.0,73542000.0,0.1185318185,30581000.0,42841000.0,0.069049273,0.81,0.79,53137000,55238000,https://www.sec.gov/Archives/edgar/data/1101239/000119312514402944/0001193125-14-402944-index.htm,https://www.sec.gov/Archives/edgar/data/1101239/000119312514402944/d784374d10q.htm,11.676251952500142,0.8062367088845813,4.073263451079286,1.1373995521011724,9.128102828537552,48.88646329299735,26.64151156444662,48.88646329299735,76.1693546869413,11290549760.0,14920023760.0,65.88635746131042,18.19762033779199,52.164561058209856,186.81210099606207,4.34639746235102,4.34639746235102,24.04744973333484,57.95309287240241,68.93344495728628,246.8649485423078,0.0037944122217836,0.0053529722896327,1.533543392565674,0.5338588850174216,14.09778209361041,1.2836141873690512,2.11950247819813,5.038081050254882,0.0,0.0,0.1762520529752224,0.0,0.1584065934065934,0.7207645501545455,0.2514388958821225,1.2855730166709245,0.0445844165682151,29.779462363732225,0.0114876133091312,0.0068218478750694,-78.52968740237499,189511000.0,1415650000.0,-4006609000.0,6354917000.0,256547500.0,31661500.0,-924999.5,39.92927611166896,12.522068593530054,2.960019996579532e-07,2.2539852650546384,7.187310892586989,304052000.0,0.0164920236518739,2.935863898978113,2014-10-29,0.88,amc,692914285.0,2025-04-25,2014-09-30,3.1363636363636367,214.709375,558140.015625
2014-06-30,EQIX,USD,1101239,2014-08-08,2014-08-08 16:59:43,2014,Q2,605161000.0,292859000.0,312302000.0,0.5160643201,0,111675000.0,75254000.0,186929000.0,681000.0,186929000.0,479788000.0,744000.0,66874000.0,116074000.0,242872000.0,0.4013345209,124697000.0,0.2060559091,-116632000.0,8065000.0,0.013327032,-2014000.0,11328000.0,0.0187189855,0.22,0.22,51332000,51652000,https://www.sec.gov/Archives/edgar/data/1101239/000119312514303273/0001193125-14-303273-index.htm,https://www.sec.gov/Archives/edgar/data/1101239/000119312514303273/d737144d10q.htm,11.789156861217174,0.2206810566508221,1.9279202057196287,-1.1854593625808465,13.721440816644588,56.69397257071612,32.76166913426323,52.2687407465129,77.98349957141744,10784339880.0,14312180880.0,238.00185116525424,17.82061282865221,108.97235237055898,-177.22243936107276,4.019419580411761,4.019419580411761,23.650203631760803,58.92890444349287,144.62007275372864,-235.19655689213167,0.0010504119979571,-0.0056426263152974,1.4670475006326733,0.517793969520708,14.525515497875425,0.563712468229922,1.8646559200885249,9.818831233257267,0.0,0.0,0.1845376684882204,0.0,0.161605179393295,1.6148902631259852,0.2640883996159699,1.3768458052621604,0.0559024788444727,16.10997272186821,0.0259585529284495,0.00177740846064,-74.21890341307567,-729204000.0,1681722000.0,-3749422000.0,5421669000.0,225695500.0,27691000.0,-925000.0,35.370405561495204,6.459456598567911,-0.5685329800347607,2.54450008619566,13.933060564251392,-158.30216216216218,0.0042220465520884,3.1133795683004752,2014-07-30,0.81,amc,568297560.0,2025-04-25,2014-06-30,0.0617283950617283,192.6852380952381,872452.7142857143
2014-03-31,EQIX,USD,1101239,2014-05-02,2014-05-02 14:42:26,2014,Q1,580053000.0,287525000.0,292528000.0,0.504312537,0,103303000.0,67428000.0,170731000.0,678000.0,170731000.0,458256000.0,1434000.0,68820000.0,113610000.0,237652000.0,0.4097073888,121612000.0,0.2096567038,-66708000.0,54904000.0,0.0946534196,13567000.0,41387000.0,0.0713503766,0.83,0.81,49598000,53386000,https://www.sec.gov/Archives/edgar/data/1101239/000119312514179863/0001193125-14-179863-index.htm,https://www.sec.gov/Archives/edgar/data/1101239/000119312514179863/d698920d10q.htm,11.695088511633534,0.8344489697165208,3.4621960562925924,1.3268881809750392,16.483487237388605,53.30789547965644,28.61956127263196,50.74813500544377,87.66867615629663,9167694320.0,12951891320.0,55.37786213062073,15.804925274069785,53.38807999161416,139.30337360015804,3.642301337382588,3.642301337382588,22.328806712490067,54.499399626344406,75.42535622357586,196.8043536794761,0.0045144393514202,0.0071785770448768,1.7001830746529805,0.553562738613494,15.923270159729352,1.8247619111627875,1.7671025864574252,4.154099233132545,0.0,0.0,0.1780923467338329,0.0,0.1583955083423041,0.6167495545021489,0.1825815916821394,0.932197869905818,0.0430667542448707,30.867481300429542,0.0127036968941351,0.0063612551040514,-82.84436872454535,490862000.0,1419473000.0,-4000615000.0,6481651000.0,199200000.0,32327000.0,0.5,33.135592782038884,10.756177723676204,0.0,2.71611256789661,8.367284579344062,0.0,0.0164429484872105,2.135307875317553,2014-04-30,0.68,amc,512296103.0,2025-04-25,2014-03-31,0.1323529411764705,184.4754098360656,888760.5737704918
2013-12-31,EQIX,USD,1101239,2014-02-28,2014-02-28 14:47:08,2013,Q4,564677000.0,269743000.0,294934000.0,0.5223056721,0,98466000.0,67250000.0,165716000.0,1959000.0,165716000.0,435459000.0,794000.0,65503000.0,106682000.0,219218000.0,0.3882183974,124989000.0,0.2213460084,-81878000.0,47340000.0,0.0838355378,1967000.0,45187000.0,0.0800227387,0.91,0.88,49765000,53499000,https://www.sec.gov/Archives/edgar/data/1101239/000119312514076710/0001193125-14-076710-index.htm,https://www.sec.gov/Archives/edgar/data/1101239/000119312514076710/d649985d10k.htm,11.346870290364716,0.9080076358886768,3.349864362503768,-0.7261127298302019,12.693700391841656,51.90326534713152,27.26074550386818,49.413523560735456,84.88212599216317,8830799250.0,12727561250.0,48.85696798858078,15.638673524864656,52.97229403860689,-244.3835408883354,3.591122170874772,3.591122170874772,22.53954251722666,58.05892422155115,76.34734952551197,-352.2225335547253,0.0051169773789161,-0.0040919285986486,1.6911540325912624,0.5550529546168302,17.77573921849483,1.6260814193491722,1.9081416118345724,3.674123377338946,0.0,0.0,0.1743757935952765,0.0,0.1636780885699684,1.2167588449126006,0.3592159765671348,1.9013610543484376,0.048930627597724,31.77305109616542,0.017073231908445,0.0072114310446305,-83.17212899628252,342156000.0,1356631000.0,-4020733000.0,6160141000.0,192660000.0,29387000.0,1.0,29.46038177577624,10.106620004967692,3.3365091957900665e-07,3.0549502272235447,8.905054306559704,269743000.0,0.0183756909132905,4.07597709233397,2014-02-19,0.74,amc,503467469.0,2025-04-25,2013-12-31,0.1216216216216215,166.23859375,1055575.03125
2013-09-30,EQIX,USD,1101239,2013-11-12,2013-11-12 14:18:32,2013,Q3,540523000.0,273012000.0,267511000.0,0.4949114099,0,96874000.0,61619000.0,158493000.0,985000.0,158493000.0,431505000.0,929000.0,61957000.0,108940000.0,226943000.0,0.4198581744,108580000.0,0.2008795185,-60043000.0,48537000.0,0.0897963639,11680000.0,36576000.0,0.0676677958,0.86,0.83,49555000,53581000,https://www.sec.gov/Archives/edgar/data/1101239/000119312513437940/0001193125-13-437940-index.htm,https://www.sec.gov/Archives/edgar/data/1101239/000119312513437940/d586403d10q.htm,10.907537080012109,0.7380889920290586,4.16833821006962,0.7169205932801938,15.04954091413581,51.84251841388356,27.253193421450916,49.8031883765513,82.90854605993341,9100775750.0,12747609750.0,62.20455865868329,16.836981497549594,44.0583251033588,256.16505052495285,3.687514915941956,3.687514915941956,23.58384333321616,56.17097575162045,61.713237429924185,358.81469727249697,0.004018998050798,0.0039037331515393,1.639619497106358,0.5479668867114466,16.06938306094482,1.7611902121449432,1.7525057701308973,5.604417071383998,0.0,0.0,0.1792227157771269,0.0,0.1650063665338742,0.8280080556927218,0.3164250179918338,1.5699926565081697,0.0504696377397446,28.759027538241742,0.0119997343663665,0.0059317065576203,-79.09419835536274,434479000.0,1350532000.0,-3810385000.0,6034023000.0,200908000.0,31353000.0,0.5,33.38100321355428,9.389587270889193,3.296558393037669e-07,2.696144253790902,9.585085840676896,273012000.0,0.0148201152594593,3.451417616789426,2013-10-23,0.55,amc,439272058.0,2025-04-25,2013-09-30,0.2363636363636363,181.15609375,953912.265625
2013-06-30,EQIX,USD,1101239,2013-07-26,2013-07-26 16:16:38,2013,Q2,525669000.0,267693000.0,257976000.0,0.4907574919,0,88632000.0,59478000.0,148110000.0,2768000.0,148110000.0,415803000.0,917000.0,61001000.0,110117000.0,223668000.0,0.4254920872,112177000.0,0.2133985455,-147132000.0,-38741000.0,-0.073698468,-10612000.0,-28658000.0,-0.0545171962,-0.58,-0.58,49379000,49379000,https://www.sec.gov/Archives/edgar/data/1101239/000119312513304769/0001193125-13-304769-index.htm,https://www.sec.gov/Archives/edgar/data/1101239/000119312513304769/d543601d10q.htm,10.645598331274428,-0.5803681727049961,2.9801940095992223,0.4920310253346564,17.030640555701815,48.77557261183904,24.53769821179044,46.818991879138906,81.0603697928269,9254612180.0,12678795180.0,-80.73323487333379,17.605398416113562,62.888523162022025,380.9109392492591,4.00307636874831,4.00307636874831,24.11935111258225,56.68578062127797,86.15711699590238,521.8470192624301,-0.0030966181448351,0.0026252855903033,1.7049706407137064,0.5569035168735587,15.309221703596402,1.8066596986181864,1.8389370666054656,-5.231575953642149,0.0,0.0,0.1686080023741175,0.0,0.1690968541431161,0.8348996663472842,0.2337269270206156,1.1157496117765648,0.0460251603195166,,0.012348404705209,-0.0048729749854064,-74.47299459284311,490074000.0,1211647000.0,-3571751000.0,5790260000.0,193249500.0,31517500.0,421739000.0,34.4708171872414,11.505978863847767,0.0,2.6109041602097984,7.822020278759898,0.0,-0.0123959989186266,2.488162984264566,2013-07-24,0.59,amc,753963829.0,2025-04-25,2013-06-30,0.0,207.8671875,1111013.3125
2013-03-31,EQIX,USD,1101239,2013-04-26,2013-04-26 17:11:35,2013,Q1,519455000.0,259268000.0,260187000.0,0.500884581,0,89685000.0,58276000.0,147961000.0,-459000.0,147961000.0,407229000.0,747000.0,60331000.0,108531000.0,212215000.0,0.4085339442,108564000.0,0.2089959669,-56266000.0,48521000.0,0.0934075136,12198000.0,35882000.0,0.0690762434,0.67,0.65,49029000,53480000,https://www.sec.gov/Archives/edgar/data/1101239/000119312513178095/0001193125-13-178095-index.htm,https://www.sec.gov/Archives/edgar/data/1101239/000119312513178095/d507582d10q.htm,10.59485202635175,0.731852577046238,1.716963429806849,0.1736523282139142,18.7298945522038,49.749168859246566,25.055375390075262,47.77297109873748,93.49752187480878,10537802970.0,14376542970.0,73.4198412156513,20.286267280130136,125.18030161200272,1237.7029563072583,4.498987503954512,4.498987503954512,27.67620481081133,67.74517809768395,170.78132797187013,1688.576811134602,0.0034050741034115,0.0008079483004416,1.931364181873839,0.5943425142947384,18.088919256414485,1.5867314166740498,1.799472907792014,2.317567381548881,0.0,0.0,0.1726521065347335,0.0,0.1590663017563073,0.8988607880638149,0.1456661308486779,0.6971925072099215,0.0437054220288571,28.047502032529486,0.0113493656993516,0.0056059887620876,-75.32880030186216,741713000.0,1228440000.0,-3166358000.0,5841049000.0,174501500.0,28235500.0,421739000.0,32.081065732354105,10.001542805128285,292.79749139886144,2.805393086091714,8.998611689573789,0.3073796826947472,0.0153193858412875,1.5433111015929348,2013-04-24,0.73,amc,562317910.0,2025-04-25,2013-03-31,-0.0821917808219177,215.9233333333333,742630.2
2012-12-31,EQIX,USD,1101239,2013-02-26,2013-02-26 14:58:33,2012,Q4,506520000.0,250121000.0,256399000.0,0.5061971887,0,86867000.0,55690000.0,142557000.0,-717000.0,142557000.0,392678000.0,758000.0,50516000.0,103457000.0,205492000.0,0.4056937535,102042000.0,0.2014570007,-49553000.0,51567000.0,0.101806444,17294000.0,44858000.0,0.0885611624,0.92,0.88,48673000,52917000,https://www.sec.gov/Archives/edgar/data/1101239/000119312513076572/0001193125-13-076572-index.htm,https://www.sec.gov/Archives/edgar/data/1101239/000119312513076572/d450454d10k.htm,10.40659092309905,0.9216197892055144,4.295995726583527,-0.0268937604010437,8.602407905820476,49.70827768988967,24.14737123251084,47.97881782507755,62.8944794855464,10036372600.0,12794906600.0,55.93412880645592,19.814365869067363,47.99818554847225,-7667.205958747135,4.297729901386262,4.297729901386262,25.260417357656163,62.26474315301813,61.19066375257653,-9774.56577540107,0.004469543109629,-0.0001304256081524,1.2892484090725154,0.4909122244969969,13.424045704942284,1.1862860173302254,2.019993665373347,4.532722030738549,0.0046652313406538,1.0437826028801998,0.1714976703782673,0.0,0.2028588460652956,1.0062601925403756,0.4153991945036721,2.0337724851870824,0.0432835820895522,31.542196013138486,0.0119801682261334,0.0091755955096078,-65.16812195673165,100462000.0,1175325000.0,-3073762000.0,5263587000.0,172906500.0,27023000.0,34495500.0,29.11158493248045,9.95242302725481,0.0,3.091552734375,9.043023970497847,0.0,0.0192088890677877,4.322889486984571,2013-02-13,0.59,amc,324564130.0,2025-04-25,2012-12-31,0.5593220338983053,189.84806451612903,894108.0322580645
2012-09-30,EQIX,USD,1101239,2012-11-06,2012-11-05 21:34:31,2012,Q3,488730000.0,251487000.0,237243000.0,0.4854275367,0,83621000.0,53211000.0,136832000.0,4542000.0,136832000.0,388319000.0,1054000.0,50207000.0,107623000.0,195935000.0,0.400906431,95869000.0,0.1961594336,-50827000.0,42019000.0,0.0859758967,13498000.0,28838000.0,0.0590059951,0.56,0.54,48361000,52655000,https://www.sec.gov/Archives/edgar/data/1101239/000119312512452681/0001193125-12-452681-index.htm,https://www.sec.gov/Archives/edgar/data/1101239/000119312512452681/d405876d10q.htm,10.10587043278675,0.5963069415438059,2.1122805566468847,-2.2738570335601,8.3636401232398,47.80380885424206,22.08200822977192,46.18698951634582,62.17274249912119,9828406030.0,12545248030.0,85.2036031451557,20.110093569046303,96.21354481556897,-89.37677127475766,4.400156886780331,4.400156886780331,25.669077056861664,64.02760114323628,122.80961733495184,-114.08297137296982,0.0029341482140619,-0.0111885894482118,1.3236318687492976,0.4934975471417817,13.866037206216347,1.1840564021428372,1.909474774433844,3.4983561643835617,0.0,0.0,0.1710985615779673,0.0,0.2076344899073105,2.076493852298535,0.4340187833773249,1.9709355806844264,0.0462054713236347,24.89350327487435,0.0119559242779172,0.0060749461032332,-64.17734848328199,112727000.0,1067908000.0,-2953944000.0,5147722000.0,175892500.0,26952000.0,34495500.0,33.510465901417966,9.443152131124076,24.689904448341267,2.685728102520704,9.530715882821086,3.6452145932078097,0.0129107124709388,4.386137590206985,2012-11-01,0.55,amc,484800000.0,2025-04-25,2012-09-30,0.0,185.0863492063492,943993.2857142856
2012-06-30,EQIX,USD,1101239,2012-07-27,2012-07-26 19:42:22,2012,Q2,466264000.0,233192000.0,233072000.0,0.4998713175,0,80723000.0,47764000.0,128487000.0,1919000.0,128487000.0,361679000.0,963000.0,46787000.0,96944000.0,196777000.0,0.4220291509,102666000.0,0.2201885627,-47668000.0,54998000.0,0.1179546351,17358000.0,36447000.0,0.0781681622,0.76,0.73,48016000,52351000,https://www.sec.gov/Archives/edgar/data/1101239/000119312512317379/0001193125-12-317379-index.htm,https://www.sec.gov/Archives/edgar/data/1101239/000119312512317379/d369814d10q.htm,9.710596467844052,0.7590594801732756,4.05660613128957,-0.0354465178273908,16.027178440519826,44.64084888370543,23.78559230256581,43.0610838053982,61.23500499833389,8434010400.0,10673387400.0,57.85119762943451,18.08848720896316,43.29974227598033,-4955.352761457109,4.079089156088084,4.079089156088084,22.891296347133817,54.24103121807935,54.79657976609748,-6271.085428907168,0.0043214317117749,-0.0002018019802299,1.399421363973378,0.5054376762541469,11.38027818291772,2.055529879326247,2.194327484130207,5.174867162592986,0.0,0.0,0.1731272412195666,0.0,0.1749241181353464,1.0087379737347393,0.4214007515055848,2.0267783462617595,0.0440715989224988,27.11887327126676,0.0132091550661016,0.0077164238069045,-55.9041361212929,518433000.0,1142089000.0,-2571621000.0,5045658000.0,164186500.0,26970000.0,0.0,32.777739649640544,10.62013276613263,0.0,2.745765905825265,8.47447032743395,0.0,0.0176275052342764,4.092052649116961,2012-07-25,0.57,amc,374382608.0,2025-04-25,2012-06-30,0.2105263157894737,161.13507936507938,1206437.5714285714
2012-03-31,EQIX,USD,1101239,2012-04-27,2012-04-27 15:30:07,2012,Q1,452200000.0,225079000.0,227121000.0,0.5022578505,0,78425000.0,46571000.0,124996000.0,1027000.0,124996000.0,350075000.0,691000.0,52818000.0,93922000.0,194087000.0,0.4292061035,101098000.0,0.2235692172,-52281000.0,48817000.0,0.1079544449,14006000.0,34523000.0,0.0763445378,0.74,0.71,46955000,51061000,https://www.sec.gov/Archives/edgar/data/1101239/000119312512190764/0001193125-12-190764-index.htm,https://www.sec.gov/Archives/edgar/data/1101239/000119312512190764/d319158d10q.htm,9.630497284634224,0.7352358641252262,2.683271217122777,-0.4152273453306357,19.526227238845703,45.35299755084655,23.517964008092857,43.8819933979342,66.77171760195932,7393064749.999999,9842568750.0,53.53724147669669,16.34910382574082,58.67837697332392,-379.18986254295527,3.588032078948632,3.588032078948632,21.76596362229102,50.7121484179775,78.11996499805545,-504.82478073549777,0.0046696466441741,-0.0026372013041005,1.495986127497538,0.5238387620032476,12.620649502542674,1.6349405291588854,1.9140823204210689,3.619344460084456,0.0029150292508935,0.6242504996668887,0.1734298982750995,0.0,0.1742358750209241,1.154746692276555,0.3217381689517912,1.5490513404740105,0.0422445820433436,26.94311312836773,0.0131003797933541,0.0071048414298917,-57.90693749334469,455940000.0,1104286000.0,-2580772000.0,4868573000.0,148809000.0,24845500.0,0.0,31.55791685095091,10.565490338947658,0.0,2.851899269051028,8.51829845210612,0.0,0.0167548419566518,3.098498562453413,2012-04-25,0.49,amc,324131343.0,2025-04-25,2012-03-31,0.3673469387755103,129.7609677419355,1150470.8548387096
2011-12-31,EQIX,USD,1101239,2012-02-24,2012-02-24 15:38:04,2011,Q4,431312000.0,229340000.0,201972000.0,0.4682735468,0,71674000.0,45322000.0,116996000.0,7015000.0,116996000.0,346336000.0,754000.0,55151000.0,93371000.0,178384000.0,0.4135845977,82876000.0,0.192148607,-53014000.0,29862000.0,0.0692352636,13769000.0,17810000.0,0.0412926142,0.38,0.38,47202000,47202000,https://www.sec.gov/Archives/edgar/data/1101239/000119312512077943/0001193125-12-077943-index.htm,https://www.sec.gov/Archives/edgar/data/1101239/000119312512077943/d261513d10k.htm,9.13757891614762,0.3773145205711622,3.974852760476251,-0.1400788102199059,19.37511122410067,42.79083513410449,21.28475488326766,41.35867124274395,66.82515571374094,4786282800.0,7606589800.0,67.1853284671533,11.097031383314167,25.51037890214848,-723.878221415608,2.451722866164125,2.451722866164125,17.635933616500353,42.641659565880346,40.54231562564958,-1150.4219298245614,0.0037210504987294,-0.0013814478325434,1.5874966448316064,0.5356882345742434,15.810313705265044,1.703895462830953,1.5027107396058097,11.658547194432362,0.0,0.0,0.1661766888006825,0.0,0.1754664043016432,1.0352412576417351,0.4503306191341766,2.080228336421373,0.0428274659643135,18.738132571226664,0.0082626948855376,0.0037336007717925,-58.18978539044956,510503000.0,1004683000.0,-2529754000.0,4751545000.0,141621000.0,22394500.0,0.0,29.01641966836072,9.131071771169443,0.0,3.101692111867796,9.856455217466047,0.0,0.0091229845938863,4.114931570696157,2012-02-15,0.41,amc,524427272.0,2025-04-25,2011-12-31,-0.1951219512195121,97.5895238095238,642691.619047619
2011-09-30,EQIX,USD,1101239,2011-10-28,2011-10-28 15:19:32,2011,Q3,417601000.0,228153000.0,189448000.0,0.4536579175,0,65976000.0,43070000.0,109046000.0,2286000.0,109046000.0,337199000.0,679000.0,51114000.0,92019000.0,167172000.0,0.4003151333,78116000.0,0.187058939,-52129000.0,25987000.0,0.0622292571,5348000.0,20319000.0,0.0486564927,0.21,0.2,47202000,47943000,https://www.sec.gov/Archives/edgar/data/1101239/000119312511286045/0001193125-11-286045-index.htm,https://www.sec.gov/Archives/edgar/data/1101239/000119312511286045/d222006d10q.htm,8.847103936273887,0.4304690479216982,3.0055929833481634,0.2191644421846532,22.68482267700521,44.29640693190967,22.67052243549002,42.89028007287827,65.90104232871488,4192953660.0,6881977660.0,51.58907500369113,10.040573801307946,29.55489997885388,405.3120985983566,2.07109862302279,2.07109862302279,16.479792098199,41.1670474720647,48.50904109395926,665.246753020783,0.0048459872556759,0.0024672345174451,1.5112553327797829,0.5338883453240423,16.085373148613403,2.0274111644182176,1.5282701412528856,6.873879548427734,0.0,0.0,0.1579881274230665,0.0,0.1781261129773795,0.9270811306125326,0.3149537477161214,1.4293243786609289,0.0459936638082763,20.381759139767723,0.0114809858499818,0.0043141025014957,-52.13550802932079,674142000.0,1070094000.0,-2309510000.0,4817021000.0,142250500.0,21361500.0,0.0,31.07427903668813,8.48943472143693,0.0,2.8962860214308006,10.60141257376516,0.0,0.0100365175324165,2.78642854116351,2011-10-26,0.41,amc,880852631.0,2025-04-25,2011-09-30,-0.5365853658536585,94.4009375,835262.46875
2011-06-30,EQIX,USD,1101239,2011-07-29,2011-07-29 15:11:48,2011,Q2,394900000.0,215572000.0,179328000.0,0.4541099012,0,65681000.0,37063000.0,102744000.0,1718000.0,102744000.0,318316000.0,632000.0,37677000.0,86426000.0,161741000.0,0.4095745758,74866000.0,0.1895821727,-36024000.0,38842000.0,0.0983590782,8109000.0,30730000.0,0.0778171689,0.65,0.64,46924000,50664000,https://www.sec.gov/Archives/edgar/data/1101239/000119312511202647/0001193125-11-202647-index.htm,https://www.sec.gov/Archives/edgar/data/1101239/000119312511202647/d10q.htm,8.415736083880317,0.6548887562867616,3.0463515471826783,-1.2268561929929247,8.35644872559884,45.46178927627653,22.845814508567045,43.99026084732759,48.92033927201432,4740262480.0,6700251480.0,38.56380149690855,12.003703418586984,33.16097910414349,-82.34053883166287,2.296417389990016,2.296417389990016,16.966957406938466,41.4258071855621,46.87227769732838,-116.38644895690388,0.006482763376428,-0.012144686131389,1.0938194427959709,0.4543719490758153,12.11807148465757,1.0461551355385037,1.9870478010457309,4.651254351999479,0.0,0.0,0.1663231197771587,0.0,0.2135623283548569,1.4027296830293745,0.507763990883768,2.3200888621479647,0.04638642694353,25.45970075115423,0.0127945888398313,0.0078634397136715,-49.83775892933254,28637000.0,1072017000.0,-2186854000.0,4175071000.0,127261500.0,19209000.0,0.0,31.97883008356546,8.851706158499248,0.0,2.814361868924428,10.16753136496557,0.0,0.0148871305528197,4.273207740175603,2011-07-27,0.45,amc,282300000.0,2025-04-25,2011-06-30,0.3333333333333332,97.29079365079365,603798.8095238095
2011-03-31,EQIX,USD,1101239,2011-04-29,2011-04-29 16:06:57,2011,Q1,363029000.0,194576000.0,168453000.0,0.4640207807,0,62601000.0,33636000.0,96237000.0,911000.0,96237000.0,290813000.0,215000.0,37361000.0,79525000.0,151966000.0,0.4186056761,71305000.0,0.1964168152,-35035000.0,36270000.0,0.0999093736,11125000.0,25145000.0,0.0692644389,0.54,0.53,46451000,47219000,https://www.sec.gov/Archives/edgar/data/1101239/000119312511118503/0001193125-11-118503-index.htm,https://www.sec.gov/Archives/edgar/data/1101239/000119312511118503/d10q.htm,7.815310757572496,0.5413231146799854,2.4794084088609503,-1.5563927579600008,9.78463326946675,42.78480549396138,22.57533745236916,42.78480549396138,46.53938558911541,4231686099.999999,6051660100.0,42.07283853648836,11.656606221541528,36.74263573295361,-58.532783279849504,2.1292605855800324,2.1292605855800324,16.66990818915293,39.82246094521143,52.54499917513957,-83.70670714838995,0.0059420759020854,-0.0170844430072447,1.068956026400362,0.4566220449034747,11.976192042956978,2.024592599497778,1.9085409919434704,4.5802744084311,0.0,0.0,0.1724407691947475,0.0,0.2017726764009042,1.627727466115602,0.5163967616912147,2.357334171644137,0.0427927245481765,22.827814040043165,0.0113959921480741,0.0067707605466476,-45.7461572409636,351716000.0,1048647000.0,-1970126000.0,4171592000.0,115282500.0,8608000.0,19348000.0,28.313523162061436,7.963160924266097,0.0,3.1786930748553064,11.302044609665428,0.0,0.0126522280148354,4.035801166820951,2011-04-27,0.28,amc,288802533.0,2025-04-25,2011-03-31,0.7857142857142856,87.08145161290322,897772.2419354839
2010-12-31,EQIX,USD,1101239,2011-02-25,2011-02-25 14:28:12,2010,Q4,345244000.0,193559000.0,151685000.0,0.4393559338,0,64820000.0,31518000.0,96338000.0,19071000.0,96338000.0,289897000.0,208000.0,38822000.0,75439000.0,125264000.0,0.3628274496,54476000.0,0.157789853,-43473000.0,11003000.0,0.0318702135,-2757000.0,13760000.0,0.0398558701,0.3,0.3,45745000,45745000,https://www.sec.gov/Archives/edgar/data/1101239/000119312511047157/0001193125-11-047157-index.htm,https://www.sec.gov/Archives/edgar/data/1101239/000119312511047157/d10k.htm,7.547141764127227,0.3007979014099902,2.6864356760301678,-0.7721281014318505,12.898305825773308,41.10864575363428,20.88107989944256,41.10864575363428,45.631369548584544,3717238700.0,5322982700.0,67.53704033430232,10.76699001286047,30.24825821256235,-105.241604144843,1.9767131344339184,1.9767131344339184,15.418031015745386,42.49411403116618,43.31466665581694,-150.70305767107388,0.0037016724269011,-0.0095019456243151,1.0893744532747678,0.4605622425674048,12.818878528547708,2.445807333825817,1.4032249755293391,8.931031976744187,0.0,0.0,0.1877512715644587,0.0,0.2080279064183548,1.2874173047660122,0.4582614035290983,2.097217619533663,0.0505989966516434,16.679969226028195,0.0163848575549681,0.0039060958656984,-40.89724560061209,459933000.0,955205000.0,-1789446000.0,4036196000.0,115987000.0,5823000.0,19348000.0,30.332808100937307,0.0,17.99265340283841,2.9670843431478717,0.0,5.002041554682655,0.0073171445056274,3.4585637774620177,2011-02-09,0.21,amc,268488888.0,2025-04-25,2010-12-31,0.2857142857142858,81.531875,1875646.03125
2010-09-30,EQIX,USD,1101239,2010-10-29,2010-10-29 14:12:13,2010,Q3,330347000.0,185476000.0,144871000.0,0.4385418969,0,58640000.0,31205000.0,89845000.0,3000000.0,89845000.0,275321000.0,310000.0,38363000.0,74485000.0,127494000.0,0.3859396332,52026000.0,0.1574889434,-36193000.0,15833000.0,0.0479283905,4637000.0,11196000.0,0.0338916352,0.24,0.24,45745000,46676000,https://www.sec.gov/Archives/edgar/data/1101239/000119312510241047/0001193125-10-241047-index.htm,https://www.sec.gov/Archives/edgar/data/1101239/000119312510241047/d10q.htm,7.221488687288228,0.2447480598972565,2.476205049732211,-0.6706306700185812,15.567340692971907,40.52842933653951,20.11397966990928,40.52842933653951,47.43508580172696,4682000750.0,6424406750.0,104.546283270811,14.172977959539514,41.33341057965641,-152.61753536736424,2.5253877753343765,2.5253877753343765,19.44744995413913,50.3898752098138,56.71563421438282,-209.4141322772019,0.0023912853922545,-0.0065523270153256,1.1497227845281457,0.4756989179161019,13.666572544590334,2.867328992846234,1.356150457472043,10.117363344051446,0.0,0.0,0.1775103149112902,0.0,0.2084092203983538,1.27083002277663,0.4357599736035139,1.9639280744358645,0.0513096834540649,14.939318094980932,0.0087593912747525,0.0031564417800572,-39.96235654169855,580786000.0,920114000.0,-1735107000.0,4097535000.0,110935500.0,15006000.0,0.0,31.4985151976558,5.651081541547154,0.0,2.857277539440908,15.926154902970977,0.0,0.0060389228969353,3.146835719750793,2010-10-26,0.24,amc,344660869.0,2025-04-25,2010-09-30,-0.0416666666666665,91.479375,785141.734375
2010-06-30,EQIX,USD,1101239,2010-08-04,2010-08-04 14:00:02,2010,Q2,296094000.0,162582000.0,133512000.0,0.4509108594,0,54166000.0,28913000.0,83079000.0,10206000.0,83079000.0,245661000.0,491000.0,37615000.0,63626000.0,100533000.0,0.3395306896,40227000.0,0.1358588827,-40059000.0,168000.0,0.0005673874,2442000.0,-2274000.0,-0.0076799935,-0.0523,-0.0523,43507000,43507000,https://www.sec.gov/Archives/edgar/data/1101239/000119312510176872/0001193125-10-176872-index.htm,https://www.sec.gov/Archives/edgar/data/1101239/000119312510176872/d10q.htm,6.805663456455283,-0.052267451214747,1.307720596685591,-2.1099823016985773,16.49051876709495,40.22734272645781,19.02087020479463,40.22734272645781,48.199209322637735,3533638540.0,5081684540.0,-388.4826890941073,11.934178132620046,62.10806819579928,-38.49321386943213,2.0190247352972936,2.0190247352972936,17.16240295311624,50.547427610834255,89.31689146673698,-55.35664375428927,-0.0006435293180835,-0.0259786050443065,1.1766781645907742,0.4803338145873616,15.398386599425065,2.965043111937484,1.0694403828260002,-25.019788918205805,0.0,0.0,0.1829351489729613,0.0,0.2151951877707054,2.613480973723526,0.5021851168885557,2.3696254980079683,0.061115726762447,,-0.1355220858387887,-0.0006758242738009,-39.99574206449537,588666000.0,827541000.0,-1649004000.0,3912104000.0,87988500.0,20719500.0,0.0,32.29700703155079,10.166808133741744,0.0,2.786635923015388,8.85233583796145,0.0,-0.0012993016110997,3.417702898384168,2010-07-28,0.24,amc,1421279999.0,2025-04-25,2010-06-30,-1.2083333333333333,93.44968253968254,1149801.111111111
2010-03-31,EQIX,USD,1101239,2010-04-28,2010-04-28 15:35:05,2010,Q1,248649000.0,133050000.0,115599000.0,0.4649083648,0,43155000.0,19468000.0,62623000.0,4994000.0,62623000.0,195673000.0,506000.0,25675000.0,49322000.0,97240000.0,0.3910733604,47982000.0,0.1929708143,-25106000.0,22876000.0,0.0920011743,8677000.0,14199000.0,0.0571045932,0.36,0.35,39562000,40791000,https://www.sec.gov/Archives/edgar/data/1101239/000119312510096513/0001193125-10-096513-index.htm,https://www.sec.gov/Archives/edgar/data/1101239/000119312510096513/d10q.htm,6.285046256508771,0.3589050098579445,2.522926040139528,-1.1017643192962945,29.82440220413528,30.01584854152975,19.753981092968,30.01584854152975,54.028183610535365,3850965080.0,4923451080.0,67.80345587717446,15.48755506758523,38.58218530837976,-88.34920345049096,3.242953463911605,3.242953463911605,19.800807885814944,50.63195269436446,49.327246022522345,-112.9542782417179,0.0036871276952737,-0.0113187211762512,1.7783672579152443,0.575769241675046,11.029267791032495,4.155709933661703,1.868821811100292,7.029509120360589,0.0,0.0,0.1735579069290445,0.0,0.1106885713600206,1.4367009978760068,0.5767165763787507,2.9452237671753374,0.0602214366436221,15.568842743620246,0.0087225742025445,0.0043531339253194,-31.547356048733636,997542000.0,781507000.0,-1166632000.0,3277847000.0,67244500.0,18973500.0,28549500.0,25.236296948710837,15.607440811724915,0.0,3.5662918447548835,5.76648030165128,0.0,0.0119571835312723,3.624690359435822,2010-04-21,0.41,amc,308866666.0,2025-04-25,2010-03-31,-0.1951219512195121,99.65639344262296,805795.606557377
2009-12-31,EQIX,USD,1101239,2010-02-22,2010-02-22 16:35:52,2009,Q4,242552000.0,127074000.0,115478000.0,0.4760958475,0,43647000.0,17269000.0,60916000.0,0.0,60916000.0,187990000.0,435000.0,22613000.0,42472000.0,92502000.0,0.3813697681,50786000.0,0.2093819057,-23369000.0,27417000.0,0.1130355553,9695000.0,17722000.0,0.0730647449,0.46,0.46,38787000,38787000,https://www.sec.gov/Archives/edgar/data/1101239/000119312510036420/0001193125-10-036420-index.htm,https://www.sec.gov/Archives/edgar/data/1101239/000119312510036420/d10k.htm,6.253435429396447,0.456905664268956,2.127259133214737,-1.2012272153040968,15.328950421532989,30.48658055534071,19.34715239642148,30.48658055534071,38.86822904581432,4117240050.0,5256153050.0,58.08091708046496,16.974669555394307,49.8998915282996,-88.36796123798077,3.4818598237775933,3.4818598237775933,21.67021112998449,56.82204763140256,63.7032244576415,-112.81235083276098,0.0043043397481766,-0.0113163185615082,1.2558057917111705,0.488774089495252,12.3123067609349,2.307390183827376,2.245876265864768,4.65579505699131,0.0,0.0,0.1799490418549424,0.0,0.1422131889472211,1.5646830687189432,0.5322652462152445,3.0396967413825577,0.0578267752894224,17.70348991437443,0.0117743101548544,0.0068002386721845,-30.52513084280816,412428000.0,750418000.0,-1127780000.0,2652608000.0,66178000.0,16548000.0,36131000.0,24.032083841815364,10.534491713489778,40.44029463147458,3.744993592415891,8.54336425978217,2.2255030736089947,0.0149871076370653,3.3284863485188336,2010-02-10,0.32,amc,184838095.0,2025-04-25,2009-12-31,0.3124999999999999,97.61671875,634606.5625
2009-09-30,EQIX,USD,1101239,2009-10-26,2009-10-26 06:53:06,2009,Q3,227558000.0,126007000.0,101551000.0,0.4462642491,0,39071000.0,15543000.0,54614000.0,799000.0,54614000.0,180621000.0,353000.0,22256000.0,45066000.0,92886000.0,0.4081860449,45558000.0,0.2002039041,-19419000.0,26139000.0,0.1148674184,7327000.0,18812000.0,0.0826690338,0.49,0.47,38787000,39887000,https://www.sec.gov/Archives/edgar/data/1101239/000119312509213229/0001193125-09-213229-index.htm,https://www.sec.gov/Archives/edgar/data/1101239/000119312509213229/d10q.htm,5.8668626086059765,0.4850078634594065,2.7725526593961893,0.4868641555160234,15.710959857684276,29.24778920772424,18.171449196895868,29.24778920772424,39.149972929074174,3568404000.0,4781511000.0,47.42191154582181,15.681294439219892,33.18241754154307,188.9644143190002,3.145536893287754,3.145536893287754,21.012273793933858,51.4771978554357,44.46304131524377,253.20435289133653,0.0052718246028196,0.0052920016903915,1.3189431910538647,0.5050513437958427,13.060170531619404,2.5488701139701813,2.046998562185478,5.716510737826919,0.0,0.0,0.1716968860686067,0.0,0.1450149160629694,0.8243985902788755,0.3895929828878791,1.9926501989166348,0.0616677945842378,17.865376415775906,0.0119581661620315,0.007426883961847,-29.91955423208807,433933000.0,704816000.0,-1114050000.0,2566560000.0,67450500.0,17393500.0,17079500.0,26.731690382232223,13.014991230645917,10.830112612791352,3.36679045406797,6.915102623202722,8.310162896524435,0.0165827187831112,2.285688503880166,2009-10-21,0.28,amc,144836363.0,2025-04-25,2009-09-30,0.5714285714285713,81.9725,698186.59375
2009-06-30,EQIX,USD,1101239,2009-07-29,2009-07-29 15:20:38,2009,Q2,213168000.0,118534000.0,94634000.0,0.4439409292,0,37456000.0,16369000.0,53825000.0,0.0,53825000.0,172359000.0,680000.0,15912000.0,44891000.0,89210000.0,0.4184962096,41029000.0,0.1924726038,-12622000.0,28407000.0,0.1332610898,10967000.0,17440000.0,0.0818134054,0.46,0.44,38152000,39318000,https://www.sec.gov/Archives/edgar/data/1101239/000119312509158059/0001193125-09-158059-index.htm,https://www.sec.gov/Archives/edgar/data/1101239/000119312509158059/d10q.htm,5.587334871042147,0.457118892849654,2.063823652757391,0.0504036485636401,15.230420423568882,28.63865590270497,17.191523380163556,28.63865590270497,38.483303627594886,2775176480.0,3822262480.0,39.78177293577981,13.018729265180514,35.2452594013132,1443.1494955798232,2.539923669851055,2.539923669851055,17.930751707573368,42.84567290662482,48.54344708467215,1987.6559958398336,0.006284285026803,0.0006929289051916,1.329190699070676,0.5107691063229659,11.737316444344804,2.729075543768678,2.5784942182001007,4.514850917431192,0.0,0.0,0.1757111761615251,0.0,0.1535965308709926,0.9755775409898524,0.3603542745627862,1.7111670490744246,0.0631379944456954,17.162563627742237,0.009509330047601,0.0072466357576598,-29.0860243237576,436825000.0,655891000.0,-1061283000.0,2464312000.0,63667000.0,16227500.0,30273500.0,28.41927493807701,12.57740395160882,14.423203469046856,3.166864749227478,7.155689707214005,6.239945251631923,0.0159616042876676,2.013420004193751,2009-07-22,0.31,amc,157361904.0,2025-04-25,2009-06-30,0.3548387096774193,68.51777777777778,1136849.2698412698
2009-03-31,EQIX,USD,1101239,2009-04-29,2009-04-29 15:17:26,2009,Q1,199231000.0,111805000.0,87426000.0,0.4388172523,0,35150000.0,14403000.0,49553000.0,0.0,49553000.0,161358000.0,916000.0,13451000.0,41676000.0,82192000.0,0.4125462403,43706000.0,0.2193734911,-16641000.0,27065000.0,0.135847333,11608000.0,15457000.0,0.0775833078,0.41,0.4,37861000,38739000,https://www.sec.gov/Archives/edgar/data/1101239/000119312509091829/0001193125-09-091829-index.htm,https://www.sec.gov/Archives/edgar/data/1101239/000119312509091829/d10q.htm,5.262169514804152,0.4082565172605055,2.2900610126515413,0.3099495523097647,6.64982435751829,24.647949076886505,14.488761522410924,24.647949076886505,31.81373973217823,2125895150.0,3094895150.0,34.384019376334344,10.670503837254245,24.51899739343052,181.1585129953132,2.278080006772425,2.278080006772425,15.534204767330383,37.65445724644734,35.694952366672815,263.7320110779719,0.007270819541594,0.005520027645766,1.276311728725798,0.4927821351276319,11.78946856141717,1.3931001388867217,3.249275146829232,5.609367923917966,0.0,0.0,0.1764283670713894,0.0,0.1591389120926905,0.8646544565417974,0.3762918421330014,1.798853056915251,0.0579126742324236,15.046940937421118,0.0111560618959988,0.0076054738549227,-30.80298988404955,100761000.0,548559000.0,-1126708000.0,1998306000.0,63025500.0,17107500.0,43518500.0,27.11415392182943,12.79102007960288,33.44743079468718,3.3192995901502784,7.036186280679673,2.690789632018483,0.0165635086305556,1.9801114603417764,2009-04-22,0.17,bmo,174034136.0,2025-04-25,2009-03-31,1.2352941176470589,52.17754098360656,1033130.4262295082
2008-12-31,EQIX,USD,1101239,2009-02-26,2009-02-26 14:33:16,2008,Q4,190683000.0,108302000.0,82381000.0,0.4320311722,0,55477000.0,66913000.0,55477000.0,3142000.0,55477000.0,163779000.0,0.0,0.0,39808000.0,72290000.0,0.3791108804,24561000.0,0.1288053995,-12919000.0,11642000.0,0.0610542104,-104857000.0,116499000.0,0.6109564041,3.15,3.15,36972000,36972000,https://www.sec.gov/Archives/edgar/data/1101239/000119312509038875/0001193125-09-038875-index.htm,https://www.sec.gov/Archives/edgar/data/1101239/000119312509038875/d10k.htm,5.157497565725413,3.151006166828952,2.0635886616899275,-1.981824083089906,7.095071946337769,24.145704857730173,13.495834685708104,24.145704857730173,33.570431678026615,1966540680.0,2987499680.0,4.220080601550228,10.313141077075564,25.77548568058195,-26.83891090730429,2.2028762595005125,2.2028762595005125,15.667362481186052,41.32659676303776,39.157214496362805,-40.7727328310951,0.0592405746724751,-0.0372593360234988,1.3903272600998078,0.5069571688697225,14.123101397150366,1.308690209763684,0.0,0.6548983253075134,0.0,0.0,0.2909383636716435,0.0,0.1608268872745036,1.9603774821416868,0.7843751147191936,3.757209606109325,0.2888825957216951,41.3747925729621,0.1100175943857463,0.0567037832212795,-33.024106080276965,89518000.0,498968000.0,-1176040000.0,1971667000.0,66852000.0,15061000.0,27857500.0,31.164865247557465,15.228250632490628,37.79930195194918,2.8878674521801027,5.910068212824011,2.3809963505254363,0.1304996555451628,4.045412744779833,2009-02-11,0.24,bmo,17671042.0,2025-04-25,2008-12-31,9.791666666666666,53.35484375,1249641.546875
2008-09-30,EQIX,USD,1101239,2008-10-24,2008-10-24 14:31:39,2008,Q3,183735000.0,109863000.0,73872000.0,0.4020573108,0,51538000.0,16009000.0,51538000.0,799000.0,51538000.0,161401000.0,441000.0,15671000.0,42765000.0,63049000.0,0.3431518219,21535000.0,0.1172068468,-15750000.0,7576000.0,0.041233298,187000.0,7389000.0,0.0402155278,0.15,0.15,37268000,38023000,https://www.sec.gov/Archives/edgar/data/1101239/000110123908000008/0001101239-08-000008-index.htm,https://www.sec.gov/Archives/edgar/data/1101239/000110123908000008/form10q09302008.htm,4.930100890844693,0.1982666094236342,1.6990715895674573,-0.5875818396479553,7.045642374154771,22.46565418053021,9.76148438338521,22.46565418053021,32.44998390039712,2588635280.0,3621625280.0,87.5840871565841,14.088961166897978,40.88114969757268,-118.21331993789389,3.09183073156166,3.09183073156166,19.7111344055297,57.44143888087043,57.19469496691461,-165.3861211069504,0.0028543997901473,-0.0084592836114016,1.425709166915497,0.5208153808899467,16.383923614966136,1.4332429854941524,1.3741943717695106,8.5696305318717,0.0,0.0,0.2805018096715378,0.0,0.2065761027254263,1.345825239651932,0.4638147331754973,1.992727697883784,0.0,10.010956715733837,0.0098580842829696,0.0040632925592639,-30.48828083073951,103578000.0,363791000.0,-1112031000.0,1924019000.0,65390000.0,14818500.0,5114500.0,33.1496448689689,9.664127140165478,8.379618251822725,2.7149612116734394,9.312791387640926,10.74034607488513,0.0088253209913406,2.286653429215413,2008-10-22,0.15,bmo,153083333.0,2025-04-25,2008-09-30,0.2,80.4153125,1114328.75
2008-06-30,EQIX,USD,1101239,2008-08-05,2008-08-04 20:58:57,2008,Q2,172044000.0,102008000.0,70036000.0,0.4070819093,0,56735000.0,15290000.0,56735000.0,0.0,56735000.0,158743000.0,2411000.0,14313000.0,39472000.0,53088000.0,0.3085722257,13301000.0,0.077311618,-12820000.0,1971000.0,0.0114563716,-258000.0,2229000.0,0.012955988,0.02,0.02,36964000,37968000,https://www.sec.gov/Archives/edgar/data/1101239/000119312508165316/0001193125-08-165316-index.htm,https://www.sec.gov/Archives/edgar/data/1101239/000119312508165316/d10q.htm,4.654366410561628,0.0603019153771236,1.7573314576344552,-1.1545287306568552,5.8464181365653065,23.771047505681203,9.422465101179526,23.771047505681203,32.635672546261226,3297928080.0,4338833080.0,369.8887483176312,19.16909674269373,50.77016041134272,-77.27828475021089,3.753305359331629,3.753305359331629,25.21932226639697,81.72907399035563,66.79443763662674,-101.66916018370982,0.0006758788990935,-0.0129402458042687,1.3566275508636318,0.5113861883103344,19.60716169379144,1.2468576619561664,0.929295046461259,29.142216240466578,0.0,0.0,0.3297702913208249,0.0,0.2275354335640515,1.6569783552449275,0.6256190276905907,2.726844345358735,0.0,5.679119046123829,0.0069357117675191,0.0012379200055981,-32.16300319229521,58153000.0,348292000.0,-1158583000.0,1919551000.0,61130500.0,17598500.0,0.0,33.01161330822348,15.739941965336053,0.0,2.7263132873781792,5.717937219730942,0.0,0.0025367798942268,2.9118601882913104,2008-07-23,0.13,bmo,372666666.0,2025-04-25,2008-06-30,-0.5384615384615385,87.161875,912357.734375
2008-03-31,EQIX,USD,1101239,2008-04-30,2008-04-30 15:51:11,2008,Q1,158218000.0,94486000.0,63732000.0,0.402811311,0,49727000.0,15351000.0,49727000.0,0.0,49727000.0,144213000.0,3441000.0,15195000.0,36862000.0,54945000.0,0.3472740143,14005000.0,0.0885171093,-9714000.0,5892000.0,0.0372397578,471000.0,5421000.0,0.0342628525,0.1,0.1,36277000,37259000,https://www.sec.gov/Archives/edgar/data/1101239/000119312508097170/0001193125-08-097170-index.htm,https://www.sec.gov/Archives/edgar/data/1101239/000119312508097170/d10q.htm,4.361386002150122,0.149433525374204,1.7361964881329768,-1.8117264382391047,8.229125892438736,23.24144774926262,8.510378476720787,23.24144774926262,32.45497146952614,2412057730.0,3313397730.0,111.23675198302897,15.245153711967031,38.29635669376349,-36.69980113809263,2.8608372730183955,2.8608372730183955,20.9419770822536,60.30389898989899,52.606975263559,-50.41381732700384,0.002247458646025,-0.0272481040493172,1.378404279292636,0.5082126144673728,16.404404404404403,1.5280054226436204,0.9216847647252384,11.618520568160855,0.0,0.0,0.314294201671112,0.0,0.233689888914009,2.043503111901435,0.8134851913183077,3.491617383755629,0.0779999747184264,8.839890164441249,0.006118200160225,0.0030934929935607,-30.34324778785456,129308000.0,308731000.0,-1069450000.0,1948102000.0,61341000.0,16086500.0,0.0,33.65002717769154,16.53292551277438,0.0,2.674589221718845,5.443682664054848,0.0,0.0064296134641158,3.547922926372081,2008-04-23,-0.12,bmo,135599999.0,2025-04-25,2008-03-31,-2.166666666666667,72.78262295081967,1274081.836065574
2007-12-31,EQIX,USD,1101239,2008-02-27,2008-02-27 16:00:08,2007,Q4,138714000.0,92480000.0,46234000.0,0.333304497,0,46789000.0,40719000.0,46789000.0,0.0,45451000.0,137931000.0,0.0,0.0,36138000.0,36921000.0,0.2661663567,783000.0,0.0056447078,-7149000.0,-6366000.0,-0.0458929885,-293000.0,-6073000.0,-0.0437807287,-0.19,-0.19,31683000,31683000,https://www.sec.gov/Archives/edgar/data/1101239/000119312508040053/0001193125-08-040053-index.htm,https://www.sec.gov/Archives/edgar/data/1101239/000119312508040053/d10k.htm,4.378183884101884,-0.1916800808004292,0.4381213900198845,-3.3810245241927848,11.171101221475238,25.70564656124736,9.604488211343623,25.70564656124736,34.912855474544706,3202200810.0,4017711810.0,-131.82120904001317,23.08491435615727,230.68948995029177,-29.89330579438205,3.931820962339397,3.931820962339397,28.96399649638825,108.81914926464614,289.4396520423601,-37.50629484414821,-0.001896508170579,-0.0334523055723041,1.358178460571294,0.5069710908267595,22.08799869992687,2.2289592712914312,0.0,-2.28569076239091,0.0,0.0,0.3373055351298354,0.0,0.2338056197716818,8.717095310136157,0.8723128162982828,3.348331396314129,0.3080510979425292,,0.0003714758732062,-0.003632752798739,-30.485039295521258,235299000.0,304299000.0,-940675000.0,1908152000.0,62254500.0,16904000.0,5477000.0,41.21674812924434,14.418685121107266,0.0,2.1835783773573025,6.241900647948164,0.0,-0.0074567305803308,3.81914591421267,2008-02-13,-0.07,bmo,98090613.0,2025-04-25,2007-12-31,1.2857142857142856,101.9590625,660424.765625
2007-09-30,EQIX,USD,1101239,2007-11-02,2007-11-02 15:05:52,2007,Q3,103782000.0,62891000.0,40891000.0,0.3940085949,0,34812000.0,9630000.0,34812000.0,0.0,34812000.0,97703000.0,0.0,0.0,24133000.0,6079000.0,0.0585747047,6079000.0,0.0585747047,-1740000.0,4339000.0,0.0418087915,215000.0,4124000.0,0.0397371413,0.13,0.12,31683000,33112000,https://www.sec.gov/Archives/edgar/data/1101239/000119312507233706/0001193125-07-233706-index.htm,https://www.sec.gov/Archives/edgar/data/1101239/000119312507233706/d10q.htm,3.275636776820377,0.1301644414985954,1.5284853075781966,-3.3293564372060724,12.860429883533756,25.71337941482814,9.917274248019442,25.71337941482814,33.41255562920178,2914202340.0,3629360340.0,176.66115058195928,28.080036422501017,60.1772222107502,-27.62696086610292,3.5771260757330823,3.5771260757330823,34.97100017344048,597.0324625760816,74.94497573667581,-34.4067378938986,0.001415138524664,-0.0361965257360955,1.2994229614927142,0.4968679684177819,117.6440203980918,2.4397759810927235,0.0,11.742725509214354,0.0,0.0,0.335433890269989,0.0,0.2348990831544294,3.178206372478163,1.4830221040257463,6.377615712924212,0.0,8.677947487043419,0.0029790458533675,0.0025299092447202,-27.056078969794527,285103000.0,314209000.0,-832767000.0,1854651000.0,44561500.0,11606000.0,5477000.0,52.88460426663583,27.178451606748183,15.675692865433849,1.7018185395930012,3.3114469250210616,5.741373014423955,0.00506212891735,4.857841744784269,2007-10-30,0.02236,bmo,37745454.0,2025-04-25,2007-09-30,3.9194991055456168,89.56476190476191,786453.4285714285
2007-06-30,EQIX,USD,1101239,2007-08-01,2007-08-01 15:30:21,2007,Q2,91837000.0,55609000.0,36228000.0,0.3944815271,0,33374000.0,8520000.0,33374000.0,407000.0,33374000.0,88983000.0,0.0,0.0,22405000.0,25259000.0,0.2750416499,2447000.0,0.0266450341,-1033000.0,1414000.0,0.0153968444,197000.0,1217000.0,0.0132517395,0.04,0.04,31126000,32641000,https://www.sec.gov/Archives/edgar/data/1101239/000119312507168018/0001193125-07-168018-index.htm,https://www.sec.gov/Archives/edgar/data/1101239/000119312507168018/d10q.htm,2.950491550472274,0.0390991454089828,1.2164107177279444,-4.851571033862366,9.712973077170211,14.222000899569492,13.67859667159288,14.222000899569492,17.449495598534988,2847095220.0,3155630220.0,584.8593303204601,31.0016139464486,75.19664095927315,-18.85368664326866,6.431584461703195,6.431584461703195,34.36120757428923,124.93092442297797,83.34557656753474,-20.89682948149129,0.0004274532131735,-0.0530400244218035,1.226936752553798,0.462063497329961,12.214854111405836,2.487382603352936,0.0,31.11092851273624,0.0,0.0,0.363404727941897,0.0,0.0143893705479854,4.988431672917437,2.0566002809325217,8.429904039276947,0.0,3.537164376520609,0.0020188276006609,0.0010504627819396,-13.151256184540255,203349000.0,425760000.0,-392712000.0,980438000.0,27956500.0,3726500.0,0.0,27.57712033276348,6.82982970382492,0.0,3.263574982231699,13.177488151658768,0.0,0.0027492014439519,6.067981751590311,2007-07-25,-0.05,bmo,114750000.0,2025-04-25,2007-06-30,-1.7999999999999998,85.39587301587301,518338.9206349207
2007-03-31,EQIX,USD,1101239,2007-05-02,2007-05-02 15:11:36,2007,Q1,85109000.0,52765000.0,32344000.0,0.3800303141,0,31538000.0,8677000.0,31538000.0,0.0,31538000.0,84303000.0,0.0,0.0,20631000.0,806000.0,0.0094702088,806000.0,0.0094702088,-4908000.0,-4102000.0,-0.0481970179,354000.0,-4456000.0,-0.05235639,-0.15,-0.15,29702000,29702000,https://www.sec.gov/Archives/edgar/data/1101239/000119312507099380/0001193125-07-099380-index.htm,https://www.sec.gov/Archives/edgar/data/1101239/000119312507099380/d10q.htm,2.865429937377954,-0.1500235674365362,0.668305164635378,-1.808161066594842,12.84149215541041,14.312941889435056,13.736920072722375,14.312941889435056,16.816712679280858,2543382260.0,2715212260.0,-142.6942470825853,29.883822627454204,128.1300886649874,-47.35750679626113,5.982697384051203,5.982697384051203,31.90276304503637,3368.7497022332504,136.78651183879094,-50.556963095371096,-0.0017519977512149,-0.0211159764871521,1.1749305495115532,0.4652122322996939,213.18858560794044,4.489498793889037,0.0,-4.454667863554757,0.0,0.0,0.3705601052767627,0.0,0.0159348857482941,3.7055919395466,0.8642564241149585,3.5653143328001557,0.1233477070580079,,0.0008891298563849,-0.0042174085463096,-8.292749646488453,325483000.0,408014000.0,-229801000.0,936147000.0,27321000.0,15251000.0,0.0,29.369044401884643,5.514450867052023,0.0,3.064451085586721,16.32075471698113,0.0,-0.0104816723630572,2.47646623123022,2007-04-26,-0.09,bmo,54707142.0,2025-04-25,2007-03-31,0.5555555555555558,83.24590163934427,524993.4098360656
2006-12-31,EQIX,USD,1101239,2007-02-28,2007-02-28 15:14:08,2006,Q4,79772000.0,50334000.0,29438000.0,0.3690267262,0,28076000.0,32619000.0,28076000.0,0.0,18429000.0,68763000.0,0.0,0.0,19745000.0,30754000.0,0.3855237427,11009000.0,0.1380058166,-2329000.0,8680000.0,0.1088101088,-431000.0,9111000.0,0.1142130071,0.32,0.32,28743000,28743000,https://www.sec.gov/Archives/edgar/data/1101239/000119312507042470/0001193125-07-042470-index.htm,https://www.sec.gov/Archives/edgar/data/1101239/000119312507042470/d10k.htm,2.7753539992345964,0.3169815259367498,0.8996625265281982,-0.8267056326757819,4.571339108652541,12.351807396583515,11.763177121386075,12.351807396583515,9.736109661482796,2173545660.0,2370827660.0,59.64069970365493,27.24697462768891,84.05373989713446,-91.47149482366804,6.122180954741599,6.122180954741599,29.720047886476458,77.09005852897184,91.68288255539656,-99.77391044524872,0.0041917683937681,-0.0109323675307561,0.7882336041100984,0.3625724250873247,6.414840345971256,2.121948106645565,0.0,2.838217539238284,0.0,0.0,0.3519530662387805,0.0,0.0219205733890276,1.9189063768900576,0.6220353006067292,2.513091922005571,0.3856867071152785,9.38584743241292,0.0165647156791698,0.012068940394456,-9.228620881605956,87908000.0,338109000.0,-250543000.0,651222000.0,25499000.0,14844500.0,0.0,30.3140199568771,48.75849326498987,0.0,2.9689232945029587,1.845832263742712,0.0,0.0256627646270153,1.72636815920398,2007-02-07,0.00714,bmo,79800000.0,2025-04-25,2006-12-31,1.8011204481792715,71.45666666666668,411695.07936507935
2006-09-30,EQIX,USD,1101239,2006-11-01,2006-11-01 14:38:57,2006,Q3,73726000.0,49137000.0,24589000.0,0.3335187044,0,26133000.0,7502000.0,26133000.0,1527000.0,26133000.0,75270000.0,0.0,0.0,2036000.0,-3071000.0,-0.0416542332,-3071000.0,-0.0416542332,-1827000.0,-4898000.0,-0.0664351789,270000.0,-5168000.0,-0.0700973876,-0.18,-0.18,28743000,28743000,https://www.sec.gov/Archives/edgar/data/1101239/000119312506220464/0001193125-06-220464-index.htm,https://www.sec.gov/Archives/edgar/data/1101239/000119312506220464/d10q.htm,2.5650071321713117,-0.1798002992032842,0.7186097484604947,-0.9033503809623212,5.078140764707929,11.397001008941308,10.606895591970218,11.397001008941308,9.75854990780364,1727454300.0,1923305300.0,-83.56493324303406,23.430734069392077,83.63371096586783,-66.53010976314269,5.273317072872912,5.273317072872912,26.0872053278355,-626.2798111364376,93.1157250060518,-74.0729944155594,-0.0029916855108699,-0.0150307883687574,0.8562383999218521,0.3839068188661684,-63.77434060566591,1.6431350957904465,0.0,-3.996710526315789,0.0,0.0,0.3544611127689011,0.0,0.0310831896197749,2.2570806100217866,0.6323413721075333,22.89783889980353,0.0,,-0.004860545419224,-0.0073003630404994,-8.314311310579967,68919000.0,304874000.0,-226956000.0,591546000.0,23738000.0,13001000.0,0.0,29.45514472506307,4.432505036937543,0.0,3.055493389697045,20.30454545454545,0.0,-0.015776106281137,1.621960129422816,2006-10-25,-0.17,bmo,73700000.0,2025-04-25,2006-09-30,-0.0,55.06809523809524,462908.4285714286
2006-06-30,EQIX,USD,1101239,2006-08-14,2006-08-14 16:46:54,2006,Q2,68548000.0,45563000.0,22985000.0,0.3353124818,0,26205000.0,8480000.0,26205000.0,0.0,26205000.0,71768000.0,0.0,0.0,34085000.0,30865000.0,0.450268425,-3220000.0,-0.0469743829,-1835000.0,-5055000.0,-0.0737439458,215000.0,-5270000.0,-0.0768804341,-0.19,-0.19,28468000,28468000,https://www.sec.gov/Archives/edgar/data/1101239/000119312506172761/0001193125-06-172761-index.htm,https://www.sec.gov/Archives/edgar/data/1101239/000119312506172761/d10q.htm,2.407896585640017,-0.1851201348882956,0.5657931712800337,-0.8195166502739919,4.5954756217507375,11.13977097091471,10.34378951805536,11.13977097091471,8.47267106927076,1561754480.0,1725654480.0,-74.08702466793169,22.78337048491568,96.96122679580309,-66.9418979854265,4.92469729792796,4.92469729792796,25.17439575188189,55.90975149846104,107.13692680201154,-73.96718731247321,-0.0033744100417115,-0.0149383275660589,0.760578569469014,0.3530584493239633,5.31022193422971,2.3023493802248485,0.0,-3.056356736242884,0.0,0.0,0.3822868646787652,0.0,0.0331687581330058,2.448438567082635,0.575319484157087,1.1570192166642217,0.0,,-0.0054420463664473,-0.0079786469002124,-7.647595545876071,90357000.0,294467000.0,-206309000.0,584782000.0,20908500.0,22383500.0,0.0,30.65341074867246,46.581217215723285,0.0,2.9360517411230567,1.932109235857857,0.0,-0.0166179480145178,1.3853098215540256,2006-08-14,-0.18,bmo,68500000.0,2025-04-25,2006-06-30,-0.0,57.4968253968254,517754.8412698413
2006-03-31,EQIX,USD,1101239,2006-05-03,2006-05-03 16:14:08,2006,Q1,64869000.0,43345000.0,21524000.0,0.3318071806,0,24328000.0,7198000.0,24328000.0,0.0,24328000.0,67673000.0,0.0,0.0,16912000.0,14108000.0,0.2174844687,-2804000.0,-0.0432255777,-2257000.0,-5061000.0,-0.0780187763,385000.0,-5070000.0,-0.0781575175,-0.18,-0.18,27848000,27848000,https://www.sec.gov/Archives/edgar/data/1101239/000119312506098395/0001193125-06-098395-index.htm,https://www.sec.gov/Archives/edgar/data/1101239/000119312506098395/d10q.htm,2.329395288710141,-0.1820597529445561,0.4593148520540074,-0.496337259408216,5.162884228669922,11.02054007469118,10.220590347601265,11.02054007469118,8.639794599253088,1788398560.0,1947874560.0,-88.18533333333333,27.56938691825063,139.81694629036042,-129.38782810013024,5.827300619094168,5.827300619094168,30.02781852656893,138.06879500992343,152.28477523258542,-140.92566632904067,-0.0028349385385324,-0.0077287022642201,0.7839719778429456,0.3594192549924113,11.30394102636802,2.666938279889437,0.0,-2.522879684418146,0.0,0.0,0.3750327583283232,0.0,0.0332782604538881,2.080603549370651,0.41025759607825,1.573616367076632,0.119594875826666,,-0.0049587834393346,-0.0078344837816914,-7.35735061763861,104332000.0,284623000.0,-195595000.0,575845000.0,17853500.0,21871000.0,0.0,25.62549137492485,43.98777252278233,0.0,3.512127774769897,2.046023129572811,0.0,-0.0165200391006842,0.9556521114622236,2006-04-26,-0.2,bmo,76352941.0,2025-04-25,2006-03-31,-0.15,49.79709677419355,411511.2258064517
2005-12-31,EQIX,USD,1101239,2006-03-16,2006-03-16 13:41:35,2005,Q4,61798000.0,41715000.0,20083000.0,0.3249781546,0,17275000.0,20552000.0,17275000.0,33814000.0,17275000.0,58990000.0,0.0,0.0,21929000.0,24737000.0,0.4002880352,-31006000.0,-0.5017314476,-1608000.0,-32614000.0,-0.5277517072,-10000.0,-32604000.0,-0.5275898896,-1.35,-1.35,24076000,24076000,https://www.sec.gov/Archives/edgar/data/1101239/000119312506056358/0001193125-06-056358-index.htm,https://www.sec.gov/Archives/edgar/data/1101239/000119312506056358/d10k.htm,2.5667885030736004,-1.3542116630669547,0.7708506396411364,3.14744974248214,7.117959793985712,11.99007310184416,11.090671207841837,11.99007310184416,11.2038544608739,981337760.0,1131814760.0,-7.524673046251992,15.879765688209975,52.87665068161,12.950167066958748,3.3994788566994485,3.3994788566994485,18.31474740282857,45.75392165581922,60.98468451964007,14.93592810578268,-0.0332240349133207,0.0772190810226236,0.9344275356545296,0.3961015980980826,6.083073937825929,2.096977784583748,0.0,-0.5692246350141087,0.0,0.0,0.2795397909317453,0.0,0.0317974969052727,3.0830863731882108,0.9259037509304509,2.609284509097542,0.1339363733454157,,-0.0500287181834597,-0.0494492244552531,-8.640316082405715,100289000.0,267019000.0,-200612000.0,560733000.0,16718000.0,22562000.0,0.0,25.10323958704165,48.66666666666666,0.0,3.5851946394384173,1.8493150684931507,0.0,-0.1129444042220782,2.3765991028410034,2006-02-08,-0.48,bmo,25138983.0,2025-04-25,2005-12-31,1.4583333333333333,38.83079365079365,312901.6666666667
2005-09-30,EQIX,USD,1101239,2005-10-26,2005-10-26 15:37:20,2005,Q3,58096000.0,40955000.0,17141000.0,0.2950461305,0,16907000.0,4829000.0,16907000.0,0.0,16907000.0,57862000.0,0.0,0.0,17334000.0,234000.0,0.004027816,234000.0,0.004027816,-853000.0,-619000.0,-0.0106547783,164000.0,-783000.0,-0.0134776921,-0.0325,-0.0325,24076000,24076000,https://www.sec.gov/Archives/edgar/data/1101239/000119312505208757/0001193125-05-208757-index.htm,https://www.sec.gov/Archives/edgar/data/1101239/000119312505208757/d10q.htm,2.413025419504901,-0.0325220136235255,0.6435454394417678,-1.0928725701943844,3.481516863266324,13.086725369662735,12.200199368665892,13.086725369662735,5.728318657584317,1002765400.0,1098107400.0,-320.1677522349936,17.26048953456348,64.71959468181231,-38.11057312252965,3.182614353362363,3.182614353362363,18.90160079867805,4692.766666666666,70.87307344778624,-41.73409090909091,-0.0007808406632299,-0.026239437459649,0.4377197882415671,0.2585680002999737,407.44444444444446,2.6339554331752586,0.0,-19.78799489144317,0.0,0.0,0.291018314513908,0.0,0.0400164985563763,2.698205757067252,0.7196020380060589,2.411791854159455,0.0,,0.0005978367947968,-0.0015291893538735,-5.081149277288586,64087000.0,293732000.0,-114995000.0,456436000.0,15959500.0,24529500.0,0.0,25.094843018452217,49.59174703943352,0.0,3.586394221865547,1.8148180972216068,0.0,-0.0024851147024844,1.736418009636152,2005-10-25,-0.09,bmo,174300000.0,2025-04-25,2005-09-30,-0.6666666666666666,41.73765625,133489.203125
2005-06-30,EQIX,USD,1101239,2005-08-04,2005-08-04 15:59:20,2005,Q2,52479000.0,38811000.0,13668000.0,0.260447036,0,16172000.0,5145000.0,16172000.0,0.0,16172000.0,54983000.0,0.0,0.0,18210000.0,15706000.0,0.2992816174,-2504000.0,-0.0477143238,-1043000.0,-3547000.0,-0.0675889403,-116000.0,-3431000.0,-0.0653785324,-0.14,-0.14,23727000,23727000,https://www.sec.gov/Archives/edgar/data/1101239/000119312505157740/0001193125-05-157740-index.htm,https://www.sec.gov/Archives/edgar/data/1101239/000119312505157740/d10q.htm,2.211784043494753,-0.1446031946727357,0.7649091752012476,0.3480844607409281,4.556833986597547,13.11164496143634,12.210393222910607,13.11164496143634,5.820541998567033,1028328180.0,1099286180.0,-74.92918828329934,19.59504144514949,56.66032178081437,124.51001089720306,3.305458630665381,3.305458630665381,20.94716324625088,69.99147968929071,60.57006887431815,133.10160794285022,-0.0033364834949869,0.0080314827120657,0.4439215686274509,0.2620643851343017,4.517891251750923,3.416321783115583,0.0,-5.2897114543864765,0.0,0.0,0.308161359782008,0.0,0.0405780050665578,0.5449336051573089,0.1884563349149183,0.543108182317408,0.0,,-0.0049338783413636,-0.0067859834137986,-4.04496986555401,89329000.0,289716000.0,-89587000.0,455830000.0,14980500.0,23483000.0,0.0,26.95935517063969,61.43309886372421,0.0,3.3383587786259543,1.4650083043937792,0.0,-0.0110286081645773,0.4168247144603195,2005-07-27,-0.06,bmo,48707071.0,2025-04-25,2005-06-30,1.1666666666666667,38.3659375,194694.90625
2005-03-31,EQIX,USD,1101239,2005-05-04,2005-05-04 14:50:45,2005,Q1,48684000.0,36873000.0,11811000.0,0.2426053734,0,15308000.0,4819000.0,15308000.0,0.0,15308000.0,52181000.0,0.0,0.0,17491000.0,13994000.0,0.2874455673,-3497000.0,-0.0718305809,-1792000.0,-5289000.0,-0.1086393887,505000.0,-5794000.0,-0.1190124065,-0.26,-0.26,21898000,21898000,https://www.sec.gov/Archives/edgar/data/1101239/000119312505095518/0001193125-05-095518-index.htm,https://www.sec.gov/Archives/edgar/data/1101239/000119312505095518/d10q.htm,2.223216732121655,-0.2645903735500959,0.7029409078454654,0.4507260937071878,4.136313818613572,14.126860900538862,13.129418211708831,14.126860900538862,6.336103753767468,927161320.0,1021699320.0,-40.00523472557818,19.04447703557637,60.23265900084454,93.93731712259373,2.9971272668498465,2.9971272668498465,20.98634705447375,73.0098127769044,66.37428181641006,103.51563525835869,-0.0062491821811548,0.0106453966392817,0.448514627444642,0.2678294977666076,6.755609546948692,3.558497577808746,0.0,-2.6567138419054195,0.0,0.0,0.3144359543176402,0.0,0.0421622790254147,0.3587994542974079,0.1134458959822529,0.3157623920873592,0.0502012981677758,,-0.0078284794080214,-0.0116766491201199,-4.906304228696684,77108000.0,287508000.0,-101450000.0,449936000.0,13080000.0,20148000.0,0.0,26.32671925067784,49.973151086160605,0.0,3.418580155887929,1.8009670801992772,0.0,-0.0187295943106513,0.2522148141382774,2005-04-27,-0.14,bmo,38729859.0,2025-04-25,2005-03-31,0.7857142857142856,42.57836065573771,132014.04918032786
2004-12-31,EQIX,USD,1101239,2005-03-10,2005-03-10 15:59:50,2004,Q4,44989000.0,34705000.0,10284000.0,0.2285892107,0,13056000.0,18604000.0,13056000.0,17685000.0,13056000.0,47761000.0,0.0,0.0,21277000.0,18505000.0,0.4113227678,-20457000.0,-0.4547111516,-2259000.0,-22716000.0,-0.5049234257,-47000.0,-22669000.0,-0.5038787259,-1.23,-1.23,18386000,18386000,https://www.sec.gov/Archives/edgar/data/1101239/000119312505046552/0001193125-05-046552-index.htm,https://www.sec.gov/Archives/edgar/data/1101239/000119312505046552/d10k.htm,2.4469161318394432,-1.2329489829217883,0.5779397367562276,0.2433917110845208,4.918796910692919,14.886652888067008,13.689111280321985,14.886652888067008,8.554226041553356,785817640.0,917157640.0,-8.666214213242755,17.466883904954546,73.95234707321664,175.60170726256985,2.871028183525389,2.871028183525389,20.386264197915047,49.56269332612808,86.31259552042161,204.95142793296088,-0.0288476598718247,0.0056947054535451,0.574623866484476,0.3134289096409312,7.097541205079708,3.321608040201005,0.0,-0.4687458643963121,0.0,0.0,0.2902042721554158,0.0,0.0438782139426621,0.5788631658196876,0.136722309897975,0.289091507261362,0.0326079708373157,,-0.0434137695626004,-0.0472487390053774,-7.000747851626238,74844000.0,251688000.0,-121010000.0,440223000.0,12397000.0,20697500.0,0.0,23.843828491409013,51.40412044374009,0.0,3.77456162429734,1.7508324084350722,0.0,-0.0828224445207631,0.3345480256717067,2005-02-09,-0.27,bmo,45000000.0,2025-04-25,2004-12-31,-0.0,37.89640625,161758.609375
2004-09-30,EQIX,USD,1101239,2004-11-04,2004-11-04 14:51:17,2004,Q3,42439000.0,34310000.0,8129000.0,0.1915455124,0,12727000.0,4433000.0,12727000.0,0.0,12727000.0,47037000.0,0.0,0.0,14664000.0,9808000.0,0.2311081788,-4598000.0,-0.1083437404,-2017000.0,-6615000.0,-0.1558707792,0.0,-6615000.0,-0.1558707792,-0.36,-0.36,18386000,18386000,https://www.sec.gov/Archives/edgar/data/1101239/000119312504186170/0001193125-04-186170-index.htm,https://www.sec.gov/Archives/edgar/data/1101239/000119312504186170/d10q.htm,2.308223648428152,-0.3597846187316436,0.5935494397911454,0.1790492766235178,5.306863918198629,15.837974545850104,14.678886108995975,15.837974545850104,6.489394104209725,565737220.0,642467220.0,-21.38084731670446,13.3305973279295,51.84066892696784,171.85213244228433,1.942798929934031,1.942798929934031,15.138604114140296,65.50440660685155,58.87173279574819,195.1601518833536,-0.0116927077910836,0.0058189560163639,0.409736364042212,0.2551941857629903,7.823205546492659,3.6742629945694336,0.0,-1.6497354497354495,0.0,0.0,0.2998892528099154,0.0,0.0455809317665578,0.6983414276550902,0.1795753905605693,0.519708128750682,0.0,,-0.0105312341103878,-0.0148241605805065,-3.759205373653867,82731000.0,269886000.0,-62678000.0,422276000.0,12735000.0,12795000.0,0.0,27.30389500223851,56.58904109589041,0.0,3.296233009708738,1.59041394335512,0.0,-0.0227165801845486,0.4145001631676275,2004-10-26,-0.48,bmo,59858823.0,2025-04-25,2004-09-30,-0.2916666666666666,30.60578125,122753.75
2004-06-30,EQIX,USD,1101239,2004-08-02,2004-08-02 13:54:16,2004,Q2,39423000.0,34150000.0,5273000.0,0.1337544073,0,12431000.0,4423000.0,12431000.0,0.0,12431000.0,46581000.0,0.0,0.0,14686000.0,7528000.0,0.1909545189,-7158000.0,-0.1815691348,-2041000.0,-9199000.0,-0.2333409431,6000.0,-9205000.0,-0.2334931385,-0.51,-0.51,18191000,18191000,https://www.sec.gov/Archives/edgar/data/1101239/000119312504129027/0001193125-04-129027-index.htm,https://www.sec.gov/Archives/edgar/data/1101239/000119312504129027/d10q.htm,2.167170578857677,-0.5060194601726128,0.4888131493595734,0.2657358034192733,5.079379913143862,16.287339893353856,15.129679511846518,16.287339893353856,6.545434555549448,617402540.0,684907540.0,-16.768129820749593,15.660973036044949,69.43348403058928,127.7208398841539,2.083827084240405,2.083827084240405,17.373298328386984,90.98134165781084,77.02513945119209,141.68546545304096,-0.0149092357151624,0.0078295758226067,0.4018725340299646,0.256234344199499,8.967189160467587,4.375800361188639,0.0,-0.965996740901684,0.0,0.0,0.3153235420947163,0.0,0.045318969450207,0.4563652721547458,0.1029348349948,0.2763175813700123,0.0,,-0.01626696213741,-0.020749506903353,-3.658718597108461,82248000.0,275224000.0,-61789000.0,427855000.0,11337000.0,12343500.0,0.0,28.75351951906248,10.586530014641289,0.0,3.1300516077808656,8.50136918098083,0.0,-0.0310682691885798,0.2230773459403001,2004-07-28,-0.63,bmo,51712500.0,2025-04-25,2004-06-30,-0.2380952380952381,31.37161290322581,170963.35483870967
2004-03-31,EQIX,USD,1101239,2004-05-06,2004-05-06 15:28:17,2004,Q1,36820000.0,33785000.0,3035000.0,0.0824280282,0,12884000.0,4642000.0,12884000.0,0.0,12884000.0,46669000.0,0.0,0.0,15506000.0,5657000.0,0.1536393265,-9849000.0,-0.2674904943,-20099000.0,-29948000.0,-0.8133623031,194000.0,-30142000.0,-0.8186311787,-2.0,-2.0,15104000,15104000,https://www.sec.gov/Archives/edgar/data/1101239/000119312504080533/0001193125-04-080533-index.htm,https://www.sec.gov/Archives/edgar/data/1101239/000119312504080533/d10q.htm,2.4377648305084745,-1.9956302966101696,0.4290916313559322,0.0911679025423728,5.868511652542373,20.055813029661017,18.63817531779661,20.055813029661017,7.711069915254237,547217920.0,594842920.0,-4.538666312786145,14.861975013579576,84.43417991050764,397.3986347131446,1.806458803062164,1.806458803062164,16.155429657794677,105.15165635495846,91.78258293473228,431.9846913580247,-0.0550822604639848,0.0025163649611474,0.384480544560829,0.2493037911009412,8.418773201343468,4.139551105822494,0.0,-0.2150155928604604,0.0,0.0,0.3499185225420967,0.0,0.0458331281987614,0.7875327881499768,0.1386203150461705,0.3291629046820585,0.0183867463335143,,-0.0223865311991196,-0.0676191950394942,-4.505611096398305,76514000.0,281511000.0,-63365000.0,432221000.0,10128500.0,19361000.0,0.0,24.63633894622488,55.06289773568152,0.0,3.653140192479413,1.6344944363812288,0.0,-0.0995038343077283,0.3379237288135593,2004-04-22,-0.92,bmo,38914942.0,2025-04-25,2004-03-31,-0.0543478260869565,31.71258064516129,254818.67741935485
2003-12-31,EQIX,USD,1101239,2004-03-05,2004-03-05 16:29:45,2003,Q4,33154000.0,32554000.0,600000.0,0.0180973638,0,13216000.0,19483000.0,13216000.0,0.0,13216000.0,45770000.0,0.0,0.0,24467000.0,11851000.0,0.3574530977,-12616000.0,-0.3805272365,-71555000.0,-84171000.0,-2.5387886831,-66474000.0,-17697000.0,-0.5337817458,-1.9,-1.9,9293000,9293000,https://www.sec.gov/Archives/edgar/data/1101239/000119312504035568/0001193125-04-035568-index.htm,https://www.sec.gov/Archives/edgar/data/1101239/000119312504035568/d10k.htm,3.567631550629506,-1.9043365974389328,0.3312170450877004,-0.1918648445066179,7.852254385020983,34.442806413429466,32.15850640266868,34.442806413429466,10.609706230496071,262155530.0,300323530.0,-3.7033894162852463,7.907206671894794,85.17073749187784,-147.03058328659563,0.8190389500026556,0.8190389500026556,9.058440308861677,25.34161927263522,97.57099740090968,-168.43720134604598,-0.0675057283742975,-0.006801306079639,0.3080383782652299,0.2122480259702238,3.2206564846848367,2.2397342054716294,0.0,-0.1739277843702322,0.0,0.0,0.3986246003498823,0.0,0.0456976053318178,1.5792722547108513,0.1466188091934608,0.1986757673601177,0.0876214031489413,,-0.0060189497999362,-0.0399206864815115,-6.870816743785645,47762000.0,298849000.0,-58167000.0,412544000.0,9785500.0,11211500.0,0.0,27.62924533992882,49.907231062235056,0.0,3.2574179603065434,1.803345889652116,0.0,-0.0552898208868491,0.5230818895943183,2004-02-04,-1.39,bmo,32729078.0,2025-04-25,2003-12-31,0.0143884892086331,22.44796875,156912.609375
2003-09-30,EQIX,USD,1101239,2003-10-28,2003-10-28 15:29:05,2003,Q3,30919000.0,33314000.0,-2395000.0,-0.0774604612,0,11891000.0,4823000.0,11891000.0,0.0,11891000.0,45205000.0,0.0,0.0,15666000.0,1380000.0,0.0446327501,-14286000.0,-0.4620459911,-5432000.0,-19718000.0,-0.6377308451,0.0,-19718000.0,-0.6377308451,-2.12,-2.12,9293000,9293000,https://www.sec.gov/Archives/edgar/data/1101239/000119312503068402/0001193125-03-068402-index.htm,https://www.sec.gov/Archives/edgar/data/1101239/000119312503068402/d10q.htm,3.32712794576563,-2.1218121166469386,0.2046701818573119,0.0508985257720865,2.71419347896266,24.91757236629721,22.35155493382116,24.91757236629721,16.40729581405359,173221520.0,303971520.0,-2.1962359265645603,5.60242957404832,91.07335436382756,366.2188583509514,0.748066453905916,0.748066453905916,9.83122093211294,220.26921739130435,159.81678233438487,642.6459196617336,-0.1138311221377113,0.0027306076057986,0.658462853959466,0.3592790525606405,94.7463768115942,1.1797678750537326,0.0,-0.0964600872299421,0.0,0.0,0.3845855299330509,0.0,0.0561894124688373,0.7513144058885384,0.0462175361428248,0.0912166475169156,0.0,,-0.0355457135392692,-0.0492285414690168,-17.27744000860863,6273000.0,207713000.0,-151659000.0,377965000.0,9679000.0,8636000.0,0.0,27.341440538180407,11.80854895839587,0.0,3.29170659001384,7.621596888583848,0.0,-0.0851532438816889,0.1537716560852254,2003-10-28,,amc,,2025-04-25,2003-09-30,,16.30703125,107816.6875
2003-06-30,EQIX,USD,1101239,2003-08-04,2003-08-04 14:12:21,2003,Q2,28434000.0,31634000.0,-3200000.0,-0.1125413238,0,13042000.0,4684000.0,13042000.0,0.0,13042000.0,44676000.0,0.0,0.0,16531000.0,289000.0,0.0101638883,-16242000.0,-0.5712175564,-4961000.0,-21203000.0,-0.7456917774,0.0,-21203000.0,-0.7456917774,-2.44,-2.44,8706000,8706000,https://www.sec.gov/Archives/edgar/data/1101239/000119312503028382/0001193125-03-028382-index.htm,https://www.sec.gov/Archives/edgar/data/1101239/000119312503028382/d10q.htm,3.2660234321157824,-2.435446818286239,-0.3087525844245348,-0.4367103147254766,2.786239375143579,28.605903974270618,25.847691247415572,28.605903974270618,17.463703193200093,68342100.0,196124100.0,-0.8058069612790643,2.403534500949567,-25.42488839285714,-17.975302472382957,0.2744188754552427,0.2744188754552427,6.897520573960751,678.6301038062284,-72.96283482142857,-51.58445554971068,-0.3102480023294572,-0.0556318872261753,0.6104929670779745,0.3475987544524666,442.1522491349481,1.3832791930244486,0.0,0.1267745130406074,0.0,0.0,0.4586762326791869,0.0,0.0548996566056543,-0.4144345238095238,0.0391784483364985,0.0673885427378864,0.0,,-0.0388455862832652,-0.0512911692490051,-17.990380197564896,11209000.0,225030000.0,-147901000.0,396144000.0,10320000.0,13419000.0,0.0,31.541464443975524,36.70386293228805,0.0,2.8533868539889613,2.45205798000155,0.0,-0.0851379079114851,0.1279577303009418,2003-10-27,-2.03,bmo,31363499.0,2025-04-25,2003-06-30,-0.0147783251231526,5.768730158730159,74225.55555555556
2003-03-31,EQIX,USD,1101239,2003-05-15,2003-05-14 21:36:10,2003,Q1,25435000.0,30619000.0,-5184000.0,-0.2038136426,0,15627000.0,4703000.0,15627000.0,0.0,15627000.0,46246000.0,0.0,0.0,17737000.0,-3074000.0,-0.1208570867,-20811000.0,-0.8182032632,-4742000.0,-25553000.0,-1.0046392766,0.0,-25553000.0,-1.0046392766,-3.0,-3.0,8512000,8512000,https://www.sec.gov/Archives/edgar/data/1101239/000101287003002591/0001012870-03-002591-index.htm,https://www.sec.gov/Archives/edgar/data/1101239/000101287003002591/d10q.htm,2.9881343984962405,-3.001997180451128,-2.2976973684210527,-2.338345864661654,2.464520676691729,30.43761748120301,27.54440789473684,30.43761748120301,17.963228383458645,25110400.0,157035400.0,-0.2456697843697413,0.9872380577943778,-1.2838940586972083,-1.2615755627009646,0.0969195437790686,0.0969195437790686,6.173988598388048,-51.0850357839948,-8.029215666223541,-7.8896402733118975,-1.017626162864789,-0.7926596151395437,0.5901653897369589,0.3386660937437705,-42.91639557579701,1.3102382192137465,0.0,0.7653895824365046,0.0,0.0,0.6143896206015333,0.0,0.054546541863978,-0.0176909704468759,0.0136033025358757,0.0195072447426284,0.037664635344997,,-0.0487523191963867,-0.0598628586957285,-19.19839638157895,9533000.0,234458000.0,-152140000.0,408096000.0,9913500.0,17142000.0,0.0,37.77275407902496,40.96574022665665,0.0,2.382669789227166,2.1969577383942025,0.0,-0.0986278634424995,0.0406484962406015,2003-05-14,,amc,,2025-04-25,2003-03-31,,4.189180327868852,41744.93442622951
2002-12-31,EQIX,USD,1101239,2003-03-27,2003-03-27 08:28:14,2002,Q4,18803000.0,25474000.0,-6671000.0,-0.3547838111,0,11003000.0,15247000.0,11003000.0,28885000.0,11003000.0,36477000.0,0.0,0.0,17373000.0,-301000.0,-0.0160080838,-17599000.0,-0.9359676647,-4019000.0,-21618000.0,-1.1497101526,-82339000.0,60721000.0,3.2293251077,19.3,19.3,3145931,3145931,https://www.sec.gov/Archives/edgar/data/1101239/000089843003002107/0000898430-03-002107-index.htm,https://www.sec.gov/Archives/edgar/data/1101239/000089843003002107/d10k.htm,5.97692702096772,19.30144049567521,0.709487906759557,0.2590648046635479,13.731070389019976,90.33700993442004,82.39627633282484,90.33700993442004,49.26872204126537,17931806.7,131711806.7,0.0738286865334892,0.9536673243631336,8.033963575268817,22.00221680981595,0.0630970629218069,0.0630970629218069,7.004829372972398,-437.5807531561462,59.01066608422939,161.60957877300615,3.386217630820212,0.045449965730447,0.5453880095990767,0.3150305994069142,-378.0066445182724,1.3752138788416972,0.0,0.0367582879069844,0.0,0.0,0.5851725788438015,0.0,0.0507740806458497,0.6348566308243727,0.075360314843376,0.0815633454210556,0.3657926926554273,198.07012518460385,0.1090249878143638,0.1300174295857582,-50.143502829528046,17324000.0,259213000.0,-144314000.0,432353000.0,7936500.0,11755000.0,0.0,43.80577567409456,71.88623694747587,0.0,2.054523601398601,1.251978178601268,0.0,0.2136603869187949,0.4504231020960091,2003-02-15,0.38,bmo,762433.3,2025-04-25,2002-12-31,-25.657894736842103,8.55859375,22218.9375
2002-09-30,EQIX,USD,1101239,2002-11-08,2002-11-08 14:35:55,2002,Q3,20187000.0,26217000.0,-6030000.0,-0.2987070887,0,11047000.0,2888000.0,11047000.0,19010000.0,11047000.0,37264000.0,0.0,0.0,17019000.0,-58000.0,-0.0028731362,-36087000.0,-1.7876356071,-8001000.0,-44088000.0,-2.183979789,27011000.0,-44088000.0,-2.183979789,-14.01,-14.01,3145931,3145931,https://www.sec.gov/Archives/edgar/data/1101239/000101287002004255/0001012870-02-004255-index.htm,https://www.sec.gov/Archives/edgar/data/1101239/000101287002004255/d10q.htm,6.4168603825068,-14.014293384057057,-1.2371536438656792,-1.576321921873048,3.6942959015947903,47.00230233911678,47.00230233911678,47.00230233911678,78.85010828273093,34227729.28,272974729.28,-0.1940875594266013,1.6955332283152524,-8.794380596094554,-6.9021434321435775,0.2314780225339158,0.2314780225339158,13.522302931589635,-4706.460849655172,-70.13739190133607,-55.04632572696107,-1.2880784360346558,-0.1448825295839198,1.6775797005396778,0.5791421327144785,-4116.327586206897,0.2337901950448075,0.0,0.0882779894755942,0.0,0.0,0.5472333680091148,0.0,0.0,-0.2741521068859198,0.0528557982860256,0.0626946354074857,0.0739089513052954,,-0.1424008608403985,-0.1029328676357285,-83.85093315778381,-95931000.0,147866000.0,-251181000.0,290768000.0,6565000.0,7205000.0,0.0,29.964333481943825,10.858221764503948,0.0,3.0035708971879185,8.288650015807777,0.0,-0.2981618492418811,0.3391682780073689,2002-11-08,,amc,,2025-04-25,2002-09-30,,11.705,10106.890625
2002-06-30,EQIX,USD,1101239,2002-08-14,2002-08-14 13:18:43,2002,Q2,18040000.0,26956000.0,-8916000.0,-0.4942350333,0,12945000.0,5110000.0,12945000.0,9950000.0,12945000.0,39901000.0,0.0,0.0,15648000.0,-11789000.0,-0.6534922395,-31811000.0,-1.7633592018,7254000.0,-24557000.0,-1.3612527716,2696000.0,-24557000.0,-1.3612527716,-7.94,-7.94,3091875,3091875,https://www.sec.gov/Archives/edgar/data/1101239/000102140802010889/0001021408-02-010889-index.htm,https://www.sec.gov/Archives/edgar/data/1101239/000102140802010889/d10q.htm,5.834647260966242,-7.942429755407318,-7.6988882150798466,-8.08312108348494,7.524236911259349,61.5416211845563,61.5416211845563,61.5416211845563,82.23197897715788,33639600.0,271115600.0,-0.3424644704157674,1.8647228381374723,-1.4131910603259956,-1.346014724711908,0.1767909228028316,0.1767909228028316,15.02858093126386,-22.99733650012724,-11.389497563434716,-10.848095390524968,-0.7300027348719961,-0.7429339231144246,1.3362010521392271,0.540550136492359,-20.143862923063875,0.2609609751488236,0.0,0.9693366453557032,0.0,0.0,0.7175720620842572,0.0,0.0,-0.0499075785582255,0.0658536585365853,0.075920245398773,0.0,,-0.0774000106805555,-0.0522093903341298,-81.50596321002628,-93855000.0,190279000.0,-246936000.0,305857000.0,7238000.0,15058000.0,4442500.0,31.9739467849224,37.551194539249146,0.0,2.8147916991730377,2.3967280163599183,0.0,-0.129057857146611,0.384232868405094,2002-11-05,11.19,bmo,24921499.0,2025-04-25,2002-06-30,-1.810545129579982,18.56234375,17880.328125
2002-03-31,EQIX,USD,1101239,2002-05-06,2002-05-03 20:39:37,2002,Q1,20158000.0,25426000.0,-5268000.0,-0.2613354499,0,10911000.0,4170000.0,10911000.0,0.0,10911000.0,36337000.0,0.0,0.0,16897000.0,718000.0,0.035618613,-16179000.0,-0.8026093859,2485000.0,-13694000.0,-0.6793332672,-2485000.0,-13694000.0,-0.6793332672,-5.15,-5.15,2660437,2660437,https://www.sec.gov/Archives/edgar/data/1101239/000101287002002114/0001012870-02-002114-index.htm,https://www.sec.gov/Archives/edgar/data/1101239/000101287002002114/d10q.htm,7.576950703963297,-5.147274677054935,-0.7686707108644182,-1.834660997422604,20.71840077400818,77.26850889534313,77.26850889534313,77.26850889534313,105.86080407091016,97904081.6,345787081.6,-1.7873536147217757,4.85683508284552,-47.87485652811736,-20.058201516082768,0.4762612935865504,0.4762612935865504,17.153838753844628,481.5976066852368,-169.08903745721273,-70.8434914156935,-0.1398715944851884,-0.0498549184082229,1.3700381382316311,0.5297026257929948,345.2409470752089,1.7353325554259045,0.0,0.149335475390682,0.0,0.0,0.5412739359063399,0.0,0.0,-1.38679706601467,0.1406885603730528,0.167840445049417,0.128038495882528,,-0.0266204390473945,-0.0257557547955846,-97.91859382499943,31509000.0,205568000.0,-251760000.0,449117000.0,7488000.0,18184000.0,4442500.0,36.016965968846115,66.79029340045622,31.4500904585857,2.4988223627122848,1.3475011924320317,2.86167698368036,-0.0666154265255292,1.0659902865581858,2002-04-25,-10.13,bmo,21838420.0,2025-04-25,2002-03-31,-0.07502467917078,60.5705,16678.183333333334
2001-12-31,EQIX,USD,1101239,2002-03-25,2002-03-25 00:00:00,2001,Q4,17466000.0,20296000.0,-2830000.0,-0.1620290851,0,14934000.0,0.0,14934000.0,0.0,14934000.0,35230000.0,0.0,0.0,17515000.0,-249000.0,-0.0142562693,-17764000.0,-1.0170617199,0.0,0.0,0.0,9683000.0,-27447000.0,-1.5714531089,-11.09,-11.09,2474515,2474515,https://www.sec.gov/Archives/edgar/data/1101239/000101287002001401/0001012870-02-001401-index.htm,https://www.sec.gov/Archives/edgar/data/1101239/000101287002001401/d10k405.txt,7.058352848942116,-11.091870528164105,-6.787996839784766,1.039395598733489,35.4497750064154,82.2468241251316,82.2468241251316,82.2468241251316,123.8351757819209,229634992.0,477235992.0,-2.0916219623273946,13.147543341348907,-13.67119080788236,89.28265629860032,1.1283110440691624,1.1283110440691624,27.32371418756441,-1916.6104096385543,-28.41197785318807,185.55054121306372,-0.1195244668983201,0.0112003836070419,1.5056529792994335,0.5328751734619706,-994.3815261044176,1.6298694121176711,0.0,0.6119794513061537,0.0,0.0,0.8550326348333905,0.0,0.0,-1.1531225814133477,1.108954540249628,1.1058521267485013,0.0,,,-0.0477294306273845,-112.59994382737628,39889000.0,203521000.0,-268315000.0,365115000.0,7579500.0,19156500.0,0.0,35.60116798351082,77.59706346078045,0.0,2.528006947459835,1.159837705011715,0.0,-0.1348607760378536,7.827392438518255,2002-02-14,-12.55,bmo,20625188.0,2025-04-25,2001-12-31,-0.1808764940239045,37.69328125,18852.859375
2001-09-30,EQIX,USD,1101239,2001-11-13,2001-11-13 00:00:00,2001,Q3,17178000.0,24597000.0,-7419000.0,-0.4318896263,0,16603000.0,0.0,16603000.0,0.0,16603000.0,41200000.0,0.0,0.0,17554000.0,-6468000.0,-0.3765281174,-72587000.0,-4.2255792292,72587000.0,-121152000.0,-7.0527418791,57552000.0,-81574000.0,-4.7487483991,-32.97,-32.97,2474515,2474515,https://www.sec.gov/Archives/edgar/data/1101239/000101287001502743/0001012870-01-502743-index.htm,https://www.sec.gov/Archives/edgar/data/1101239/000101287001502743/d10q.txt,6.941966405538055,-32.96565185500997,-5.748197121456124,-19.916630127519937,67.0200018993621,92.02813480621457,92.02813480621457,92.02813480621457,66.72297399692465,35633016.0,116089016.0,-0.1092045749871282,2.0743402025847013,-2.5051332958380206,-0.7230138787436085,0.1564738873641453,0.1564738873641453,6.758005355687508,-17.94820902906617,-8.161488751406074,-2.3555112409707006,-2.289281378820137,-1.3830993144111068,0.7250279942913602,0.2545045079762431,-12.439084724799011,1.6559489232077076,0.0,0.1743692843307916,0.0,0.0,0.9665269530795204,0.0,0.0,-2.4648481439820022,2.040982652229596,1.997265580494474,0.0,,-0.182140428404576,-0.1257424017979495,-100.61951533936951,74075000.0,227725000.0,-234011000.0,492419000.0,7277500.0,18525000.0,0.0,43.223891023402025,76.15806805708013,0.0,2.082181818181818,1.1817526664744884,0.0,-0.3582127566143375,14.168433006063816,2001-10-17,-14.52,bmo,19664881.0,2025-04-25,2001-09-30,-0.1253443526170799,31.75593220338983,9759.440677966102
2001-06-30,EQIX,USD,1101239,2001-08-14,2001-08-14 00:00:00,2001,Q2,16157000.0,26318000.0,-10161000.0,-0.6288915021,0,19783000.0,0.0,19783000.0,0.0,19783000.0,46101000.0,0.0,0.0,20309000.0,-9635000.0,-0.5963359535,-29944000.0,-1.8533143529,0.0,0.0,0.0,7913000.0,-37857000.0,-2.3430711147,-15.49,-15.49,2443591,2443591,https://www.sec.gov/Archives/edgar/data/1101239/000101287001501607/0001012870-01-501607-index.htm,https://www.sec.gov/Archives/edgar/data/1101239/000101287001501607/d10q.txt,6.611990304433107,-15.492363492908591,-7.543815638541802,-10.575419536248088,94.39959469485687,124.56339870297444,124.56339870297444,124.56339870297444,144.73289515307596,83668555.84,313333555.84000003,-0.5525302839633357,5.178470993377483,-4.538817176955626,-3.23769661171736,0.2748801040797419,0.2748801040797419,19.393052908336944,-32.52034829683446,-16.997589011608984,-12.124973138301993,-0.4524638870592463,-0.3088615518764044,1.1619215328107444,0.4989757162931652,-23.836533471717697,4.835239870499362,0.0,0.4869376865573077,0.0,0.0,1.2244228507767532,0.0,0.0,-0.4018661169577954,0.4585009593365104,0.364764390171845,0.0,,,-0.0534108929609417,-69.16184009517141,195463000.0,304382000.0,-157978000.0,620706000.0,6341500.0,14343500.0,0.0,35.121000185678035,55.522456113686445,0.0,2.5625693893735133,1.6209657551120966,0.0,-0.1243733203671702,3.031603897706286,2001-07-18,-16.93,bmo,18888842.0,2025-04-25,2001-06-30,-0.1423508564678086,41.77015873015873,17034.31746031746
2001-03-31,EQIX,USD,1101239,2001-05-03,2001-05-03 00:00:00,2001,Q1,12613000.0,3172000.0,9441000.0,0.7485134385,0,23901000.0,0.0,23901000.0,0.0,44407000.0,47579000.0,0.0,0.0,20506000.0,-14460000.0,-1.1464362166,-34966000.0,-2.772219139,0.0,0.0,0.0,6571000.0,-41537000.0,-3.2931895663,-17.37,-17.37,2390694,2390694,https://www.sec.gov/Archives/edgar/data/1101239/000101287001500585/0001012870-01-500585-index.htm,https://www.sec.gov/Archives/edgar/data/1101239/000101287001500585/d10q.txt,5.27587386758824,-17.37445277396438,-8.114380175798324,-22.625647615294973,103.02782371980688,141.055275162777,141.055275162777,141.055275162777,135.6907241160935,95627760.0,254153760.0,-0.5755576955485471,7.5816823911836995,-4.929520078354555,-1.7679051967979886,0.2835767748057647,0.2835767748057647,20.150143502735272,-17.576331950207468,-13.101384607453992,-4.698633044314211,-0.4343613193491095,-0.5656411903823744,0.961968447897515,0.4337794216363524,-10.963070539419087,3.3333214856939755,0.0,0.4670293954787298,0.0,0.0,1.894949655117736,0.0,0.0,-1.7883396051342852,2.750495520494728,1.6917975226762898,0.0,,,-0.0555430750674614,-66.72644010483985,196944000.0,337220000.0,-129265000.0,538945000.0,5651500.0,13084000.0,0.0,45.5101879013716,353.2755359394704,0.0,1.9775791784258387,0.2547586539233796,0.0,-0.1231747820413973,14.511267439496647,2001-04-18,-18.25,bmo,14081445.0,2025-04-25,2001-03-31,-0.1052054794520548,129.9193548387097,9792.935483870968
2000-12-31,EQIX,USD,1101239,2001-03-27,2001-03-27 00:00:00,2000,Q4,8055000.0,-1412000.0,9467000.0,1.1752948479,0,24935000.0,0.0,24935000.0,0.0,48154000.0,46742000.0,0.0,0.0,23219000.0,-15468000.0,-1.9202979516,-38687000.0,-4.8028553693,0.0,0.0,0.0,4198000.0,-42885000.0,-5.3240223464,-30.09,-30.09,1425214,1425214,https://www.sec.gov/Archives/edgar/data/1101239/000101287001001327/0001012870-01-001327-index.htm,https://www.sec.gov/Archives/edgar/data/1101239/000101287001001327/0001012870-01-001327-0001.txt,5.651782819983525,-30.09021803041508,-21.5588676507528,-162.6759209494153,145.38869250512553,263.19977210439976,263.19977210439976,263.19977210439976,138.11259221422188,199529960.0,221596960.0,-1.1631687070071122,24.77094475481068,-6.493847555815922,-0.8606067768538007,0.5319153541837724,0.5319153541837724,27.510485412787087,-14.32615464184122,-7.21203410792163,-0.9557855146475276,-0.2149301287886791,-1.161970863924395,0.5247443457490483,0.2879946158291696,-1.4266227049392293,2.1381683573077925,0.0,0.7164742917103882,0.0,0.0,3.095592799503414,0.0,0.0,-6.545661654624748,24.968590937306026,8.661957879322967,0.0,,,-0.0627446103425825,-68.38639670954677,126677000.0,375116000.0,-70393000.0,536951000.0,5172500.0,12002000.0,0.0,55.02793296089386,-874.3130311614731,0.0,1.635532994923858,-0.102937960195378,0.0,-0.1143246355793941,141.1170532986625,2001-02-07,-19.25,bmo,9044373.55,2025-04-25,2000-12-31,-0.1044155844155845,210.82539682539684,12824.15873015873
2000-09-30,EQIX,USD,1101239,2000-11-09,2000-11-09 00:00:00,2000,Q3,3933000.0,-1602000.0,5535000.0,1.4073226545,0,21464000.0,0.0,21464000.0,0.0,35485000.0,33883000.0,0.0,0.0,14021400.0,-15928600.0,-4.0499872871,-29950000.0,-7.6150521231,0.0,0.0,0.0,2135000.0,-32085000.0,-8.1578947368,-22.51,-22.51,1425214,1425214,https://www.sec.gov/Archives/edgar/data/1101239/000101287000005617/0001012870-00-005617-index.htm,https://www.sec.gov/Archives/edgar/data/1101239/000101287000005617/0001012870-00-005617-0001.txt,2.759585578025475,-22.512408662839405,-8.735670572980618,-5.7411729045602975,217.91674794101093,289.57265365060965,289.57265365060965,289.57265365060965,141.27773092321573,404760776.0,332242776.0,-3.1538162381175003,102.9140035596237,-32.510383447655464,-49.467243840438016,0.9807555942166644,0.9807555942166644,84.47566132723112,-20.858253456047613,-26.685738060432765,-40.60456296441142,-0.0792690445874627,-0.0202153975512686,0.4878835385252833,0.2873536480245694,4.552691385306932,3.8356540715385554,0.0,0.3880380239987533,0.0,0.0,5.457411645054665,0.0,0.0,-0.3427896740614609,1.08512585812357,0.3043775942487911,0.0,,,-0.045789401576691,18.6905264753223,255983000.0,412703000.0,58251000.0,451947000.0,3873350.0,9562600.0,0.0,124.0274599542334,-577.9213483146067,0.0,0.7256457564575646,-0.1557305336832896,0.0,-0.0777435589273642,2.9944976684203213,2000-11-09,,amc,,2025-04-25,2000-09-30,,403.22857142857146,51499.514285714286
2000-06-30,EQIX,USD,1101239,2000-07-20,2000-07-20 00:00:00,2000,Q2,892000.0,-2654000.0,3546000.0,3.9753363229,0,0.0,0.0,20106000.0,7957000.0,28063000.0,25409000.0,0.0,0.0,9726300.0,-14790700.0,-16.5815022422,-24517000.0,-27.485426009,0.0,0.0,0.0,2294000.0,-26811000.0,-30.0571748879,-83.64,-20.45,320543,1311264,https://www.sec.gov/Archives/edgar/data/1101239/000101287000003870/0001012870-00-003870-index.htm,https://www.sec.gov/Archives/edgar/data/1101239/000101287000003870/0001012870-00-003870-0001.txt,2.782777973626003,-83.64244422745155,-64.64187332120808,-493.3431708070368,497.0110094433508,588.4021800507264,588.4021800507264,588.4021800507264,616.7581260548507,134628060.0,183385560.0,-1.2553435157211592,150.9283183856502,-6.497336454236143,-0.8513343750414987,0.7137974913073769,0.7137974913073769,205.5891928251121,-12.39870729580074,-8.850440867739678,-1.1596574377899769,-0.1991486767320275,-1.1746265971596117,1.0481914360033129,0.4388679417010843,-3.2964971231922764,2.866303887288096,0.0,0.7728300113385451,0.0,0.0,0.0,0.0,0.0,-6.631944209840496,154.05515695067265,14.128414710629942,0.0,,,-0.0595176387407416,-314.4815984126935,123775700.0,188608200.0,-71766300.0,361516800.0,1305900.0,6967250.0,0.0,234.7567264573991,-299.7128862094951,0.0,0.3833755963381613,-0.3002873888348306,0.0,-0.142151825848505,428.7012974858287,2000-10-17,-14.89,bmo,3840674.6,2025-04-25,2000-06-30,0.0154466084620549,,
2000-03-31,EQIX,USD,1101239,2000-03-31,2000-03-30 19:00:00,2000,Q1,135600.0,-2972800.0,3108400.0,22.9233038348,0,0.0,0.0,10876500.0,6187300.0,17063800.0,14091000.0,0.0,0.0,6187300.0,-7767000.0,-57.2787610619,-13955400.0,-102.9159292035,0.0,0.0,0.0,4053400.0,-18008800.0,-132.808259587,-76.67,-76.67,234875,234875,,,0.5773283661522086,-76.67397551889303,-17.78094731240021,-173.1682810005322,824.3503991484832,409.6796168174561,409.6796168174561,409.6796168174561,836.3959552953698,98647500.0,107420300.0,-1.3694346652747544,727.4889380530974,-23.620788736441348,-2.4253864366691333,1.0251913513850566,1.0251913513850566,792.1851032448377,-13.83034633706708,-25.72140411368915,-2.6410779659183388,-0.1825570845687929,-0.4123054309536481,2.041585475481561,0.5917496011044069,-1.129496588129265,5.26558986472587,0.0,0.231903291724046,0.0,0.0,0.0,0.0,0.0,-8.738979479443527,269.14896755162243,5.898631066862768,0.0,,,-0.0542467884273437,-178.48845130388506,180399900.0,96223500.0,-13063800.0,233750300.0,,,,189.22566371681413,-154.2878767491927,0.0,0.4756225885654156,-0.583325157467182,0.0,-0.1871559442339969,155.38733368813195,2000-03-30,,amc,,2025-04-25,2000-03-31,,,
