date,symbol,reportedCurrency,cik,fillingDate,acceptedDate,calendarYear,period,revenue,costOfRevenue,grossProfit,grossProfitRatio,researchAndDevelopmentExpenses,generalAndAdministrativeExpenses,sellingAndMarketingExpenses,sellingGeneralAndAdministrativeExpenses,otherExpenses,operatingExpenses,costAndExpenses,interestIncome,interestExpense,depreciationAndAmortization,ebitda,ebitdaratio,operatingIncome,operatingIncomeRatio,totalOtherIncomeExpensesNet,incomeBeforeTax,incomeBeforeTaxRatio,incomeTaxExpense,netIncome,netIncomeRatio,eps,epsdiluted,weightedAverageShsOut,weightedAverageShsOutDil,link,finalLink,revenuePerShare,netIncomePerShare,operatingCashFlowPerShare,freeCashFlowPerShare,cashPerShare,bookValuePerShare,tangibleBookValuePerShare,shareholdersEquityPerShare,interestDebtPerShare,marketCap,enterpriseValue,peRatio,priceToSalesRatio,pocfratio,pfcfRatio,pbRatio,ptbRatio,evToSales,enterpriseValueOverEBITDA,evToOperatingCashFlow,evToFreeCashFlow,earningsYield,freeCashFlowYield,debtToEquity,debtToAssets,netDebtToEBITDA,currentRatio,interestCoverage,incomeQuality,dividendYield,payoutRatio,salesGeneralAndAdministrativeToRevenue,researchAndDdevelopementToRevenue,intangiblesToTotalAssets,capexToOperatingCashFlow,capexToRevenue,capexToDepreciation,stockBasedCompensationToRevenue,grahamNumber,roic,returnOnTangibleAssets,grahamNetNet,workingCapital,tangibleAssetValue,netCurrentAssetValue,investedCapital,averageReceivables,averagePayables,averageInventory,daysSalesOutstanding,daysPayablesOutstanding,daysOfInventoryOnHand,receivablesTurnover,payablesTurnover,inventoryTurnover,roe,capexPerShare,report_date,epsEstimated,time,revenueEstimated,updatedFromDate,fiscalDateEnding,surprise(%),QuarterAvgPrice,QuarterAvgVolume
2025-03-31,EQR,USD,906107,2025-04-30,2025-04-30 16:19:23,2025,Q1,760810000.0,291541000.0,469269000.0,0.6168018296,0,18255000.0,0.0,18255000.0,256746000.0,275001000.0,566542000.0,1692000.0,72114000.0,259935000.0,603747000.0,0.7935581814,194268000.0,0.2553436469,77430000.0,271698000.0,0.3571167571,422000.0,256592000.0,0.3372616028,0.6944421003776292,0.6731905342566958,379208000,391179000,https://www.sec.gov/Archives/edgar/data/906107/000095017025061082/0000950170-25-061082-index.htm,https://www.sec.gov/Archives/edgar/data/906107/000095017025061082/eqr-20250331.htm,2.0063131579502542,0.6766523912997616,1.1221414105187657,0.9459663298242652,0.1050848083373768,30.5614069323432,30.5614069323432,29.13263960675935,0.0,27143708640.0,27103859640.0,26.446370736422026,35.67738152758245,63.788751871217904,75.66865515530306,2.457037912328137,2.457037912328137,35.62500445577739,44.8927442123936,63.69510519945949,75.55756789455785,0.0094530929212037,0.0132155117326664,0.0,0.0,-0.066002812436335,0.0,0.0,1.6069796599672204,0.0094300083822296,0.997557990896053,0.0239941641145621,0.0,0.0,0.0,0.0,0.0,0.0136302099078613,21.060272570238187,0.0094331543022272,0.0124788294629194,-23.557535705997765,141543000.0,11589130000.0,-8831512000.0,594326000.0,0.0,49673500.0,0.0,0.0,0.0,0.0,0.0,0.0,0.0,0.0232266076961582,0.0,2025-04-29,0.93,amc,769444610.0,2025-05-11,2025-03-31,0.0215053763440859,70.624,1650838.1
2024-12-31,EQR,USD,906107,2025-02-13,2025-02-13 16:13:57,2024,Q4,766779000.0,277383000.0,489396000.0,0.6382490913,0,12751000.0,0.0,12751000.0,0.0,12751000.0,290134000.0,1778000.0,79973000.0,267378000.0,450443000.0,0.5874482739,476645000.0,0.6216197888,-38334000.0,438311000.0,0.5716262443,331000.0,419115000.0,0.5465916516,1.12,1.11,380936063,391194576,https://www.sec.gov/Archives/edgar/data/906107/000095017025019894/0000950170-25-019894-index.htm,https://www.sec.gov/Archives/edgar/data/906107/000095017025019894/eqr-20241231.htm,2.012881096006917,1.100224002682571,0.9298804560806312,0.7295502500113779,0.1635497555924496,30.410213485090804,30.410213485090804,28.993211913359858,22.330820907339508,27335971880.88,35700311880.880005,16.305770421531083,35.65039193937236,77.1712100525937,98.36197026713492,2.475062101240792,2.475062101240792,46.55880231576504,79.2560032698477,100.78428084093444,128.45905135755206,0.0153319955780737,0.01016653079726,0.7629676510426853,0.4044624563025675,18.569141933607582,0.1633187042671735,5.960074024983432,0.816429307328676,0.0093801311004182,0.6118010569891319,0.0166293025761008,0.0,0.0,0.2154365163384854,0.0995241132060215,0.2854124123899498,0.0058765302649133,26.79044834252812,0.0233662479851221,0.0201167063194627,-24.118291472970885,-820530000.0,11584347000.0,-9089663000.0,-365085000.0,0.0,132567000.0,0.0,0.0,32.23423930089443,0.0,0.0,2.792062165943612,0.0,0.0379476411916816,0.2003302060692531,2025-02-03,1.0,amc,754927110.0,2025-05-03,2024-12-31,0.0,73.45515625,1445537.4375
2024-09-30,EQR,USD,906107,2024-11-04,2024-11-04 16:16:45,2024,Q3,748348000.0,272587000.0,475761000.0,0.6357483417,0,14551000.0,0.0,14551000.0,0.0,475761000.0,517180000.0,13896000.0,72722000.0,242798000.0,465820000.0,0.622464415,223262000.0,0.2983398098,-72962000.0,150300000.0,0.2008423888,290000.0,143446000.0,0.1916835483,0.39,0.38,378756000,391026000,https://www.sec.gov/Archives/edgar/data/906107/000095017024120716/0000950170-24-120716-index.htm,https://www.sec.gov/Archives/edgar/data/906107/000095017024120716/eqr-20240930.htm,1.9758050037491155,0.3787293138590544,1.059822154632534,0.8452856192377151,0.0755367571734837,30.11257643443272,30.11257643443272,28.6569057651892,23.087386074412024,28202171760.0,36845325760.0,49.151199336335615,37.68590516711476,70.25707065523373,88.08856829617967,2.598326581736184,2.598326581736184,49.235550519277126,79.09777544974453,91.78884084760372,115.08517933388931,0.005086345875088,0.0113522108412263,0.79894821943113,0.4144049593084066,18.554707827057666,0.2637497525242526,3.070075080443332,2.7028151659405992,0.0090982354899323,1.7887567446983534,0.0194441623415843,0.0,0.0,0.2024269208348488,0.1085818362579976,0.3346691488397763,0.0072573187875159,15.626811280613454,2.1144090038615144,0.0068549759648617,-25.060703988847703,-353286000.0,11405319000.0,-9393943000.0,105387000.0,6585000.0,140100000.0,0.0,0.0,54.73786350779751,0.0,0.0,1.644200088064806,0.0,0.0132159876911454,0.2145365353948188,2024-10-30,0.98,amc,744780000.0,2025-04-25,2024-09-30,0.0,72.220625,1767468.625
2024-06-30,EQR,USD,906107,2024-08-01,2024-08-01 16:15:42,2024,Q2,726239000.0,489978000.0,236261000.0,0.3253212785,0,18631000.0,0.0,18631000.0,-13385000.0,243029000.0,500685000.0,1328000.0,65828000.0,224398000.0,449952000.0,0.6195646337,225554000.0,0.3105781981,-39994000.0,185560000.0,0.2555081729,331000.0,177483000.0,0.2443864898,0.47,0.45,378578000,390542000,https://www.sec.gov/Archives/edgar/data/906107/000095017024089300/0000950170-24-089300-index.htm,https://www.sec.gov/Archives/edgar/data/906107/000095017024089300/eqr-20240630.htm,1.9183338704309283,0.4688148809492363,1.0484946299045377,0.8268362134091257,0.1441763652404524,30.39602142755258,30.39602142755258,28.992405792201343,19.896013503161832,25796304920.0,33224371920.0,36.33630392770012,35.52040708361848,64.98841105767414,82.41051721604232,2.3502706359859573,2.3502706359859573,45.74853721708693,73.83981384681033,83.70187692253431,106.14069273086236,0.0068801714257299,0.0121343735457752,0.680251627954989,0.3774786688971164,16.50857647037906,0.2252396062159303,3.426414291790727,2.1624962545286155,0.0099290577000979,1.4431410332257173,0.0256540890808673,0.0,0.0,0.211406344079791,0.1155473611304267,0.3686351515790491,0.0163596281664851,17.487755818652474,0.0116442283953623,0.0089730473385465,-21.68071969316759,-476129000.0,11507265000.0,-8133882000.0,-25333000.0,13700000.0,130242500.0,0.5,1.6321073365655108,21.0155762095441,0.0,55.14343204252088,4.282537823499078,0.0,0.0161702648724426,0.2216584164954117,2024-07-29,0.96,amc,734370000.0,2025-04-25,2024-06-30,0.0104166666666666,65.07428571428572,1860849.111111111
2024-03-31,EQR,USD,906107,2024-05-02,2024-05-02 16:17:00,2024,Q1,721603000.0,504710000.0,216893000.0,0.3005710896,0,15720000.0,0.0,15720000.0,-6505000.0,6505000.0,511215000.0,9329000.0,67212000.0,225695000.0,436083000.0,0.60432537,210388000.0,0.2915564375,96646000.0,307034000.0,0.4254888076,304000.0,295787000.0,0.409902675,0.78,0.77,378812000,390561000,https://www.sec.gov/Archives/edgar/data/906107/000095017024052144/0000950170-24-052144-index.htm,https://www.sec.gov/Archives/edgar/data/906107/000095017024052144/eqr-20240331.htm,1.904910615292018,0.7808279568757062,1.1114510627963212,0.9076454811357612,0.1175649134663104,30.54821917204313,30.54821917204313,29.216793554586445,20.0293628501737,23277997400.0,30753613400.0,19.6746285333703,32.258731463145246,55.28808425032836,67.70264522565127,2.103242434361987,2.103242434361987,42.61846666380267,70.52238541745493,73.04358443915056,89.44502147882511,0.0127067202095314,0.0147704716214119,0.6794699915212522,0.3779958649490115,17.142644863477823,0.2870335485792891,3.130214842587633,1.380284691442209,0.0108384753062993,0.8529719020781846,0.02178483182581,0.0,0.0,0.1833689205782947,0.1069895773714909,0.337244349702524,0.0131221738268826,22.65610309382349,0.0108139821000935,0.0148675555724443,-21.824961982460955,-488238000.0,11572032001.0,-8126204999.0,-34203000.0,7115000.0,125251000.0,0.5,1.774798608098913,26.047591686314917,1.7832022349468014e-07,50.70997891777934,3.455213867134016,504710000.0,0.0267253131462515,0.2038055816605598,2024-04-23,0.33,amc,726230000.0,2025-04-25,2024-03-31,1.3333333333333333,60.86950819672131,2141609.016393442
2023-12-31,EQR,USD,906107,2024-02-15,2024-02-15 16:20:41,2023,Q4,736473000.0,1147193000.0,-410720000.0,-0.5576850747,0,11581000.0,0.0,11581000.0,-29559000.0,29559000.0,1179975000.0,11049000.0,72687000.0,901504000.0,461225000.0,0.6262619268,-440279000.0,-0.5978209656,-68445000.0,324056000.0,0.4400106996,256000.0,311692000.0,0.4232225757,0.82,0.8,379247000,390787000,https://www.sec.gov/Archives/edgar/data/906107/000095017024015907/0000950170-24-015907-index.htm,https://www.sec.gov/Archives/edgar/data/906107/000095017024015907/eqr-20231231.htm,1.9419349394985328,0.8218707069535158,0.9077830543155252,0.6632432161625537,0.1337993444905299,30.52990794917297,30.52990794917297,29.23115542113715,20.50056295765029,23194746520.0,30846093520.0,18.60389945843974,31.494360988114973,67.37292540244108,92.21353269749892,2.0922881466318977,2.0922881466318977,41.88353615135925,66.87862435904385,89.59751105224328,122.6323922507186,0.0134380429521503,0.0108443952936977,0.6947690330393003,0.3844401106008596,16.589185321697652,0.1669572621847376,-6.057190419194629,1.0682814667250031,0.0108789720888917,0.8095652118116602,0.0157249485045616,0.0,0.0,0.2693813648431191,0.1259258655782357,0.4032024555347352,0.0066085246845437,23.24962759590693,-0.0218594632717326,0.0155577131601166,-22.16351085176679,-698513000.0,11578376000.0,-8316193000.0,-335338000.0,0.0,134702500.0,0.5,0.0,8.192780116336136,0.0,0.0,10.985282007086086,0.0,0.0281162579827145,0.2445398381529715,2024-01-30,0.43,amc,727050000.0,2025-04-25,2023-12-31,0.9069767441860463,57.85968253968254,2224735.8571428573
2023-09-30,EQR,USD,906107,2023-11-02,2023-11-02 16:13:50,2023,Q3,724067000.0,260114000.0,463953000.0,0.6407597639,0,14094000.0,0.0,14094000.0,-4958000.0,238830000.0,498944000.0,7627000.0,68891000.0,224736000.0,449859000.0,0.6212947144,252035000.0,0.3480824288,-69249000.0,182786000.0,0.2524434893,258000.0,172508000.0,0.2382486704,0.45,0.45,378853000,378853000,https://www.sec.gov/Archives/edgar/data/906107/000095017023058214/0000950170-23-058214-index.htm,https://www.sec.gov/Archives/edgar/data/906107/000095017023058214/eqr-20230930.htm,1.9112083050681927,0.455342837459384,1.168115337611158,0.9106803958263496,0.1036021887117166,30.470047749390925,30.470047749390925,29.19830382760596,20.749285342863853,22242459630.0,29995247630.0,32.23395383112668,30.718786562569488,50.26044784247442,64.46828137408917,2.010733238020894,2.010733238020894,41.42606641374348,66.6769979704752,67.77913073050364,86.93921878532466,0.0077557969248745,0.015511503931636,0.7044054506179563,0.3874905608068039,17.23381770732607,0.130679533159956,3.6584604665340894,2.4411372086096,0.0112892640551911,1.455590465369722,0.0194650495050872,0.0,0.0,0.2203848656856719,0.134697479653126,0.4278551092120675,0.0084287779998259,17.295747065736247,0.0128166771271248,0.00857865704244,-22.5049187930411,-843027000.0,11543669000.0,-8438579000.0,-382538000.0,0.0,141645500.0,0.5,0.0,57.08170263807408,3.460021375243163e-07,0.0,1.576687376875284,260114000.0,0.0155948386641854,0.2574349417848083,2023-10-31,0.97,amc,727520000.0,2025-04-25,2023-09-30,-0.0103092783505154,64.60777777777778,1539336.7936507936
2023-06-30,EQR,USD,906107,2023-08-02,2023-08-02 16:21:40,2023,Q2,717309000.0,258530000.0,458779000.0,0.6395834989,0,18876000.0,0.0,18876000.0,-6564000.0,240231000.0,498761000.0,2131000.0,65590000.0,221355000.0,439903000.0,0.6132684798,218461000.0,0.3045563349,-72127000.0,146421000.0,0.2041254188,336000.0,139203000.0,0.1940628098,0.37,0.37,378642000,378642000,https://www.sec.gov/Archives/edgar/data/906107/000095017023037206/0000950170-23-037206-index.htm,https://www.sec.gov/Archives/edgar/data/906107/000095017023037206/eqr-20230630.htm,1.8944253410873595,0.3676375045557545,0.9314893751881724,0.7099502960580178,0.0942869517908737,30.587895690388283,30.587895690388283,29.11421870790879,20.659018281120424,24979012740.0,32700093740.0,44.86076582401241,34.82322505363797,70.82206384444615,92.92199801351848,2.265903154120342,2.265903154120342,45.58717894240837,74.33478230428072,92.71335703612976,121.64444116257528,0.0055727983106829,0.0107617143558893,0.7036353671207541,0.3850335721283652,17.55178073347988,0.198515932463619,3.3307059002896784,2.434737888473168,0.0100763389898491,1.8081291351479496,0.0263150190503674,0.0,0.0,0.2378331788115145,0.1169426286300604,0.3735449452712391,0.0164517662541526,15.518642693208903,0.0110626327829055,0.0069098020726874,-22.523032310203305,-503227000.0,11581862000.0,-8439225000.0,-39523000.0,0.0,131488000.0,-7227500.0,0.0,41.18841140293196,0.0,0.0,2.1850806315291256,0.0,0.012627421269453,0.2215390791301546,2023-07-27,0.94,amc,725680000.0,2025-04-25,2023-06-30,0.0,62.49919354838709,1770875.1935483871
2023-03-31,EQR,USD,906107,2023-04-28,2023-04-28 16:18:00,2023,Q1,705088000.0,275714000.0,429374000.0,0.6089651221,0,16165000.0,0.0,16165000.0,215830000.0,231995000.0,507709000.0,1538000.0,66401000.0,215830000.0,413209000.0,0.5860389058,187943000.0,0.2665525438,-191458000.0,221751000.0,0.3145011686,298000.0,212035000.0,0.3007213284,0.56,0.56,378341000,378341000,https://www.sec.gov/Archives/edgar/data/906107/000095017023015831/0000950170-23-015831-index.htm,https://www.sec.gov/Archives/edgar/data/906107/000095017023015831/eqr-20230331.htm,1.8636309572581349,0.5604335771169395,1.0394829003465127,0.882521323356443,1.125278518585086,30.845200493734488,30.845200493734488,29.43716911463468,20.33443110844449,22700460000.0,30193948000.0,26.764991628740532,32.195215349006084,57.72100722387923,67.98702582256644,2.038239470865798,2.038239470865798,42.822949759462645,73.07185467886711,76.77487991985333,90.42974117534308,0.0093405596186156,0.0147086887226073,0.6848119578123507,0.3794024691225371,18.134861534961725,0.4831748370193283,2.830424240598786,1.7870550867674524,0.0104889944961467,1.122951399533096,0.0229262163020786,0.0,0.0,0.1509996719885882,0.0842235295452482,0.2711891496940359,0.0128267677226105,19.266434665240936,0.0095521144465968,0.0105476794309332,-21.181977369621585,-234343000.0,11670004000.0,-8213437000.0,232568000.0,0.0,120344000.0,-7227500.0,0.0,47.22067069499554,-4.718476392203515,0.0,1.9059449744227843,-19.07395364925631,0.0190382972946376,0.1569615769900698,2023-04-25,0.88,amc,713250000.0,2025-04-25,2023-03-31,-0.0113636363636363,61.3941935483871,2346241.2580645164
2022-12-31,EQR,USD,906107,2023-02-16,2023-02-16 16:24:34,2022,Q4,699703000.0,231370000.0,468333000.0,0.6693311305,0,11677000.0,0.0,11677000.0,214272000.0,225949000.0,457319000.0,,,217306000.0,459690000.0,0.6569787467,242363000.0,0.3463798212,-75259000.0,167104000.0,0.2388213285,175000.0,159020000.0,0.2272678551,0.42,0.42,377689000,377689000,https://www.sec.gov/Archives/edgar/data/906107/000095017023003060/0000950170-23-003060-index.htm,https://www.sec.gov/Archives/edgar/data/906107/000095017023003060/eqr-20221231.htm,1.8525903587343029,0.4210342371633804,0.8857234391258416,0.66299786332141,0.8813944806441278,30.980388626621373,30.980388626621373,29.583702464196733,20.47840948505252,22283651000.0,29964252000.0,35.03278046786568,31.847299497072328,66.61221482207768,88.98972872164117,1.9943413124643183,1.9943413124643183,42.824244000668855,65.18360634340534,89.57173091639564,119.66219794175085,0.0071361735112437,0.0112372519207018,0.6922192889762946,0.3825487076980207,16.70821858208793,0.2554822560037548,,2.0231019509658066,0.0105505152634099,1.4784555401836248,0.0166885092675035,0.0,0.0,0.2514617610484025,0.1202238664118919,0.3871085013759399,0.0070801468623115,16.740800786949634,0.0122207602832042,0.0078651666498337,-21.669725620815008,-399742000.0,11700952000.0,-8380138000.0,63214000.0,11419000.0,135935500.0,-11706499.5,0.0,37.353675930328045,0.0,0.0,2.4094014245844964,0.0,0.0142319656463869,0.2227255758044317,2023-02-09,0.94,amc,703555851.0,2025-04-25,2022-12-31,0.0,62.57968253968254,2129942.015873016
2022-09-30,EQR,USD,906107,2022-10-28,2022-10-28 16:17:54,2022,Q3,695099000.0,250138000.0,444961000.0,0.6401404692,0,13372000.0,0.0,13372000.0,214129000.0,227501000.0,477639000.0,720000.0,72412000.0,214129000.0,426334000.0,0.6133428476,212205000.0,0.3052874483,-77667000.0,336344000.0,0.4838792748,152000.0,323025000.0,0.4647179754,0.86,0.83,375850000,389300000,https://www.sec.gov/Archives/edgar/data/906107/000095017022020464/0000950170-22-020464-index.htm,https://www.sec.gov/Archives/edgar/data/906107/000095017022020464/eqr-20220930.htm,1.849405347878143,0.8594519090062525,1.1423546627644008,0.978544632167088,0.8011148064387389,30.949245709724625,30.949245709724625,29.38599707330052,20.96621258480777,25264637000.0,33027588000.0,19.553159198204472,36.34681822301572,58.843371669997246,68.69385185950526,2.2874840636622342,2.2874840636622342,47.514941037176,77.46881083845061,76.92390894227141,89.80110172763509,0.0127856576763798,0.0145573435311973,0.7069200533431022,0.3852742641955589,18.20861343453724,0.1846713097893263,2.930522565320665,1.2810227798248623,0.0093350638681252,0.7301199597554369,0.0192375474572686,0.0,0.0,0.1433968240659223,0.0885744332821655,0.2835288212241364,0.0085728795466545,23.838134445899,0.0107140878493583,0.0159397258529992,-22.15407742317414,-536280000.0,11632274000.0,-8511664000.0,-70466000.0,22873500.0,147622500.0,-23160999.5,2.9570176334594067,63.26855575722202,-8.424029575674227,30.43607145984762,1.4225075777824536,-10.683723174463896,0.0292469881781595,0.1638100305973127,2022-10-25,0.35,amc,696683215.0,2025-04-25,2022-09-30,1.4571428571428573,73.9415625,1388860.28125
2022-06-30,EQR,USD,906107,2022-07-29,2022-07-29 16:14:34,2022,Q2,687030000.0,244764000.0,442266000.0,0.6437360814,0,16423000.0,0.0,16423000.0,-2380000.0,240229000.0,484993000.0,596000.0,71889000.0,223806000.0,532889000.0,0.7756415295,309934000.0,0.451121494,-75797000.0,234137000.0,0.3407958896,291000.0,224101000.0,0.3261880849,0.59,0.59,375769000,389363000,https://www.sec.gov/Archives/edgar/data/906107/000156459022027109/0001564590-22-027109-index.htm,https://www.sec.gov/Archives/edgar/data/906107/000156459022027109/eqr-10q_20220630.htm,1.8283307031713631,0.596379690714242,0.8590863003600616,0.7279445616855036,0.1197810356894794,30.611543261950825,30.611543261950825,28.980807357711782,22.222282838658856,27138037180.0,35371583180.0,30.27433744159999,39.50051261225856,84.06605945145562,99.2108517615404,2.4919940672661167,2.4919940672661167,51.48477239712968,66.37701881630133,109.57128530627163,129.31093255440723,0.0082578190350905,0.0100795425323387,0.7601917670277993,0.4023727608339414,15.450771173734116,0.1925990013830001,4.31128545396375,1.3874023328376557,0.0086866636093244,1.0519319414014217,0.0239043418773561,0.0,0.0,0.1526525782329362,0.0717275810372181,0.2172192027787695,0.0136777142191752,19.72004591511964,0.0155097830652421,0.0108922544071269,-24.00607487578805,-497401000.0,11502869000.0,-8952825000.0,-28567000.0,23752500.0,138541500.0,-11454499.5,3.0010479891707784,43.904250625091926,-8.423665244888955,29.98952376795146,2.049915411802147,-10.684185254703392,0.0205784360440029,0.131141738674558,2022-07-26,0.85,amc,673584142.0,2025-04-25,2022-06-30,0.0470588235294118,79.34354838709677,1819472.983870968
2022-03-31,EQR,USD,906107,2022-04-29,2022-04-29 16:12:21,2022,Q1,653348000.0,256309000.0,397039000.0,0.6076991129,0,17238000.0,0.0,17238000.0,229961000.0,247199000.0,503508000.0,3528000.0,72792000.0,229961000.0,379801000.0,0.5813150113,149738000.0,0.2291856713,-74397000.0,75341000.0,0.1153152684,282000.0,70765000.0,0.108311344,0.19,0.18,375509000,389628000,https://www.sec.gov/Archives/edgar/data/906107/000156459022016816/0001564590-22-016816-index.htm,https://www.sec.gov/Archives/edgar/data/906107/000156459022016816/eqr-10q_20220331.htm,1.739899709461025,0.1884508760109611,0.9801522733143546,0.8808923354699887,0.5092607633904913,30.70630264520957,30.70630264520957,28.79789033019182,22.75374491689946,33765769280.0,42196073280.0,119.28838154454888,51.68113972951628,91.74084726237312,102.07830898202144,3.122450949322754,3.122450949322754,64.58437659562745,111.10047967224942,114.64579650922686,127.56421363854854,0.0020957615214742,0.0097964005279135,0.7833871084229166,0.4066897558582746,22.196634553358205,0.1902487711326018,2.057066710627541,4.98734383045611,0.0067349568764215,3.213608422242634,0.026384101581393,0.0,0.0,0.1012699154476492,0.0570492295070927,0.1599651512615501,0.0140859082755285,11.050213678921564,0.0073222773874009,0.0033972249091548,-24.207315935170666,-475426000.0,11530493000.0,-9188044000.0,-3759000.0,25384000.0,132347000.0,-13085999.5,3.3881484293209745,55.36789578204433,3.511386646586737e-07,26.56318100504147,1.6254907059189123,256309000.0,0.0065439125522812,0.0992599378443659,2022-04-26,0.8,amc,657216504.0,2025-04-25,2022-03-31,-0.0375,88.27951612903226,1795965.3064516129
2021-12-31,EQR,USD,906107,2022-02-17,2022-02-17 16:15:55,2021,Q4,645130000.0,235394000.0,409736000.0,0.6351216034,0,13404000.0,0.0,13404000.0,-8367000.0,235644000.0,471038000.0,373000.0,69740000.0,222240000.0,856544000.0,1.3277075938,641883000.0,0.9949669059,-80299000.0,561584000.0,0.8704974191,236000.0,526974000.0,0.8168493172,1.41,1.35,374897000,389000000,https://www.sec.gov/Archives/edgar/data/906107/000156459022005566/0001564590-22-005566-index.htm,https://www.sec.gov/Archives/edgar/data/906107/000156459022005566/eqr-10k_20211231.htm,1.7208193183727798,1.405650085223408,0.752129251501079,0.6258945790443775,0.6702640992059152,31.17172183293011,31.17172183293011,29.22122076196929,23.26913258841762,33928178500.0,42458134500.0,16.09575543575205,52.59122734952645,120.32506357036716,144.59304015410447,3.09706431285662,3.09706431285662,65.81330042007038,49.56912254361714,150.57624542949452,180.9454859660936,0.0155320451405901,0.0069159621993853,0.7899433205890161,0.4087906599957929,9.958573056375387,0.4968395501030956,9.203943217665616,0.5026418148305282,0.0066820268585889,0.4302090805238968,0.0207772076945731,0.0,0.0,0.1678364087086969,0.0733573078294297,0.2101278749666992,0.0091314928774045,30.40038252594642,0.030907393379251,0.0248933818647536,-24.6073801604174,-364819000.0,11686185000.0,-9122820000.0,109894000.0,28298500.0,136767500.0,-28298500.0,3.651171081797467,40.91510403833573,-10.00654222282641,24.649625554027203,2.19967667479652,-8.99411584899893,0.0481037427105998,0.1262346724567014,2022-02-01,0.8,amc,633482441.0,2025-04-25,2021-12-31,0.0249999999999998,86.028125,1454842.671875
2021-09-30,EQR,USD,906107,2021-10-29,2021-10-29 16:14:04,2021,Q3,623206000.0,237142000.0,386064000.0,0.619480557,0,13041000.0,0.0,13041000.0,-3456000.0,228438000.0,465580000.0,973000.0,68251000.0,215397000.0,735398000.0,1.1800239407,521554000.0,0.8368886051,-72782000.0,448772000.0,0.7201021813,284000.0,431951000.0,0.6931111061,1.15,1.11,374308000,388374000,https://www.sec.gov/Archives/edgar/data/906107/000156459021052952/0001564590-21-052952-index.htm,https://www.sec.gov/Archives/edgar/data/906107/000156459021052952/eqr-10q_20210930.htm,1.6649550637442962,1.153998845870246,1.0742169550209988,0.952229180247283,0.1060810883016125,30.278762409566458,30.278762409566458,28.486051593874564,22.778727678809965,30289003360.0,38707305360.0,17.530346821745987,48.6019123050805,75.32928950876425,84.97954240279216,2.8406885290273243,2.8406885290273243,62.10996903110689,52.634499087568905,96.26575615288196,108.59812909796396,0.0142609842544518,0.0117675380653396,0.7932439657766894,0.4093308261161307,11.447273449207096,0.4659816483595524,7.641704883444931,0.8988581188021425,0.0074720517314505,0.523950633289424,0.0209256650288989,0.0,0.0,0.1135597182706273,0.0732679082037079,0.2090944476244991,0.00937410743799,27.196315741501813,0.0257949799484727,0.0209045485375682,-24.79807738546865,-259856000.0,11333583000.0,-9102683000.0,217837000.0,34502000.0,140405000.0,-15212499.5,4.393811997958942,63.198336861458536,-11.546879085105129,20.483352506162696,1.4240881084781591,-7.7943138866064094,0.0405110143842607,0.1219877747737157,2021-10-26,0.75,amc,609360000.0,2025-04-25,2021-09-30,0.0266666666666666,82.581875,1524474.359375
2021-06-30,EQR,USD,906107,2021-07-30,2021-07-30 16:12:42,2021,Q2,598059000.0,229602000.0,368457000.0,0.6160880448,0,14678000.0,0.0,14678000.0,-3342000.0,215351000.0,444953000.0,24104000.0,67124000.0,200673000.0,353779000.0,0.5915453158,376844000.0,0.6301117448,-48301000.0,328543000.0,0.5493488101,242000.0,316386000.0,0.5290213842,0.85,0.82,373812000,387820000,https://www.sec.gov/Archives/edgar/data/906107/000156459021039495/0001564590-21-039495-index.htm,https://www.sec.gov/Archives/edgar/data/906107/000156459021039495/eqr-10q_20210630.htm,1.5998924593110977,0.8463773233604057,0.6154751586358919,0.5014499267011225,0.1056466887098327,29.64637304313398,29.64637304313398,27.91240249109178,23.092343209955807,28783524000.0,37309103000.0,22.74399309703969,48.12823483970645,125.10659271880108,153.55471384063847,2.7586303265931518,2.7586303265931518,62.38364943926937,105.45878359088584,162.16272732014326,199.03708228415348,0.0109919132903948,0.0065123367104041,0.8208815782954001,0.41853626790712,24.0986011040791,0.3756601552405654,5.614146951909898,0.7013534934764053,0.007832501677001,0.7125694562970548,0.0245427290618484,0.0,0.0,0.1852637435237664,0.071270560262449,0.2080589656603129,0.0123716890808431,23.055358410829207,0.0187801631369291,0.015460352361126,-24.91559861507924,-652329000.0,11082170000.0,-8989675000.0,-171658000.0,41960000.0,141158000.0,1.0,5.805631216986953,44.79891290145556,3.9198264823477145e-07,15.502190310790844,2.008977320453591,229602000.0,0.0303226253501656,0.1140252319347693,2021-07-27,0.24,amc,607420000.0,2025-04-25,2021-06-30,2.5,75.59460317460318,2125106.4603174604
2021-03-31,EQR,USD,906107,2021-04-30,2021-04-30 16:09:28,2021,Q1,597602000.0,246654000.0,350948000.0,0.5872604175,0,15383000.0,0.0,15383000.0,-4110000.0,215345000.0,461999000.0,216000.0,67358000.0,199962000.0,335565000.0,0.5615192051,135560000.0,0.2268399369,-73437000.0,62123000.0,0.103953802,153000.0,57539000.0,0.096283145,0.15,0.15,372280000,386916000,https://www.sec.gov/Archives/edgar/data/906107/000156459021022532/0001564590-21-022532-index.htm,https://www.sec.gov/Archives/edgar/data/906107/000156459021022532/eqr-10q_20210331.htm,1.6052487375094016,0.1545583969055549,0.9295503384549264,0.8408079939830235,0.0952320833781025,29.444944665305684,29.444944665305684,27.70710218115397,22.62209089932309,26666416400.0,34985357400.0,115.862355967257,44.622368064363904,77.05876383097386,85.19186367470033,2.5852577267615464,2.5852577267615464,58.542905478897325,104.25806445845068,101.09826356078403,111.76859138191018,0.0021577327503218,0.0117382101631023,0.809942412843681,0.4142192367847414,24.790848270826817,0.1104235068120229,2.0125300632441583,5.732771188125373,0.0084406167151878,3.9117989537531055,0.0257412123788073,0.0,0.0,0.0954680352431563,0.0552826128426611,0.162804793912992,0.0145213704104069,9.815967561091222,0.0068598272584857,0.0028528413509534,-24.545482565542063,-788171000.0,10961764000.0,-9109415000.0,-303172000.0,22670500.0,137697000.0,1.0,6.828441002540153,61.31066189885426,3.648836021309203e-07,13.180168059813417,1.467933915775942,246654000.0,0.005578295265056,0.0887423444719028,2021-04-27,0.68,amc,595800000.0,2025-04-25,2021-03-31,0.0,66.20114754098361,2671034.918032787
2020-12-31,EQR,USD,906107,2021-02-18,2021-02-18 16:27:25,2020,Q4,613435000.0,223496000.0,389939000.0,0.6356647404,0,11093000.0,0.0,11093000.0,-9186000.0,212922000.0,436418000.0,1929000.0,116724000.0,201829000.0,378846000.0,0.6175813248,356606000.0,0.5813264649,-126667000.0,229939000.0,0.3748384099,350000.0,252856000.0,0.4121968913,0.68,0.66,371915000,385756000,https://www.sec.gov/Archives/edgar/data/906107/000156459021006679/0001564590-21-006679-index.htm,https://www.sec.gov/Archives/edgar/data/906107/000156459021006679/eqr-10k_20201231.htm,1.6493956952529476,0.6798757780675692,0.621679684874232,0.4927496874285791,0.1145181022545474,29.85208179288278,29.85208179288278,28.301227430999017,22.82809244047699,22047121200.0,30377916200.0,21.79809970892524,35.94043574298826,95.35457156202966,120.30449031708874,2.0946087990187023,2.0946087990187023,49.521002551207545,80.18539512097264,131.3855517879695,165.76312581509433,0.011468889643515,0.0083122416907655,0.795521911186301,0.4127486069698901,21.989924665959258,0.1215670308184027,3.0551214831568485,0.8791865664831321,0.0102073190399116,0.8900006327712215,0.0180834155207968,0.0,0.0,0.2073897548570143,0.0781680210617261,0.234240967622174,0.0079861762044878,20.80696224700155,0.0179093919816607,0.0124640093940466,-24.58051705228345,-720626000.0,11102437000.0,-9084726000.0,-221339000.0,17345000.0,132988500.0,-17344999.5,0.0,43.23540466048609,4.026917707699466e-07,0.0,2.0816273308123616,223496000.0,0.0240228371622809,0.1289299974456529,2021-02-10,0.24,amc,511195833.0,2025-04-25,2020-12-31,1.8333333333333337,56.50171875,2987463.671875
2020-09-30,EQR,USD,906107,2020-10-30,2020-10-30 16:13:23,2020,Q3,622433000.0,228534000.0,393899000.0,0.6328375906,0,10859000.0,0.0,10859000.0,-4097000.0,211464000.0,439998000.0,535000.0,80874000.0,200605000.0,383040000.0,0.6153915361,182410000.0,0.2930596546,-86537000.0,95873000.0,0.1540294297,262000.0,91286000.0,0.1466599618,0.25,0.24,371869000,385652000,https://www.sec.gov/Archives/edgar/data/906107/000156459020049311/0001564590-20-049311-index.htm,https://www.sec.gov/Archives/edgar/data/906107/000156459020049311/eqr-10q_20200930.htm,1.6737964175556446,0.2454789186514606,1.0735984983959406,0.9730523383234418,0.479558661786812,29.709580524324423,29.709580524324423,28.282755486475075,23.68384565532486,19088035770.0,27636116770.0,52.27536470543128,30.66681196209069,47.811169703284754,52.75153039397758,1.8148868141417904,1.8148868141417904,44.40014711623581,72.14942765768588,69.22216014006683,76.37493303818178,0.0047823674001843,0.0189567959930536,0.8297057850359592,0.4231198268345709,22.31641865079365,0.5152360153072065,2.255483839058288,4.186420594557752,0.0117882218323189,2.464934382052012,0.0174460544347745,0.0,0.0,0.0936534097455653,0.0600707224713342,0.1837527029683507,0.0077116733849265,12.49853812449001,0.0090200503301782,0.0044262072040612,-25.24787089001772,-221303000.0,11048072000.0,-9340692000.0,280881000.0,17345000.0,134193500.0,-17345000.0,5.015961557308176,62.46330961694978,-13.66142455827142,17.942721245315653,1.4408458429743207,-6.587892764485442,0.008679455534976,0.1005461600724986,2020-10-27,0.82,amc,2774215833.0,2025-04-25,2020-09-30,-0.0609756097560974,55.31640625,2613311.40625
2020-06-30,EQR,USD,906107,2020-08-03,2020-08-03 16:13:16,2020,Q2,653532000.0,223098000.0,430434000.0,0.6586272746,0,11835000.0,0.0,11835000.0,-1694000.0,217811000.0,440909000.0,1511000.0,81885000.0,205976000.0,418599000.0,0.6405179853,356889000.0,0.5460926167,-84179000.0,272710000.0,0.4172863762,187000.0,260888000.0,0.3991969789,0.7,0.68,371795000,385913000,https://www.sec.gov/Archives/edgar/data/906107/000156459020035511/0001564590-20-035511-index.htm,https://www.sec.gov/Archives/edgar/data/906107/000156459020035511/eqr-10q_20200630.htm,1.75777511800858,0.701698516655684,0.6795008001721379,0.5821057303083689,0.5040842399709518,30.054656463911563,30.054656463911563,28.50407617100822,23.7600801516965,21868981900.0,30433559900.0,20.9562934094324,33.46275607009297,86.56354780612345,101.04693518278934,2.0635645108128924,2.0635645108128924,46.56781902033871,72.7033745900014,120.46454331347596,140.62007864192512,0.0119295905585801,0.0098963911987141,0.8258411068165624,0.422496485750799,20.46010143359157,0.599485317635684,4.358417292544422,0.9305807772919652,0.0102867157249784,0.8622857318082855,0.0181092892161363,0.0,0.0,0.1433332673620044,0.0554081513988603,0.1733877918446304,0.0086162575053708,21.213875866430783,0.0175640304558681,0.0125941886128526,-25.157315187132696,-164040000.0,11174171000.0,-9295247000.0,341037000.0,0.0,137736000.0,0.0,0.0,44.28475378533201,0.0,0.0,2.0323021425448187,0.0,0.0246174797052145,0.097395069863769,2020-07-28,0.36,amc,454919533.0,2025-04-25,2020-06-30,0.9444444444444444,61.955238095238094,3051959.1428571427
2020-03-31,EQR,USD,906107,2020-05-07,2020-05-07 16:15:35,2020,Q1,682329000.0,241257000.0,441072000.0,0.6464213012,0,14518000.0,0.0,14518000.0,-2533000.0,226940000.0,468197000.0,1936000.0,85590000.0,212422000.0,426554000.0,0.6251441753,422109000.0,0.6186297226,-88204000.0,333881000.0,0.4893255306,53000.0,308606000.0,0.4522832827,0.83,0.8,371582000,386949000,https://www.sec.gov/Archives/edgar/data/906107/000156459020022867/0001564590-20-022867-index.htm,https://www.sec.gov/Archives/edgar/data/906107/000156459020022867/eqr-10q_20200331.htm,1.8362810900420363,0.8305192393603565,1.0292506095558989,0.9089756769703592,0.2215796244166832,29.93693989482806,29.93693989482806,28.339281773605823,24.352651635439823,22930325220.0,31811407220.0,18.57572861512737,33.60596606622318,59.95624333574759,67.88960536950903,2.1775428358764706,2.1775428358764706,46.62180153562284,74.57767884019374,83.17773314751432,94.18374408972078,0.0134584222874794,0.0147297954459627,0.8511970190592597,0.4284755841466725,20.82053385972233,0.130771474595386,4.931756046267087,1.149637329373465,0.0092459220689587,0.6869989565983811,0.0212771258439843,0.0,0.0,0.1168567999560728,0.0654991946700198,0.2074731559669654,0.0114959205896275,23.01232651665762,0.02063219025712,0.0147522017687192,-26.13946585141369,-935688000.0,11124028000.0,-9654520000.0,-427726000.0,0.0,130023000.0,-15747500.0,0.0,61.812258297168576,0.0,0.0,1.4560218713789108,0.0,0.029306291034301,0.1202749325855396,2020-05-05,0.33,amc,271287433.0,2025-04-25,2020-03-31,1.515151515151515,77.29548387096774,2168276.580645161
2019-12-31,EQR,USD,906107,2020-02-20,2020-02-20 16:16:57,2019,Q4,683919000.0,226692000.0,457227000.0,0.6685396955,0,11630000.0,0.0,11630000.0,-6972000.0,226512000.0,453204000.0,596000.0,100300000.0,214882000.0,445597000.0,0.6515347578,408952000.0,0.5979538513,-109682000.0,299270000.0,0.4375810586,-3030000.0,289764000.0,0.4236817518,0.78,0.75,371155000,387143000,https://www.sec.gov/Archives/edgar/data/906107/000156459020005562/0001564590-20-005562-index.htm,https://www.sec.gov/Archives/edgar/data/906107/000156459020005562/eqr-10k_20191231.htm,1.842677587530816,0.7807088682625857,0.9774999663213484,0.8293489243038623,0.1232719483773625,29.658568522584904,29.658568522584904,27.79298675755412,25.511147633737927,30033862600.0,39356399600.0,25.91234815228945,43.91435623224388,82.78261154783299,97.5705129996069,2.911525871828294,2.911525871828294,57.545410494517625,88.32285585405647,108.47840597126824,127.85648485951069,0.0096479098895524,0.0102489980759251,0.9081755175170272,0.4424688145419241,20.92145369021784,0.0837285425884935,4.0772881355932205,1.2041047971165526,0.0070417848951603,0.7298767272677075,0.0170049377192328,0.0,0.0,0.1515611735262014,0.0803998719146565,0.2537916201272027,0.0053690568619968,22.095479239775724,0.0198666715974335,0.0136856922209844,-27.30621303767968,-1280362000.0,11007926000.0,-10047844000.0,-767588000.0,0.0,123015000.0,-15747500.0,0.0,37.45831348261077,-12.50397014451326,0.0,2.402670906200318,-7.197713922844896,0.0280901392525,0.1481510420174859,2020-01-28,0.35,amc,507809857.0,2025-04-25,2019-12-31,1.2000000000000002,85.11890625,1580449.015625
2019-09-30,EQR,USD,906107,2019-10-30,2019-10-30 16:13:07,2019,Q3,685145000.0,224452000.0,460693000.0,0.6724021922,0,11417000.0,0.0,11417000.0,-2813000.0,222895000.0,447347000.0,631000.0,85936000.0,211478000.0,449276000.0,0.6557385663,368363000.0,0.5376423969,-90974000.0,277364000.0,0.404825256,265000.0,267106000.0,0.3898532427,0.72,0.69,370768000,386896000,https://www.sec.gov/Archives/edgar/data/906107/000156459019038784/0001564590-19-038784-index.htm,https://www.sec.gov/Archives/edgar/data/906107/000156459019038784/eqr-10q_20190930.htm,1.8479075864152248,0.720412764855651,1.0880307901437016,0.9542490182540024,0.0776145729944331,29.403826651706726,29.403826651706726,27.46363224442239,25.382945669529192,31982447680.0,41278918680.0,29.93422805927235,46.67982351181137,79.28084460606783,90.3956916380492,3.1408809742388906,3.1408809742388906,60.248441833480506,91.8787531049956,102.32573723311693,116.67138304998517,0.0083516434599542,0.0110624741276837,0.9157990131435514,0.4429193120793447,20.692115759577632,0.1060174648847538,4.286480636752932,1.4519086112450783,0.0066284170030103,0.793666184960278,0.016663625947792,0.0,0.0,0.1229577077244569,0.0723963540564406,0.2312727883100049,0.0058308825139204,21.09895501817852,0.0178555193922032,0.0126866766194599,-27.30354561342942,-713348000.0,10901998000.0,-10067462000.0,-232304000.0,0.0,130127000.0,0.0,0.0,60.82013080747777,0.0,0.0,1.479773206751055,0.0,0.0262315180469968,0.1337817718896992,2019-10-22,0.37,amc,464035283.0,2025-04-25,2019-09-30,0.9189189189189187,81.79296875,1426556.53125
2019-06-30,EQR,USD,906107,2019-08-02,2019-08-02 16:14:48,2019,Q2,669517000.0,224276000.0,445241000.0,0.6650182146,0,14329000.0,0.0,14329000.0,-5117000.0,214837000.0,439113000.0,1009000.0,108902000.0,200508000.0,430912000.0,0.6436162189,369260000.0,0.5515319253,-116514000.0,252603000.0,0.3772913907,246000.0,308968000.0,0.4614789468,0.83,0.8,370342000,386107000,https://www.sec.gov/Archives/edgar/data/906107/000156459019028378/0001564590-19-028378-index.htm,https://www.sec.gov/Archives/edgar/data/906107/000156459019028378/eqr-10q_20190630.htm,1.8078343801135168,0.8342775056569334,0.8565812141210016,0.7230964891910721,0.6784890722629353,29.204319250854617,29.204319250854617,27.416628413736493,25.70851537227752,28197839880.0,37358607880.0,22.81614914813185,42.11668991228005,88.88824403898774,105.29715070968994,2.7771467319392102,2.7771467319392102,55.79934173441451,86.69660598915787,117.7657958313894,139.50554301270012,0.0109571513745328,0.0094969331388373,0.9269723856601976,0.4483907667539227,21.25902272389722,0.7906108131998396,3.3907549907256067,0.9873295590711456,0.0074816723868849,0.6828118122265089,0.0214019957670977,0.0,0.0,0.1558342895330803,0.0738368107157846,0.243018174131481,0.0104194516345365,22.68577127291553,0.0179084102248995,0.0147192727297326,-26.79645300830044,-81961000.0,10815586000.0,-9865657000.0,349792000.0,0.0,130702500.0,0.0,0.0,43.56979792755355,0.0,0.0,2.065651076685026,0.0,0.0304296171311472,0.1334847249299296,2019-07-30,0.35,amc,282326445.0,2025-04-25,2019-06-30,1.3714285714285714,76.38603174603175,1205882.142857143
2019-03-31,EQR,USD,906107,2019-05-06,2019-05-06 16:13:30,2019,Q1,662494000.0,232908000.0,429586000.0,0.6484375708,0,15381000.0,0.0,15381000.0,-3275000.0,219596000.0,452504000.0,581000.0,94938000.0,204215000.0,414205000.0,0.6252207567,209969000.0,0.31693721,-99768000.0,110201000.0,0.1663426386,238000.0,104539000.0,0.1577961461,0.28,0.27,369558000,385184000,https://www.sec.gov/Archives/edgar/data/906107/000156459019015979/0001564590-19-015979-index.htm,https://www.sec.gov/Archives/edgar/data/906107/000156459019015979/eqr-10q_20190331.htm,1.7926658332386256,0.2828757596913069,1.010788563635478,0.9127308839207918,0.0813295883190189,28.95098198388345,28.95098198388345,27.18622246034452,25.24595597984619,27709458840.0,36914974840.0,66.26584059537589,41.82597705035819,74.17970750511986,82.14907736868787,2.7580146564816204,2.7580146564816204,55.721221384646505,89.12247519947852,98.82336757284932,109.4402868603379,0.0037726828446426,0.0121729912499438,0.9191810278329028,0.4446526572946328,22.22454098815804,0.1183359614464662,2.2116433883165856,3.418957137757764,0.0072086936505469,1.9107605773921696,0.0232168140390705,0.0,0.0,0.0970110696167797,0.0546993633149885,0.1740379120061089,0.0148016434865825,13.15417329067675,0.0103090377109112,0.0050334609910986,-27.166745138787416,-696668000.0,10699067000.0,-9976238000.0,-261985000.0,0.0,127651000.0,0.0,0.0,59.05675202225772,0.0,0.0,1.5239578357793904,0.0,0.0104051145797812,0.0980576797146862,2019-04-30,0.81,amc,733475499.0,2025-04-25,2019-03-31,0.0123456790123455,72.04540983606559,1555846.4098360655
2018-12-31,EQR,USD,906107,2019-02-21,2019-02-21 16:17:35,2018,Q4,652743000.0,219188000.0,433555000.0,0.6642047483,0,12393000.0,0.0,12393000.0,-2396000.0,214249000.0,433437000.0,457000.0,91906000.0,201856000.0,422260000.0,0.6469008477,219306000.0,0.3359760273,-96125000.0,123181000.0,0.1887128625,111000.0,117187000.0,0.1795300754,0.32,0.3,368445000,384296000,https://www.sec.gov/Archives/edgar/data/906107/000156459019003683/0001564590-19-003683-index.htm,https://www.sec.gov/Archives/edgar/data/906107/000156459019003683/eqr-10k_20181231.htm,1.771615844970077,0.3180583262087964,0.8470843680875029,0.7020287966996431,0.1341909918712426,29.254719157540475,28.80355276907001,27.611187558522985,24.18229315094519,24321054450.0,33091551450.0,51.885137536586825,37.25977061416208,77.92612222207983,94.02748193567592,2.390697606181887,2.390697606181887,50.69614143698209,78.36771527021267,106.02732246302514,127.9350474949644,0.0048183354977851,0.0106351885577888,0.8667809079617395,0.4323746510590335,20.770371335196323,0.133558470369524,2.3861989423976677,2.5501192927411185,0.0082431870054055,1.710795566061082,0.0189860327877893,0.0,0.008150843212404,0.1712409965908799,0.0818775536466879,0.2633355341604501,0.0074485670470614,14.056823333839397,0.0109430998310266,0.0057933123225014,-25.963202106148813,-754564000.0,10612525000.0,-9499141000.0,19136498000.0,0.0,142458500.0,0.0,0.0,42.07525046991624,0.0,0.0,2.1390246996711264,0.0,0.0115191831403361,0.1450555713878598,2019-01-29,0.85,amc,758024129.0,2025-04-25,2018-12-31,-0.0117647058823529,67.15285714285714,1790166.3015873015
2018-09-30,EQR,USD,906107,2018-10-30,2018-10-30 16:13:20,2018,Q3,652867000.0,220176000.0,432691000.0,0.6627552013,0,12640000.0,0.0,12640000.0,-7661000.0,207258000.0,427434000.0,7864000.0,111219000.0,194618000.0,421149000.0,0.645076256,224731000.0,0.3442217174,-114292000.0,225111000.0,0.3448037655,280000.0,214937000.0,0.3292201934,0.58,0.56,368028000,383884000,https://www.sec.gov/Archives/edgar/data/906107/000156459018025620/0001564590-18-025620-index.htm,https://www.sec.gov/Archives/edgar/data/906107/000156459018025620/eqr-10q_20180930.htm,1.7739601334681057,0.5840234982120925,0.9747546382340474,0.8259833490930037,0.1644467295966611,29.476914799960877,29.02216950884172,27.811536078776616,24.278076668079603,24304569120.000004,33095367120.000004,28.26941047841926,37.22744313926114,67.75038292676808,79.95318558481505,2.3745542070362693,2.3745542070362693,50.69235712633661,78.58351110889497,92.25523745808212,108.87171116995906,0.0088434811964278,0.0125073190353271,0.8620837788449214,0.429545738883223,20.87336785793152,0.0926560066148558,2.020616980911535,1.602606256086774,0.0082141756562027,0.9288396134681324,0.019360758010437,0.0,0.0081471024211195,0.1526243459693313,0.0838639416603994,0.2797522941404893,0.0080230736122364,19.11696336519025,0.0111758179221356,0.0105491634245475,-26.17545132163857,-869094000.0,10680971000.0,-9605070000.0,19141660000.0,0.0,164430500.0,0.0,0.0,74.5773381294964,0.0,0.0,1.206800916435548,0.0,0.0209993254798237,0.1487712891410436,2018-10-23,0.35,amc,554004281.0,2025-04-25,2018-09-30,0.7142857142857143,66.15396825396824,1538508.3174603174
2018-06-30,EQR,USD,906107,2018-08-02,2018-08-02 16:13:51,2018,Q2,639808000.0,216710000.0,423098000.0,0.6612890117,0,12502000.0,0.0,12502000.0,-3769000.0,205444000.0,422154000.0,1116000.0,94131000.0,192942000.0,411694000.0,0.6434649145,217654000.0,0.3401864309,-98883000.0,118720000.0,0.1855556667,274000.0,113602000.0,0.1775563919,0.31,0.3,367930000,383423000,https://www.sec.gov/Archives/edgar/data/906107/000156459018018904/0001564590-18-018904-index.htm,https://www.sec.gov/Archives/edgar/data/906107/000156459018018904/eqr-10q_20180630.htm,1.738939472182209,0.3087598184437257,0.8817872964966162,0.7419699399342267,0.1392601853613459,29.370448183078302,28.91251596771125,27.745595629603457,24.099421085532573,23433461700.0,32171723700.0,51.569210269185405,36.62577163774132,72.22830296267985,85.83905704541874,2.2954994677441807,2.2954994677441807,50.28340330224067,78.14474755522305,99.1620032918665,117.84816350602397,0.0048478539557815,0.0116497085874427,0.8593645628610922,0.4298989904335767,21.2251380879974,0.1165765118206906,2.3122457001412924,2.73993750527827,0.0085178623011554,1.7570377282090104,0.0195402370711213,0.0,0.0082565027303445,0.1585613187192543,0.0804038086425927,0.2651154401154401,0.0105562918875662,13.883490701448656,0.0108630163940511,0.0056132753601561,-25.95351017856657,-673515000.0,10637782000.0,-9511436000.0,19235428000.0,0.0,156948000.0,0.0,0.0,60.80637718610124,0.0,0.0,1.4801079124406653,0.0,0.011128246175198,0.1398173565623895,2018-07-24,0.8,amc,639800000.0,2025-04-25,2018-06-30,0.0125,62.3178125,2274435.078125
2018-03-31,EQR,USD,906107,2018-05-03,2018-05-03 16:16:54,2018,Q1,633016000.0,223560000.0,409456000.0,0.6468335713,0,16278000.0,0.0,16278000.0,-3441000.0,212587000.0,436147000.0,5880000.0,116104000.0,196309000.0,394276000.0,0.6228531348,196869000.0,0.3110016177,24869000.0,221738000.0,0.3502881444,213000.0,211809000.0,0.3346029168,0.58,0.55,367800000,383018000,https://www.sec.gov/Archives/edgar/data/906107/000156459018010687/0001564590-18-010687-index.htm,https://www.sec.gov/Archives/edgar/data/906107/000156459018010687/eqr-10q_20180331.htm,1.7210875475802063,0.5758809135399674,0.9815606307775964,0.8738227297444263,0.1552202283849918,29.58036976617727,29.11920609026645,27.974910277324632,23.859654703643283,22663836000.0,31278860000.0,26.75032222426809,35.80294336951989,62.77757895728191,70.51773535122219,2.2026880297073466,2.2026880297073466,49.41243191325338,79.33239659527844,86.64072151527071,97.3230820928959,0.0093456818166174,0.0141808297589163,0.8416106757667187,0.4248200660620382,21.85023688989439,0.1396204886591798,1.695626335009991,1.636913506356893,0.0082182469022454,0.8793630110146405,0.0257149898264814,0.0,0.0083210891749211,0.109761840129855,0.0625987336812971,0.200732496821288,0.0162365564219545,19.03890437895121,0.0098636633625587,0.0104782001848794,-25.68548123980424,-583635000.0,10710044000.0,-9409499000.0,19268700000.0,0.0,141123500.0,0.0,0.0,67.42391304347827,0.0,0.0,1.334837981621796,0.0,0.0205856214669168,0.1077379010331702,2018-04-24,0.28,amc,424901380.0,2025-04-25,2018-03-31,1.0357142857142854,59.35786885245901,2540653.524590164
2017-12-31,EQR,USD,906107,2018-02-22,2018-02-22 16:15:12,2017,Q4,630704000.0,201604000.0,429100000.0,0.680350846,0,11858000.0,0.0,11858000.0,-2026000.0,212643000.0,414247000.0,428000.0,95311000.0,200785000.0,418341000.0,0.6632921307,214764000.0,0.3405147264,-83692000.0,131072000.0,0.2078185647,-232000.0,125442000.0,0.1988920318,0.34,0.33,367442000,383105000,https://www.sec.gov/Archives/edgar/data/906107/000156459018002873/0001564590-18-002873-index.htm,https://www.sec.gov/Archives/edgar/data/906107/000156459018002873/eqr-10k_20171231.htm,1.7164722595674964,0.3413926551673461,0.8239504466010962,0.6519369043277579,0.1518334866455114,29.50348082146298,29.03879795995014,27.87504966770266,24.6368188720941,23431776340.0,32338420340.0,46.69842704197956,37.15178013775083,77.39543107605516,97.81621438620074,2.287708928242267,2.287708928242267,51.27352980161851,77.30158014633994,106.81418029158988,134.9971001340018,0.00535349937537,0.0102232539490004,0.8745250166366219,0.4354414278359128,21.29039228763138,0.1514339045306033,2.253297101069132,2.3273730820085485,0.0079328599463748,1.4818083257601122,0.0188012126132068,0.0,0.0083003902803219,0.2087668536171281,0.1002134123138588,0.3130758257217015,0.007924478043583,14.632757341903126,0.0106480799760954,0.0061491613543331,-26.32794019192145,-564624000.0,10670074000.0,-9629019000.0,19493675000.0,0.0,141375000.0,0.0,0.0,51.23380488482371,0.0,0.0,1.756652667166234,0.0,0.0122472483183733,0.1720135422733383,2018-01-30,0.81,amc,667799999.0,2025-04-25,2017-12-31,0.0246913580246912,66.74904761904762,1570458.5555555555
2017-09-30,EQR,USD,906107,2017-11-01,2017-11-01 16:23:56,2017,Q3,624122000.0,209669000.0,414453000.0,0.6640576682,0,12567000.0,0.0,12567000.0,-1028000.0,196667000.0,406336000.0,3945000.0,91145000.0,184100000.0,402898000.0,0.6455436597,217786000.0,0.3489478019,-73362000.0,144822000.0,0.2320411714,228000.0,138229000.0,0.2214775316,0.38,0.36,366996000,382945000,https://www.sec.gov/Archives/edgar/data/906107/000156459017020797/0001564590-17-020797-index.htm,https://www.sec.gov/Archives/edgar/data/906107/000156459017020797/eqr-10q_20170930.htm,1.7006234400374936,0.3766498817425803,1.1199658851867595,0.954784248329682,0.1387753544997765,29.63061450261038,29.16229059717272,27.954716127696216,24.75072480354009,24196046280.000004,33141753280.000004,43.76079961513142,38.76813552478522,58.867864523396506,69.05224935930732,2.358457145435996,2.358457145435996,53.101402097666806,82.25842094028762,80.63235702138324,94.58208937163602,0.0057128755004183,0.0144817874765612,0.8765022147289442,0.4344547566887799,22.203403839185103,0.1420006996296787,2.389445389214987,2.8504466143304947,0.0076468278271122,1.3385252009346809,0.020135486331198,0.0,0.008303912781594,0.1474880967731733,0.0971300482918403,0.3274828212109426,0.0079663911863385,15.391740050494423,0.0107302653420831,0.0067343500620677,-26.62858995738373,-569032000.0,10702444000.0,-9729340000.0,19603201000.0,0.0,152952000.0,0.0,0.0,72.10679690369106,0.0,0.0,1.2481486332031622,0.0,0.0134735720449478,0.1651816368570774,2017-10-24,0.79,amc,573497297.0,2025-04-25,2017-09-30,0.0126582278481012,66.93857142857144,1546501.4761904762
2017-06-30,EQR,USD,906107,2017-08-04,2017-08-04 06:18:49,2017,Q2,612480000.0,208408000.0,404072000.0,0.65973093,0,13626000.0,0.0,13626000.0,-1042000.0,193522000.0,401930000.0,1162000.0,91224000.0,179896000.0,391307000.0,0.6388894331,210550000.0,0.3437663271,-5465000.0,205085000.0,0.3348435867,220000.0,196041000.0,0.3200773903,0.53,0.51,366820000,382692000,https://www.sec.gov/Archives/edgar/data/906107/000156459017015496/0001564590-17-015496-index.htm,https://www.sec.gov/Archives/edgar/data/906107/000156459017015496/eqr-10q_20170630.htm,1.6697017610817295,0.5344337822365193,0.6957336023117605,0.5355651273103975,0.1157325118586772,29.732228340875636,29.29790633008015,28.0532822637806,24.68598495174745,24147760600.0,33074130600.0,30.794273391790497,39.42620265151516,94.61954946729936,122.91689029604592,2.3466059828939394,2.3466059828939394,54.000343847962384,84.522205327275,129.59625483427308,168.35388382131367,0.008118392560178,0.008135578418812,0.8711029244920439,0.4343787183677524,22.811679831947806,0.2739825396978179,2.3080548978339035,1.2500440830721002,0.0076907752679973,0.9473273447901204,0.0222472570532915,0.0,0.0077201764343162,0.2302152353561198,0.0959263975966562,0.3250385877172115,0.0116803814002089,18.366654274760304,0.0103822165859322,0.0095735966980343,-26.410081238754703,-829708000.0,10747058000.0,-9417086000.0,19035443000.0,0.0,151780000.0,0.0,0.0,59.560093662431385,0.0,0.0,1.5110788863109048,0.0,0.0190506685531953,0.160168475001363,2017-07-25,0.77,amc,381367924.0,2025-04-25,2017-06-30,0.0,65.36126984126984,1651761.238095238
2017-03-31,EQR,USD,906107,2017-05-04,2017-05-04 16:20:55,2017,Q1,604100000.0,206588000.0,397512000.0,0.658023506,0,14173000.0,0.0,14173000.0,-1090000.0,193141000.0,399729000.0,601000.0,106210000.0,178968000.0,384195000.0,0.6359791425,204371000.0,0.3383065718,-72288000.0,132083000.0,0.2186442642,262000.0,143742000.0,0.237944049,0.39,0.38,366605000,382280000,https://www.sec.gov/Archives/edgar/data/906107/000156459017008789/0001564590-17-008789-index.htm,https://www.sec.gov/Archives/edgar/data/906107/000156459017008789/eqr-10q_20170331.htm,1.647822588344403,0.3920895787018726,0.828968508340039,0.6985174779394716,0.1169924032678223,29.66451357728345,29.2269308929229,28.04183249000968,24.648149916122257,22810163100.0,31697949100.0,39.67205670576449,37.7589192186724,75.05713350268506,89.07436387066542,2.21882788944577,2.21882788944577,52.471360867406055,82.5048454560835,104.30250704169738,123.781431974383,0.0063016647171628,0.0112265747016951,0.8686464254461651,0.4333161170007984,23.133528546701545,0.2495116232330676,1.9242161755013647,2.026823884061064,0.0081475524390266,1.2929206494970156,0.0234613474590299,0.0,0.0077842279178456,0.1573654838370011,0.0791657010428737,0.2659489278405552,0.0130326104949511,15.728492663263015,0.0101089807683355,0.0070296643403988,-26.43250637607234,-560127000.0,10714739000.0,-9546956000.0,19440675000.0,0.0,156561000.0,0.0,0.0,72.16101612871996,0.0,0.0,1.24721081864284,0.0,0.0139823094243773,0.1304510304005673,2017-04-25,0.74,amc,449202564.0,2025-04-25,2017-03-31,0.0,62.53193548387097,2028804.0483870967
2016-12-31,EQR,USD,906107,2017-02-23,2017-02-23 16:17:29,2016,Q4,605489000.0,193580000.0,411909000.0,0.6802914669,0,10432000.0,0.0,10432000.0,4112000.0,187839000.0,381419000.0,681000.0,95930000.0,177407000.0,402337000.0,0.6644827569,224070000.0,0.3700645264,78341000.0,303484000.0,0.5012213269,424000.0,277250000.0,0.4578943631,0.76,0.73,365256000,381860000,https://www.sec.gov/Archives/edgar/data/906107/000090610717000007/0000906107-17-000007-index.htm,https://www.sec.gov/Archives/edgar/data/906107/000090610717000007/eqr-20161231x10k.htm,1.6577113038526403,0.759056661629104,0.799899248746085,0.6392365902271284,0.216461878791861,29.8505048513919,29.408242438180345,28.00522920910265,24.868004906148016,23507876160.0,32417927160.0,21.19736353471596,38.82461309784323,80.46013307412173,100.6825969976658,2.298142233346935,2.298142233346935,53.54007613680843,80.57406393148032,110.95646052955834,138.84372512152814,0.0117939195405392,0.009932203079974,0.8785990291598128,0.4340800693658102,22.145741008159828,0.5207429133727259,2.335765662462212,0.966224729728389,0.0544875679658166,4.6199711451758345,0.0172290495781095,0.0,0.0078022529591654,0.200853618466088,0.0969183585498663,0.3291859962864691,0.0082412727564001,21.86995668288886,0.0110206509973159,0.0134963382693989,-26.61697001555073,-201634000.0,10741537000.0,-9581984000.0,19867125000.0,0.0,173638500.0,0.0,0.0,68.56793057134001,0.0,0.0,1.3125669573236056,0.0,0.0271041045928088,0.1606626585189565,2017-01-31,0.4,amc,421477106.0,2025-04-25,2016-12-31,0.8749999999999999,61.42492063492063,2320262.126984127
2016-09-30,EQR,USD,906107,2016-11-02,2016-11-02 16:17:45,2016,Q3,606074000.0,205076000.0,400998000.0,0.6616320779,0,12395000.0,0.0,12395000.0,-10420000.0,191625000.0,396701000.0,5509000.0,86352000.0,179230000.0,389461000.0,0.6425964486,209373000.0,0.3454578154,8299000.0,205885000.0,0.3397027426,426000.0,208316000.0,0.3437138039,0.57,0.54,365109000,382373000,https://www.sec.gov/Archives/edgar/data/906107/000090610716000050/0000906107-16-000050-index.htm,https://www.sec.gov/Archives/edgar/data/906107/000090610716000050/q31610-q.htm,1.6599809919777382,0.5705583811957525,0.9428554212577612,0.7659739968064332,1.4401288382373485,29.52732745563653,29.08179201279618,27.70543864982785,23.51390680591275,23487461970.0,31468662970.0,28.187299547322336,38.75345579912684,68.22891246060219,83.98457423908691,2.3219267817078832,2.3219267817078832,51.92214642106409,80.8005499138553,91.41356583247396,112.5231097674352,0.0088692426736476,0.0119069484969133,0.8401742671275433,0.3990463496978835,20.492940243053862,0.4436770234143593,2.4246456364647027,1.5829976455873156,0.007872583263197,0.8876274506038903,0.0204512980263136,0.0,0.0076378512202982,0.187601853331203,0.1065562951058781,0.3586080138598907,0.0079379745707619,18.85922400559446,0.0106076176482685,0.0098564116758516,-27.36510740628141,-890450000.0,10618024000.0,-9806902000.0,19262415000.0,0.0,193212000.0,0.0,0.0,87.68237141352475,0.0,0.0,1.0264320928952175,0.0,0.0205937320974088,0.1768814244513282,2016-10-25,0.4,amc,432928571.0,2025-04-25,2016-09-30,0.4000000000000001,66.69375,2481922.234375
2016-06-30,EQR,USD,906107,2016-08-04,2016-08-04 16:11:54,2016,Q2,595154000.0,194713000.0,400441000.0,0.6728359383,0,18296000.0,0.0,18296000.0,-1504000.0,194423000.0,389136000.0,56525000.0,86472000.0,176127000.0,383002000.0,0.6435342785,206018000.0,0.3461591454,22760000.0,229578000.0,0.3857455381,413000.0,218839000.0,0.3677014689,0.6,0.57,365047000,382065000,https://www.sec.gov/Archives/edgar/data/906107/000090610716000044/0000906107-16-000044-index.htm,https://www.sec.gov/Archives/edgar/data/906107/000090610716000044/q21610-q.htm,1.6303489687629265,0.5994817105742548,0.7497500321876361,0.594312513183234,1.3967735661435376,32.5572542713678,32.108547666464865,30.57298923152361,23.551668689237275,25144437360.0,33157588360.0,28.724812944676223,42.24862365034932,91.87061959706826,115.8986197868653,2.2529690989122604,2.2529690989122604,55.71261952368631,86.5728856768372,121.1483933151622,152.83375290386817,0.0087032768666413,0.008628230446911,0.7625943745924271,0.4008961502543438,20.921956021117385,1.4606391002436916,2.3824821907669533,1.198309982486865,0.0073504925703376,0.8445660965367233,0.0307416231765223,0.0,0.0077154781821619,0.2073191228159915,0.0953400296393874,0.320605252452199,0.0180827147259364,20.307112727868184,0.0098898817902146,0.0103881953029515,-24.20265335696499,200934000.0,11721129000.0,-8707853000.0,20354924000.0,0.0,201223000.0,0.0,0.0,86.26342360294382,0.0,0.0,1.0433158833836114,0.0,0.0196082138398208,0.1554375190044021,2016-07-26,0.42,amc,423701694.0,2025-04-25,2016-06-30,0.4047619047619047,68.8021875,2193785.015625
2016-03-31,EQR,USD,906107,2016-05-05,2016-05-05 16:12:10,2016,Q1,619083000.0,212856000.0,406227000.0,0.6561753432,0,16717000.0,0.0,16717000.0,-2556000.0,189602000.0,402458000.0,3058000.0,213492000.0,172885000.0,390361000.0,0.6305471157,216625000.0,0.3499126935,3505095000.0,3721720000.0,6.011665641,350000.0,3587758000.0,5.7952778545,9.84,9.39,364592000,382243000,https://www.sec.gov/Archives/edgar/data/906107/000090610716000037/0000906107-16-000037-index.htm,https://www.sec.gov/Archives/edgar/data/906107/000090610716000037/q11610-q.htm,1.698015864308597,9.840473735024355,0.552348927019792,0.4169839162680476,1.0383716592794137,32.446666410672755,31.994300478342915,30.345624698292887,24.12919098608856,27355337760.0,35571106760.0,1.9061582302931248,44.18686631679436,135.83804788908645,179.9349976649192,2.472514596287776,2.472514596287776,57.45773468177934,91.12361829178631,176.63498604641924,233.9757990909629,0.1311538549250214,0.0055575625252305,0.7758491407812814,0.4029717070682849,21.046592769257177,1.4041915162401843,1.0146750229516797,0.0539635394671119,0.1141797270939636,0.870578506131127,0.0270028412991472,0.0,0.0077426758902699,0.2450715555511416,0.0797195206458584,0.284068932172952,0.0160996183064306,81.96855960287637,0.0104013034886113,0.1697433943578656,-24.939973998332384,192611000.0,11664866000.0,-8802352000.0,20347109000.0,0.0,201470500.0,1090567500.0,0.0,91.2519731649566,0.0,0.0,0.9862800428140508,0.0,0.3242798206615248,0.1353650107517444,2016-04-26,0.76,amc,45929166.0,2025-04-25,2016-03-31,0.0,74.80803278688525,2015764.786885246
2015-12-31,EQR,USD,906107,2016-02-25,2016-02-25 16:11:10,2015,Q4,703193000.0,221056000.0,482137000.0,0.6856396466,0,14140000.0,0.0,14140000.0,-103000.0,195173000.0,416229000.0,466000.0,110447000.0,181033000.0,468939000.0,0.6668709728,286964000.0,0.4080871112,-73709000.0,213255000.0,0.3032666707,219000.0,204486000.0,0.2907964101,0.56,0.54,363828000,381220000,https://www.sec.gov/Archives/edgar/data/906107/000090610716000029/0000906107-16-000029-index.htm,https://www.sec.gov/Archives/edgar/data/906107/000090610716000029/eqr-20151231x10k.htm,1.9327621843288587,0.5620403047593918,0.8057461217938147,0.6317160856228767,0.126243719559792,30.957314994997635,30.500890530690327,28.778345811757205,30.451051046098705,29684726520.0,40610948520.0,36.29188125348435,42.2141951356171,101.2601833172439,129.15612227849422,2.835117783825745,2.835117783825745,57.752208170445385,86.60177234139195,138.53158084686154,176.69533284602934,0.0068885930231571,0.0077425675404201,1.0475752141663024,0.4736512779021828,23.299879088751418,2.6884380764534828,2.5982054741188083,1.3716685382743776,0.0068041725048036,0.9877448822902302,0.0201082775283599,0.0,0.0071709482199328,0.2159861915109175,0.0900421363693893,0.3481232234263062,0.0075910880796594,19.076904377715525,0.0126421899354193,0.0088940723060598,-29.56806925250393,1467251000.0,11097078000.0,-9557940000.0,21751414000.0,0.0,220075500.0,1090567500.0,0.0,76.1850390851187,888.0200039808916,0.0,1.1813343023877214,0.1013490682603323,0.0195299725854907,0.1740300361709379,2016-02-02,0.92,amc,562560000.0,2025-04-25,2015-12-31,0.0,78.87734375,1597406.6875
2015-09-30,EQR,USD,906107,2015-11-05,2015-11-05 16:06:27,2015,Q3,696289000.0,227439000.0,468850000.0,0.6733554602,0,15290000.0,0.0,15290000.0,-1139000.0,211349000.0,438788000.0,256000.0,114205000.0,196059000.0,454496000.0,0.6527404569,257501000.0,0.3698191412,-50849000.0,206745000.0,0.296924122,329000.0,196692000.0,0.2824861516,0.54,0.52,363579000,380663000,https://www.sec.gov/Archives/edgar/data/906107/000090610715000022/0000906107-15-000022-index.htm,https://www.sec.gov/Archives/edgar/data/906107/000090610715000022/q31510-q.htm,1.915096856529117,0.5409883409107786,1.0679907255369534,0.8800728314891674,0.1296141966395199,30.87980603940272,30.419952747545924,28.82051493623119,30.027927905627116,27312054480.0,38078007480.0,34.7142416570069,39.22517012332523,70.33768946095664,85.35657199289946,2.6064766769855403,2.6064766769855403,54.6870731549687,83.7807317996198,98.06362488700718,119.0026985773933,0.0072016552304416,0.0117155595246161,1.0309952709033534,0.4695297938997611,23.6876738189115,0.3927951268782688,2.2547261503436804,1.8899375048672225,0.0073945370952555,1.0267829906656092,0.0219592726583358,0.0,0.0072664793876291,0.1759546122961944,0.0981244856661529,0.3469898731348589,0.0075428449968332,18.729926790828245,0.0114463166062507,0.0086111264218622,-32.27477384557414,-351081000.0,11060056000.0,-11554444000.0,21906208000.0,0.0,223061500.0,0.0,0.0,100.12544022792925,0.0,0.0,0.8988724523469828,0.0,0.0187709463938371,0.187917894047786,2015-10-26,0.88,amc,515777777.0,2025-04-25,2015-09-30,-0.0113636363636363,73.5234375,1699184.484375
2015-06-30,EQR,USD,906107,2015-08-06,2015-08-06 16:07:20,2015,Q2,679112000.0,222916000.0,456196000.0,0.6717537019,0,15730000.0,0.0,15730000.0,-1770000.0,210012000.0,432928000.0,6481000.0,110795000.0,194282000.0,441382000.0,0.6499399215,246184000.0,0.3625086878,52575000.0,286364000.0,0.4216741863,326000.0,286420000.0,0.4217566469,0.79,0.75,363476000,380491000,https://www.sec.gov/Archives/edgar/data/906107/000090610715000016/0000906107-15-000016-index.htm,https://www.sec.gov/Archives/edgar/data/906107/000090610715000016/q21510-q.htm,1.8683819564427917,0.7880025091065159,0.9000649286335274,0.7338998998558364,0.26429255301588,31.179255301588,30.71615457416721,28.88984142006625,30.09470226369829,25505110920.0,36240908920.0,22.261984952168145,37.55656050842865,77.96104232894801,95.6124943112594,2.428881452816195,2.428881452816195,53.36514289248313,82.10780892741435,110.77697498410524,135.85840535322674,0.0112299060724884,0.0104588841364662,1.0311542093508623,0.4691095550049541,24.32314412459049,0.5078586786791697,2.221977526061645,1.0955535165328278,0.0079147273906464,0.7047901682843377,0.0231626005725123,0.0,0.0072925760219185,0.1846144911233921,0.0889352566292452,0.309526615998811,0.0153244236591313,22.63224512395501,0.0108842787004031,0.0125000523708639,-32.05948948486282,-240789000.0,11164585000.0,-11500440000.0,22095971000.0,0.0,197603000.0,0.0,0.0,77.96048735846686,0.0,0.0,1.1544309566226123,0.0,0.0272761105763352,0.1661650287776909,2015-07-28,0.43,amc,469061077.0,2025-04-25,2015-06-30,0.8139534883720931,74.20031746031746,1611553.507936508
2015-03-31,EQR,USD,906107,2015-05-06,2015-05-06 16:06:34,2015,Q1,666371000.0,233757000.0,432614000.0,0.6492089242,0,19922000.0,0.0,19922000.0,70000.0,214443000.0,448200000.0,120000.0,108622000.0,194521000.0,413698000.0,0.6208223347,218171000.0,0.3274017027,-31181000.0,187101000.0,0.2807760242,43000.0,182522000.0,0.2739044766,0.5,0.48,363098000,380327000,https://www.sec.gov/Archives/edgar/data/906107/000090610715000012/0000906107-15-000012-index.htm,https://www.sec.gov/Archives/edgar/data/906107/000090610715000012/q11510-q.htm,1.8352373188505584,0.5026797173214945,0.9581297611113252,0.8095417766002567,0.15508209904764,30.88823127640472,30.42152256415623,28.453370715344068,30.2070790805788,28270810280.0,39080900280.0,38.72246945573684,42.42503092121356,81.26247942626367,96.17786536845578,2.7364069016263293,2.7364069016263293,58.64736052439257,94.46722072623024,112.33533186737378,132.95400904256948,0.0064561998114756,0.0103974027305452,1.0511206557276769,0.4715569657938096,26.130389801255987,0.3143902085747392,2.00853418276224,1.8288701741105224,0.0064483118168341,0.9987782294737072,0.0298962589908624,0.0,0.0073585760036628,0.1550812745224852,0.0809639074929731,0.2761571811001858,0.0204240580697539,17.93923013483965,0.0096799281019283,0.0079844837091763,-32.38046753218139,-662683000.0,11045994000.0,-11509716000.0,21558154000.0,0.0,177850000.0,0.0,0.0,77.81542370923651,0.0,0.0,1.156583048834793,0.0,0.0176667897224005,0.1485879845110686,2015-04-28,0.8,amc,571200000.0,2025-04-25,2015-03-31,-0.0125,78.08016393442624,2026221.049180328
2014-12-31,EQR,USD,906107,2015-02-26,2015-02-26 16:08:36,2014,Q4,664660000.0,211387000.0,453273000.0,0.6819622062,0,9652000.0,0.0,9652000.0,-1894000.0,202741000.0,414128000.0,1249000.0,109967000.0,193089000.0,444467000.0,0.6687133271,250532000.0,0.376932567,99539000.0,221527000.0,0.3332937141,248000.0,217739000.0,0.3275945596,0.6,0.57,362018000,378886000,https://www.sec.gov/Archives/edgar/data/906107/000090610715000007/0000906107-15-000007-index.htm,https://www.sec.gov/Archives/edgar/data/906107/000090610715000007/eqr-20141231x10k.htm,1.8359860559419696,0.6014590434729765,0.8557640780292692,0.6616908551508488,0.1160411913219784,30.96119253738764,30.489950775928268,28.640719522233702,30.260451137788728,26007373120.0,36812154120.0,29.860719852667643,39.12883748081726,83.94837063672927,108.57033830945464,2.508316871865975,2.508316871865975,55.38493984894532,82.8231434954676,118.82477879419758,153.67595982366495,0.008372202720949,0.009210618807779,1.0459475354864791,0.4725303209752907,24.30952354168026,0.2098454810800631,2.2782471104967854,1.364255675187705,0.0070030525251294,0.8364647582656299,0.0145217103481479,0.0,0.0074332651841035,0.2267835585309326,0.105705172569434,0.3622760203160853,0.0043571149158968,19.68730415229472,0.0112797464064347,0.0095583339362009,-32.319100155240896,-604228000.0,11037911000.0,-11581637000.0,21624392000.0,0.0,178330000.0,0.0,0.0,65.39238458372559,0.0,0.0,1.376307051240315,0.0,0.0210001373396386,0.1940732228784204,2015-02-03,0.83,amc,416845762.0,2025-04-25,2014-12-31,0.036144578313253,69.236875,2009064.109375
2014-09-30,EQR,USD,906107,2014-11-06,2014-11-06 16:10:09,2014,Q3,664078000.0,220372000.0,443706000.0,0.6681534398,0,9968000.0,0.0,9968000.0,-4971000.0,200437000.0,420809000.0,576000.0,118251000.0,190469000.0,434589000.0,0.6544246308,243269000.0,0.3663259436,-11638000.0,117995000.0,0.1776824409,260000.0,221744000.0,0.3339125826,0.61,0.59,361409000,377954000,https://www.sec.gov/Archives/edgar/data/906107/000090610714000023/0000906107-14-000023-index.htm,https://www.sec.gov/Archives/edgar/data/906107/000090610714000023/q31410-q.htm,1.8374694598086927,0.6135541726963081,1.092369033421968,0.898682655938286,0.0889739879195039,30.84475206760208,30.36957297687661,28.71631863069265,30.646323140818296,22255566220.0,33181694220.0,25.09150892470597,33.513482181310025,56.37289058542219,68.52251970491884,2.144425293226197,2.144425293226197,49.96656148825891,76.35189620538026,84.0485476402764,102.16290493608216,0.0099635299236165,0.0145937423828886,1.0558153060374995,0.4762500535681052,25.141289816355226,0.1758135889708684,2.0572257317062856,1.707644328715218,0.0081668557970303,0.8196749404718955,0.015010284936408,0.0,0.0074640689489533,0.1773085574175768,0.1054093043287083,0.3658887175600449,0.0041290330352759,19.910496859888,0.0107736298085962,0.0097101289347339,-32.728479368250376,-761390000.0,10975837000.0,-11698105000.0,21391810000.0,0.0,185647500.0,0.0,0.0,82.9338572958452,0.0,0.0,1.0852021470428916,0.0,0.0213660455780194,0.1936863774836819,2014-10-28,0.8,amc,633957316.0,2025-04-25,2014-09-30,0.0125,64.5896875,1778702.9375
2014-06-30,EQR,USD,906107,2014-08-07,2014-08-07 16:14:27,2014,Q2,652568000.0,220376000.0,432192000.0,0.6622941977,0,13752000.0,0.0,13752000.0,-1533000.0,203888000.0,424264000.0,2032000.0,115924000.0,190136000.0,419147000.0,0.6423039438,228304000.0,0.3498547278,-103662000.0,109745000.0,0.1681740447,646000.0,112690000.0,0.1726869843,0.31,0.3,360809000,377118000,https://www.sec.gov/Archives/edgar/data/906107/000090610714000017/0000906107-14-000017-index.htm,https://www.sec.gov/Archives/edgar/data/906107/000090610714000017/q21410-q.htm,1.808624507703522,0.3123259120476485,0.7832315712745525,0.6207494824131327,0.2150278956456185,30.677363923848905,30.19824616348262,28.518518107918595,31.03571972982936,22730967000.0,33736878000.0,50.42809255479634,34.833100918218484,80.43598127368656,101.4902175271909,2.2090909408966484,2.2090909408966484,51.69863983523556,80.48937007780087,119.38158579178123,150.62989123640455,0.0049575541594864,0.00985316638751,1.07699953098903,0.4820081437399946,26.25787850086008,0.4736467826567246,1.9694282460922672,2.403710224807982,0.0079889694090005,1.6114739550980566,0.0210736658861605,0.0,0.0075188977166333,0.2074508929677243,0.0898373809319488,0.3071993376546477,0.0136752031972146,14.156592952113115,0.0100616795135413,0.0049385297879811,-32.829416671978805,-228711000.0,10895799000.0,-11716924000.0,21808185000.0,0.0,165031500.0,0.0,0.0,68.70190038842706,0.0,0.0,1.310007430524595,0.0,0.010951687982726,0.1624820888614197,2014-07-29,0.77,amc,725111111.0,2025-04-25,2014-06-30,0.0129870129870129,60.72555555555556,1661813.5873015872
2014-03-31,EQR,USD,906107,2014-05-08,2014-05-08 16:06:37,2014,Q1,633442000.0,231447000.0,401995000.0,0.6346200599,0,17576000.0,0.0,17576000.0,-657000.0,202743000.0,434190000.0,605000.0,113049000.0,185167000.0,385255000.0,0.6081930153,199252000.0,0.3145544501,-115900000.0,83359000.0,0.1315968944,222000.0,79135000.0,0.1249285649,0.22,0.21,360470000,376384000,https://www.sec.gov/Archives/edgar/data/906107/000090610714000012/0000906107-14-000012-index.htm,https://www.sec.gov/Archives/edgar/data/906107/000090610714000012/q11410-q.htm,1.757266901545205,0.2195328321358226,0.934563209143618,0.8093322606596943,0.1349266235747773,30.86202457902183,30.37929647404777,28.786198574083837,30.67198657308514,20903655300.0,31809728300.0,66.03795823592596,33.0001094022815,62.05037758028034,71.65166003976144,2.014507051035502,2.014507051035502,50.21727056305076,82.5679830242307,94.42394755433654,109.0345112086104,0.0037857015370895,0.0139564107718519,1.0546154935146623,0.4780890526369779,28.308712411260075,0.2373931603321864,1.762527753452043,4.075464850413133,0.0112572656132537,2.973627345675112,0.0277468181775127,0.0,0.0076020884740343,0.1339994419410951,0.0712646145977058,0.2427041441751435,0.0204927996564799,11.924307243456036,0.00896599469887,0.0034837258693598,-32.5024551280273,-553452000.0,10950825000.0,-11592512000.0,21397453000.0,0.0,140314500.0,0.0,0.0,62.93198874904405,0.0,0.0,1.4301153004856708,0.0,0.0076263224395828,0.1252309484839237,2014-04-30,0.71,amc,748563636.0,2025-04-25,2014-03-31,0.0,56.40426229508196,2043060.2295081967
2013-12-31,EQR,USD,906107,2014-02-27,2014-02-27 16:12:28,2013,Q4,639134000.0,217563000.0,421571000.0,0.659597205,0,15162000.0,0.0,15162000.0,-1575000.0,197902000.0,415465000.0,3336000.0,149402000.0,182740000.0,398552000.0,0.6235812834,223669000.0,0.3499563472,-153557000.0,70112000.0,0.1096984357,-156000.0,110976000.0,0.1736349498,0.31,0.3,359919000,375860000,https://www.sec.gov/Archives/edgar/data/906107/000090610714000006/0000906107-14-000006-index.htm,https://www.sec.gov/Archives/edgar/data/906107/000090610714000006/eqr-20131231x10k.htm,1.7757717708706682,0.3083360422761788,0.2829053203637485,0.2408125161494669,0.2007229404393766,31.141284566805307,30.654655630850275,29.193237922977115,30.328090487026248,18668998530.0,29381718530.0,42.05638725940744,29.20983476078569,183.34755929406916,215.39578103907792,1.7767813264445973,1.7767813264445973,45.97113990180463,73.72116694935667,288.5567949284543,338.9950564766421,0.0059444002752299,0.004642616467119,1.0246548057850993,0.4714897537918973,26.87910235050884,0.359490722825862,1.497095085741824,1.455820537016385,0.0077766356758077,1.3082288062283738,0.0237227248120112,0.0,0.0076702645049419,0.1487876020152617,0.0237039494065407,0.0832692096295482,0.0100996035260211,14.231298867424098,0.0100101512345769,0.0048975705356338,-32.10155896187754,-355874000.0,11033193000.0,-11426468000.0,21418990000.0,0.0,142865000.0,0.0,0.0,49.14066270459591,0.0,0.0,1.8314771321059675,0.0,0.0105618994059407,0.0420928042142815,2014-02-04,0.75,amc,85213333.0,2025-04-25,2013-12-31,0.0266666666666666,52.68234375,1923357.109375
2013-09-30,EQR,USD,906107,2013-11-07,2013-11-07 16:32:23,2013,Q3,629446000.0,216278000.0,413168000.0,0.656399437,0,14438000.0,0.0,14438000.0,-3986000.0,291774000.0,508052000.0,816000.0,120035000.0,277336000.0,393315000.0,0.624859003,121394000.0,0.1928584819,-127723000.0,-8083000.0,-0.0128414511,493000.0,377192000.0,0.5992444149,1.05,1.05,357933806,359811000,https://www.sec.gov/Archives/edgar/data/906107/000090610713000034/0000906107-13-000034-index.htm,https://www.sec.gov/Archives/edgar/data/906107/000090610713000034/q31310-q.htm,1.758554205969581,1.053803786278852,0.975806124331268,0.6674697835051657,2.751606535874401,31.566861834782937,31.07140709698709,29.610606269473188,33.04307053913762,19174513987.42,29908949987.42,12.70872260507911,30.462524167950868,54.89820023082165,80.25831479393915,1.8091490431665884,1.8091490431665884,47.51630797148604,76.04324774651361,85.63176757336647,125.18919253032524,0.0196715285846341,0.0124597682192489,1.1045945813598483,0.4916628908191196,27.292211077634978,2.766621573230414,1.0113216978381303,-34.97636691367915,0.0076241828134946,0.3875744978684595,0.0229376308690499,0.0,0.0074476834256622,0.3159811494700436,0.175335135976716,0.3933045148552958,0.0110096815294719,26.49688288304156,0.0055020043885404,0.0159596575980011,-32.20620910001443,710408000.0,11121507000.0,-11400048000.0,22468497000.0,0.0,125771000.0,0.0,0.0,69.46850812380362,0.0,0.0,1.2955510695523516,0.0,0.035588727116515,0.3083363408261023,2013-10-30,0.73,amc,5967619.05,2025-04-25,2013-09-30,0.0,55.10421875,1752311.75
2013-06-30,EQR,USD,906107,2013-08-08,2013-08-08 16:06:25,2013,Q2,635078000.0,219974000.0,415104000.0,0.6536267986,0,16086000.0,0.0,16086000.0,-981000.0,344071000.0,564045000.0,249000.0,122950000.0,327985000.0,389799000.0,0.6137812993,71033000.0,0.1118492532,-128502000.0,-64468000.0,-0.1015119403,428000.0,324759000.0,0.5113686823,0.9,0.9,359476467,359653000,https://www.sec.gov/Archives/edgar/data/906107/000090610713000029/0000906107-13-000029-index.htm,https://www.sec.gov/Archives/edgar/data/906107/000090610713000029/q21310-q.htm,1.7666747570432757,0.9034221425126,0.6239768680045473,0.5893376046783056,0.4585557474058517,30.730261961765635,30.23309450740763,28.71504798671564,32.95491384697513,20662707323.16,32233709323.16,15.90618529675852,32.53570006071695,92.1187995058514,97.53322975440516,2.001737905038216,2.001737905038216,50.75551243022117,82.69315550619679,143.70481854243107,152.1512998312981,0.0157171562719659,0.010252915878189,1.1357420921368553,0.4992494160409529,29.684534850012444,1.2166378463107872,0.5777389182594551,-4.21467493423525,0.007020038455339,0.4466481298439766,0.0253291721646789,0.0,0.0076108119009897,0.0555136978667439,0.019607040395038,0.0375768768823142,0.0186638491649844,24.1596922357569,0.0030873038613393,0.0139359636294088,-34.13502169531448,69656000.0,10868086000.0,-12044389000.0,22120558000.0,0.0,94719500.0,0.0,0.0,34.61440897560621,0.0,0.0,2.600073283453306,0.0,0.0314616274690032,0.0346392633262416,2013-07-30,0.71,amc,720066666.0,2025-04-25,2013-06-30,0.0,57.43828125,2357363.640625
2013-03-31,EQR,USD,906107,2013-05-09,2013-05-09 17:12:33,2013,Q1,539162000.0,199865000.0,339297000.0,0.6293043649,0,16496000.0,0.0,16496000.0,-2564000.0,221768000.0,421633000.0,256000.0,195685000.0,205272000.0,296229000.0,0.5494248482,117529000.0,0.2179845761,-222814000.0,-152590000.0,-0.2830132687,407000.0,1017686000.0,1.8875328751,3.02,3.02,337526333,337532000,https://www.sec.gov/Archives/edgar/data/906107/000090610713000016/0000906107-13-000016-index.htm,https://www.sec.gov/Archives/edgar/data/906107/000090610713000016/q11310-q.htm,1.5973924025655206,3.015130674263569,0.5733300814784131,0.5426509936929869,0.1663277632326245,32.06222431243609,31.52863335258645,29.99448342301636,36.59269749480554,18749587798.15,30848814798.15,4.605936359090623,34.77542519344835,96.89008442877515,102.36782139097724,1.852007224680973,1.852007224680973,57.216225917534985,104.13840237839644,159.41386565390616,168.42642075000407,0.0542777799147357,0.0097686947559493,1.2006519603853365,0.5108314052800154,40.84416785662444,0.3289613789650997,0.6006030099394435,-1.403414365281968,0.0132978923421773,0.2449969833524289,0.0305956280301653,0.0,0.0075688087467206,0.0535103403371332,0.0192057303741732,0.0469976852902464,0.018985017490105,45.109189286852654,0.0050250401359187,0.0430947932922626,-38.27011920874334,-495968000.0,10641744000.0,-12730176000.0,22085716000.0,0.0,71604000.0,0.0,0.0,47.20806544417482,0.0,0.0,1.906453889885154,0.0,0.1005228405417344,0.0306790877854262,2013-04-30,0.63,amc,848813636.0,2025-04-25,2013-03-31,0.0158730158730158,56.49733333333334,2001570.933333333
2012-12-31,EQR,USD,906107,2013-02-21,2013-02-21 13:08:46,2012,Q4,547650000.0,183168000.0,364482000.0,0.6655382087,0,10072000.0,-2000.0,10072000.0,-6803000.0,176268000.0,359436000.0,80032000.0,110214000.0,166196000.0,408517000.0,0.7459454031,188214000.0,0.3436757053,-15428000.0,140178000.0,0.2559627499,-88000.0,367017000.0,0.6701670775,1.18,1.12,310398000,327108000,https://www.sec.gov/Archives/edgar/data/906107/000090610713000005/0000906107-13-000005-index.htm,https://www.sec.gov/Archives/edgar/data/906107/000090610713000005/eqr-20121231x10k.htm,1.7643477084259565,1.1824077474725998,0.5903742936487992,3.720210826100684,1.978469577767898,25.533279853607304,25.533279853607304,23.48537361709805,27.833484751834742,17590254660.0,25506908660.0,11.981907282223984,32.119519145439604,95.98995181472408,15.233007657095154,2.4129912056729026,2.4129912056729026,46.57520069387383,62.43781448507651,139.19110214951078,22.088761216752427,0.0208647917323557,0.0656469177007355,1.1700223311626787,0.4958574501482471,19.37900748316472,2.32718380024068,1.7077140835102618,-1.1182091665192002,0.0049545047348393,0.2374576654487394,0.0183913083173559,0.0,0.0,0.0,0.0,0.0,0.0072966310599835,24.9961791807422,0.0111927726477693,0.0213369571536538,-27.90420041366246,497390000.0,7925479000.0,-8403360000.0,16239775000.0,0.0,71987000.0,0.0,0.0,18.854166666666668,0.0,0.0,4.773480662983426,0.0,0.050346558958371,0.0,2013-02-05,0.73,amc,476826071.0,2025-04-25,2012-12-31,0.0273972602739726,56.08483870967742,2098404.14516129
2012-09-30,EQR,USD,906107,2012-11-01,2012-11-01 14:29:34,2012,Q3,556144000.0,194515000.0,361629000.0,0.6502434621,0,10096000.0,0.0,10096000.0,167406000.0,177502000.0,372017000.0,70087000.0,117214000.0,167406000.0,374462000.0,0.6733184211,184127000.0,0.3310779223,-10026000.0,132906000.0,0.2389776748,222000.0,226139000.0,0.4066195086,0.75,0.71,301336000,318773000,https://www.sec.gov/Archives/edgar/data/906107/000090610712000034/0000906107-12-000034-index.htm,https://www.sec.gov/Archives/edgar/data/906107/000090610712000034/q31210-q.htm,1.8455942867762232,0.7504546419943187,0.9196279236466934,0.8939522659091512,0.1861211405208803,21.995609552127856,21.995609552127856,19.880704595534556,31.281914540579287,17239432560.0,26492500560.0,19.058446972879512,30.998145372421533,62.20994222656856,63.996705620313314,2.8776646081673616,2.8776646081673616,47.63604490923214,70.74816819864232,95.60041628626176,98.3462044695226,0.0131175431217325,0.0156258043333184,1.5539154219189113,0.5584862386009096,24.71029904235944,0.5893616097810156,1.570861842442029,2.084699350781244,0.0061472440946745,0.4686277024308058,0.0181535717368163,0.0,0.0,0.0279196151805915,0.0139118645530653,0.0458260776857741,0.0071168618199602,18.32185194300307,0.0112249115154221,0.013566811020398,-33.133747710197255,-122994000.0,6628069000.0,-9863951000.0,16147774000.0,0.0,89124500.0,0.0,0.0,48.86091046962959,0.0,0.0,1.8419632203935528,0.0,0.0377478895875189,0.0256756577375421,2012-10-24,0.3,amc,188208333.0,2025-04-25,2012-09-30,1.4,61.24809523809524,1622585.7301587302
2012-06-30,EQR,USD,906107,2012-08-02,2012-08-02 16:04:33,2012,Q2,543781000.0,192338000.0,351443000.0,0.6462951078,0,13394000.0,0.0,13394000.0,172338000.0,185732000.0,378070000.0,259000.0,115618000.0,172338000.0,288312000.0,0.5301987381,165711000.0,0.3047384885,-91788000.0,36772000.0,0.0676228114,214000.0,103264000.0,0.1898999781,0.34,0.34,300193000,300193000,https://www.sec.gov/Archives/edgar/data/906107/000090610712000023/0000906107-12-000023-index.htm,https://www.sec.gov/Archives/edgar/data/906107/000090610712000023/q21210-q.htm,1.8114379749028124,0.3439920317928799,1.1675955135529477,1.142511650837961,0.1789648659362477,21.840709143784167,21.840709143784167,19.60491417188275,31.67922636437225,18720035480.0,28060575480.0,45.32081722575147,34.42568879751224,53.40890683130577,54.58150028865162,3.180835144355609,3.180835144355609,51.60271410733365,97.32711604095564,80.05778958300048,81.81545971414742,0.0055162288613354,0.0183212259595567,1.5962365626111887,0.5620457363381972,32.397333444324204,0.825923516952686,1.4332629867321698,9.417593637487238,0.0056021261344318,1.015571738456771,0.0246312394143966,0.0,0.0,0.021483349690731,0.0138474863961778,0.043526514757396,0.0145462971306463,12.318219060805705,0.0100152314121574,0.0061781413548977,-33.659212573244545,-52189000.0,6556428000.0,-9910368000.0,16193422000.0,0.0,74851000.0,0.0,0.0,33.99343863407127,0.0,0.0,2.647569755117211,0.0,0.0175462146264445,0.0250838627149866,2012-07-25,0.26,amc,331539393.0,2025-04-25,2012-06-30,1.6153846153846154,61.46968253968255,2016961.9365079368
2012-03-31,EQR,USD,906107,2012-05-03,2012-05-03 11:13:27,2012,Q1,527659000.0,193082000.0,334577000.0,0.6340780694,0,13688000.0,0.0,13688000.0,174737000.0,188425000.0,381507000.0,172000.0,118703000.0,174737000.0,279863000.0,0.5303861016,146152000.0,0.2769819145,-96896000.0,17580000.0,0.0333169718,191000.0,145299000.0,0.2753653401,0.49,0.49,298805000,298805000,https://www.sec.gov/Archives/edgar/data/906107/000090610712000012/0000906107-12-000012-index.htm,https://www.sec.gov/Archives/edgar/data/906107/000090610712000012/q11210-q.htm,1.7658974916751728,0.4862669634042268,0.7839393584444705,0.7597597095095464,0.7732668462709794,21.67359314603169,21.67359314603169,19.48430581817573,31.8979568614983,18711169100.0,27892679100.0,32.19424961630844,35.46072198143119,79.87862750538964,82.4207959651132,3.21386866867926,3.21386866867926,52.86118326419146,99.66547596502576,119.07481098849496,122.86441326755352,0.007765361919582,0.0121328602604526,1.61672158471785,0.5711076352414353,32.80715921718841,1.5559421206610264,1.2312409964364843,12.193274686377595,0.0091825368624347,1.182499535440712,0.0259409959841488,0.0,0.0,0.030843774680356,0.013692555229798,0.0412602508166388,0.016995824955132,14.60061368729005,0.0089150928312942,0.0088160198072391,-32.71033951908435,147651000.0,6476178000.0,-9591831000.0,16025748000.0,0.0,56130500.0,0.0,0.0,35.91712329476596,0.0,0.0,2.5057686068392706,0.0,0.0249568533742997,0.0241796489349241,2012-04-25,0.2,amc,457084606.0,2025-04-25,2012-03-31,1.3499999999999996,58.325967741935486,2080254.3548387096
2011-12-31,EQR,USD,906107,2012-02-24,2012-02-24 15:14:15,2011,Q4,512383000.0,177142000.0,335241000.0,0.6542781474,0,11144000.0,0.0,11144000.0,164924000.0,176068000.0,353210000.0,1369000.0,114277000.0,167233000.0,317659000.0,0.6199639723,159173000.0,0.3106523831,-123024000.0,36149000.0,0.0705507404,59000.0,102482000.0,0.200010539,0.35,0.35,295831000,295831000,https://www.sec.gov/Archives/edgar/data/906107/000090610712000004/0000906107-12-000004-index.htm,https://www.sec.gov/Archives/edgar/data/906107/000090610712000004/eqr-20111231x10k.htm,1.7320125341833683,0.3464207605017729,0.6229333639814624,-1.6538699460164756,1.2977713627037055,21.225838400978937,21.225838400978937,19.163018750570423,33.24647518346624,16871241930.0,26208381930.0,41.156598061122935,32.92701344502062,91.5507232354585,-34.48275974623211,2.976044679719493,2.976044679719493,51.14998337181366,82.50476747077842,142.2181206622423,-53.56673451660242,0.006074360170117,-0.0289999990534188,1.7147707317761551,0.5835214714565189,29.39359501855764,1.7729740812020929,1.3928699563341704,1.7158406346309625,0.0051076263595492,0.8408501005054546,0.0217493554626129,0.0,0.0,3.6549708871681057,1.314542051551281,4.027608187379285,0.0086946678558812,12.221518702859832,0.0097153640074585,0.0061516379166643,-33.78997130118209,233752000.0,6279261000.0,-9843884000.0,16102115000.0,0.0,66525500.0,0.0,0.0,17.88700590486728,0.0,0.0,5.031585525194569,0.0,0.0180775672669767,2.276803309997938,2012-02-01,0.14,amc,452909972.0,2025-04-25,2011-12-31,3.642857142857143,55.47920634920635,2344560.9206349207
2011-09-30,EQR,USD,906107,2011-11-04,2011-11-04 10:15:03,2011,Q3,511958000.0,186209000.0,325749000.0,0.6362807105,0,10121000.0,0.0,10121000.0,164552000.0,174673000.0,360882000.0,5317000.0,113370000.0,164552000.0,308402000.0,0.6023970716,151076000.0,0.2950945195,-114314000.0,35774000.0,0.0698768258,283000.0,107848000.0,0.2106579055,0.36,0.34,295831000,312844000,https://www.sec.gov/Archives/edgar/data/906107/000119312511296565/0001193125-11-296565-index.htm,https://www.sec.gov/Archives/edgar/data/906107/000119312511296565/d251109d10q.htm,1.730575903133884,0.3645594951171446,0.7489884427257455,-0.1653984876500434,0.1915384121339548,21.071385351771788,21.071385351771788,19.388431232697048,30.052769993678822,15344753970.0,24065261970.0,35.57032575940212,29.972681294168662,69.25340504752361,-313.6062532188841,2.6753067010664258,2.6753067010664258,47.00632077240712,78.03212031698887,108.6104956809012,-491.83041017780505,0.0070283303473519,-0.0031887119269335,1.530270504083286,0.5570395975278509,28.276431410950643,1.4184605859267077,1.332592396577578,1.9612310470272711,0.0070380405062955,1.0013815740672056,0.0197691998171725,0.0,0.0,1.2208291586557989,0.5283714679719821,1.634929557034324,0.0084635849034491,12.610920893391333,0.0096807234864796,0.0068445295772617,-31.99997633784153,125711000.0,6233569000.0,-9097124000.0,15258999000.0,0.0,83481500.0,0.0,0.0,47.29121578441429,0.0,0.0,1.9031018447544583,0.0,0.0188029392755791,0.9143869303757888,2011-10-26,0.24,amc,338674285.0,2025-04-25,2011-09-30,1.5833333333333337,59.09796875,3003073.5
2011-06-30,EQR,USD,906107,2011-08-05,2011-08-05 10:24:40,2011,Q2,498059000.0,181569000.0,316490000.0,0.6354468045,0,10908000.0,0.0,10908000.0,159087000.0,169995000.0,351564000.0,281000.0,124969000.0,159087000.0,292675000.0,0.5876311843,146495000.0,0.2941318197,-122676000.0,17181000.0,0.0344959131,203000.0,555924000.0,1.1161810147,1.89,1.78,294663000,312199000,https://www.sec.gov/Archives/edgar/data/906107/000095012311073326/0000950123-11-073326-index.htm,https://www.sec.gov/Archives/edgar/data/906107/000095012311073326/c64621e10vq.htm,1.690266507841161,1.8866433858339864,0.6955369354143547,-0.9497425872946382,2.089400433715804,21.427698760957437,21.427698760957437,19.5155007584936,32.48996650410808,17679780000.0,26512733000.0,7.950628143415287,35.49736075444877,86.26429014047397,-63.17501268518585,3.07447914058196,3.07447914058196,53.232113062910216,90.58762449816348,129.36258776573683,-94.73773110264638,0.0314440564305664,-0.0158290431215773,1.6430968737305442,0.5762014699000289,30.180073460322884,3.6437443153861055,1.172250718178108,0.3522955618621649,0.0064295483314837,0.2044757916549744,0.0219010197587032,0.0,0.0,2.3654811684858186,0.9733846793251402,3.0006313170387515,0.0117757133191047,28.782334592821467,0.0089749173352835,0.0339016870346494,-32.133328582142994,709232000.0,6313950000.0,-9106672000.0,15939014000.0,0.0,74751500.0,0.0,0.0,34.260363828627135,0.0,0.0,2.6269423305072483,0.0,0.0966740955910585,1.645279522708993,2011-07-27,0.35,amc,87015957.0,2025-04-25,2011-06-30,0.7142857142857143,58.79666666666667,1783877.8095238097
2011-03-31,EQR,USD,906107,2011-05-05,2011-05-05 09:53:27,2011,Q1,520623000.0,207710000.0,312913000.0,0.6010356822,0,11435000.0,0.0,11435000.0,167968000.0,179403000.0,387113000.0,972000.0,121376000.0,167968000.0,281162000.0,0.5400491334,133510000.0,0.2564427618,-108034000.0,7919000.0,0.0152106227,192000.0,127331000.0,0.2445742889,0.43,0.43,292895000,292895000,https://www.sec.gov/Archives/edgar/data/906107/000095012311045246/0000950123-11-045246-index.htm,https://www.sec.gov/Archives/edgar/data/906107/000095012311045246/c63548e10vq.htm,1.777507297837109,0.4347325833489817,0.64025674729852,-0.3640417214360095,1.086256166885744,19.866447020263237,19.866447020263237,18.022970689154818,33.451878659587905,16522206949.999998,25880559950.0,32.43948243161523,31.73545338949681,88.10528001151826,-154.9547666610395,3.129894675684308,3.129894675684308,49.71075029339848,92.04856968580393,138.0090437161384,-242.72278759402025,0.0077066580987233,-0.0064534962140756,1.833076142893569,0.6019479912355138,33.28455836848507,2.429643505420374,1.0999703401001846,1.4092856176634152,0.0082386693504041,1.069032678609294,0.0219640699700166,0.0,0.0,1.5685870909944115,0.5650038511552505,1.7368256348789286,0.0125311405758101,13.277476554853454,0.0082362888390511,0.007920895429263,-33.93156933372028,369387000.0,5818783000.0,-9628782000.0,15641230000.0,0.0,59918500.0,0.0,0.0,34.83053295460016,0.0,0.0,2.5839397897617715,0.0,0.0241210281505134,1.0042984687345295,2011-04-27,0.1,amc,110119047.0,2025-04-25,2011-03-31,3.1999999999999997,53.281451612903226,1950416.2741935484
2010-12-31,EQR,USD,906107,2011-02-24,2011-02-24 13:32:27,2010,Q4,470621000.0,184697000.0,285924000.0,0.6075461996,0,8852000.0,0.0,8852000.0,156460000.0,165312000.0,350009000.0,144000.0,117002000.0,171708000.0,242270000.0,0.5147879079,75232000.0,0.15985687,-118895000.0,-46440000.0,-0.0986781295,23000.0,189383000.0,0.4024108571,0.67,0.67,282717000,282717000,https://www.sec.gov/Archives/edgar/data/906107/000095012311017717/0000950123-11-017717-index.htm,https://www.sec.gov/Archives/edgar/data/906107/000095012311017717/c61474e10vk.htm,1.66463636781658,0.6698677476062636,0.5871985059264211,-0.3585458249769204,1.5259358298227557,19.77990711559616,19.77990711559616,18.004527495693573,35.60124789100054,14687148150.0,24203816150.0,19.388155417856936,31.20801696056912,88.47093355259592,-144.89082393678416,2.8853853572344903,2.8853853572344903,51.429528537825554,99.9043057332728,145.7964601743258,-238.77411928931505,0.0128944705987731,-0.0069017483152438,1.954363946621989,0.614678494338365,39.28124819416354,2.195058568827333,0.6429975555973402,0.8375426311222327,0.0056782977299783,0.4403668755907341,0.0188091904101176,0.0,0.0,1.6106041165946834,0.568138693343476,1.557166818086519,0.0088372597057929,16.473150163394497,0.0047323662204557,0.0117017257702175,-35.93936692876622,333407000.0,5592116000.0,-9979683000.0,15698421000.0,0.0,75286500.0,0.0,0.0,19.22435123472498,0.0,0.0,4.681562404947785,0.0,0.0372055166549906,0.9457443309033416,2011-02-02,0.28,amc,124494999.0,2025-04-25,2010-12-31,1.857142857142857,50.134375,2229480.546875
2010-09-30,EQR,USD,906107,2010-11-04,2010-11-04 06:23:58,2010,Q3,527356000.0,215590000.0,311766000.0,0.5911869781,0,10224000.0,0.0,10224000.0,173642000.0,184570000.0,400160000.0,208000.0,125311000.0,173642000.0,273560000.0,0.5187387647,127196000.0,0.2411957008,-106658000.0,-1394000.0,-0.0026433756,293000.0,28783000.0,0.0545798284,0.1,0.1,282717000,282717000,https://www.sec.gov/Archives/edgar/data/906107/000095012310100488/0000950123-10-100488-index.htm,https://www.sec.gov/Archives/edgar/data/906107/000095012310100488/c60163e10vq.htm,1.8653140773282115,0.1018085223032219,0.7213361771665658,-1.029541909400567,0.1544300484229812,17.203401281139797,17.203401281139797,16.796382955393558,36.4386931100712,13448847690.0,23581714690.0,116.81242130771636,25.50240765251557,65.94705978404778,-46.20501561485421,2.8321573833088034,2.8321573833088034,44.71687947041468,86.20308045766924,115.63405165396648,-81.0176098794444,0.0021401833572256,-0.021642672049623,2.143047995176707,0.6325999362584136,37.04074791636205,0.1531134708993224,1.0150425740756996,6.837457252061959,0.0077643083189679,3.627870618073168,0.0193872829739303,0.0,0.0,2.4272705875430285,0.938650551050903,2.844534217527971,0.0071867960163532,6.202849014474876,0.0097414245856286,0.0017892276967698,-39.54298821789988,-241488000.0,4863694000.0,-11179475000.0,15489381000.0,0.0,96456000.0,0.0,0.0,46.38846885291525,0.0,0.0,1.940137327777828,0.0,0.0060613360968011,1.7508780865671325,2010-10-27,0.07,amc,353111111.0,2025-04-25,2010-09-30,6.857142857142857,46.03484375,2906574.40625
2010-06-30,EQR,USD,906107,2010-08-05,2010-08-05 11:19:07,2010,Q2,510937000.0,202878000.0,308059000.0,0.6029295197,0,10090000.0,0.0,10090000.0,174794000.0,186530000.0,389408000.0,2892000.0,118138000.0,174794000.0,273953000.0,0.5361776501,121529000.0,0.2378551563,-115041000.0,4640000.0,0.0090813545,-146000.0,9961000.0,0.0194955542,0.0353,0.0353,282217000,282217000,https://www.sec.gov/Archives/edgar/data/906107/000119312510178651/0001193125-10-178651-index.htm,https://www.sec.gov/Archives/edgar/data/906107/000119312510178651/d10q.htm,1.810440193184677,0.03529553499612,0.7250697158569469,-0.1806553113384381,0.1700181066342566,17.70221141887271,17.70221141887271,17.28165914881102,34.64546430583558,11751515880.0,21362934880.0,294.9381558076498,22.9999312635413,57.428960401120094,-230.49419190334223,2.4094908736158493,2.4094908736158493,41.81128961104794,77.98029180187842,104.39939441031731,-419.01253099011456,0.0008476353265158,-0.0043385041147559,1.980530749544101,0.6181909025327688,35.08418962376758,0.0591506478809343,1.0287037193790314,20.28218852215284,0.0092804197444525,10.948599538198977,0.0197480315577067,0.0,0.0,1.2491557810064164,0.5002788993554979,1.4611185421453967,0.0101167071478479,3.704621656627331,0.0082828224972661,0.0006374929025235,-37.49393197433181,-763201000.0,4995865000.0,-10581425000.0,14503958000.0,0.0,139471500.0,0.0,0.0,36.283825747493566,0.0,0.0,2.4804440586372585,0.0,0.0020423695833943,0.9057250271953852,2010-07-28,0.12,amc,2614799999.0,2025-04-25,2010-06-30,3.833333333333333,43.90984126984127,3676137.444444445
2010-03-31,EQR,USD,906107,2010-05-06,2010-05-06 10:38:52,2010,Q1,488690000.0,207054000.0,281636000.0,0.576308089,0,10721000.0,0.0,10721000.0,152319000.0,163040000.0,370094000.0,2225000.0,118494000.0,152319000.0,257583000.0,0.5270887475,118596000.0,0.2426814545,-119270000.0,-2056000.0,-0.0042071661,166000.0,55483000.0,0.1135341423,0.2,0.2,280645000,280645000,https://www.sec.gov/Archives/edgar/data/906107/000119312510110115/0001193125-10-110115-index.htm,https://www.sec.gov/Archives/edgar/data/906107/000119312510110115/d10q.htm,1.741310196155285,0.1976981595966434,0.5420370931247661,-1.437912665467049,0.2144559853195318,18.340041689679133,18.340041689679133,17.89423649094051,34.254046927613174,10987251750.0,20421798750.0,49.5072893949498,22.48307055597618,72.22752925322115,-27.22696651905745,2.187855291832141,2.187855291832141,41.78886154822075,79.28240120660136,134.2479539179595,-50.60625199792835,0.005049761420093,-0.0367282928599501,1.8906549436790017,0.6118365969509898,36.627211423114105,0.1187309014797469,1.0008608030786368,2.629286504424779,0.0088795635359861,1.7584124867076405,0.0219382430579713,0.0,0.0,3.652793846962924,1.1370459800691646,3.6381093928005552,0.0117804743293294,8.921731697772348,0.0085382100989397,0.0035753011599833,-36.74102870174063,-446725000.0,5147041000.0,-10311186000.0,14613213000.0,0.0,127844500.0,0.0,0.0,85.69590541597844,0.0,0.0,1.0502252069469242,0.0,0.0110481472454403,1.979949758591815,2010-04-28,0.07,bmo,166911111.0,2025-04-25,2010-03-31,5.999999999999999,35.382295081967214,3170077.180327869
2009-12-31,EQR,USD,906107,2010-02-25,2010-02-25 12:18:37,2009,Q4,464400000.0,182103000.0,282297000.0,0.607874677,0,8518000.0,398275000.0,8518000.0,145157000.0,153675000.0,335778000.0,830000.0,145923000.0,148888000.0,274081000.0,0.5901830319,128622000.0,0.2769638243,-149352000.0,-20730000.0,-0.0446382429,-38000.0,45292000.0,0.0975279931,0.17,0.17,273658000,273658000,https://www.sec.gov/Archives/edgar/data/906107/000119312510040142/0001193125-10-040142-index.htm,https://www.sec.gov/Archives/edgar/data/906107/000119312510040142/d10k.htm,1.6970086750615732,0.1655058503679775,0.5122963699215809,-1.3195484875282286,0.706312258366282,18.90868529332232,18.90868529332232,18.44396655679717,34.85552404826462,9244167240.0,18443449240.0,51.02538660249051,19.905614211886306,65.93839422514516,-25.599665582032927,1.8314932363370084,1.8314932363370084,39.71457631352283,67.29196565978671,131.5566232506384,-51.07503147284031,0.0048995219173468,-0.0390630102879878,1.8608954143955856,0.6092142605342041,33.56409966396795,0.3264161904375903,0.8814374704467425,2.9632432203927204,0.0099911190053285,2.0392028393535284,0.0183419465977605,0.0,0.0,3.575752171990242,1.0794552110249784,3.366953683305572,0.0083290267011197,8.287529686563918,0.0086599042480885,0.0029376978066828,-36.72362583955156,-398864000.0,5174513000.0,-10049714000.0,14188716000.0,0.0,145248500.0,0.0,0.0,28.93049537898881,0.0,0.0,3.1109042144284813,0.0,0.0089734412529057,1.8318448574498096,2010-02-03,,amc,,2025-04-25,2009-12-31,,31.11296875,3661406.921875
2009-09-30,EQR,USD,906107,2009-11-05,2009-11-05 10:24:07,2009,Q3,492757000.0,200372000.0,292385000.0,0.5933654925,0,212184000.0,-202303000.0,212184000.0,149408000.0,359661000.0,359661000.0,3215000.0,124914000.0,147477000.0,276498000.0,0.5611244488,133096000.0,0.2701047372,-123621000.0,9475000.0,0.0192285447,459000.0,135981000.0,0.27595955,0.5,0.47,273658000,290215000,https://www.sec.gov/Archives/edgar/data/906107/000119312509224917/0001193125-09-224917-index.htm,https://www.sec.gov/Archives/edgar/data/906107/000119312509224917/d10q.htm,1.8006307142491724,0.4969012416958393,0.6090010158665196,0.3425662688465165,2.3298715915485757,18.600863121121986,18.600863121121986,18.123537408005618,36.39591753210211,8401300600.0,17598832600.0,15.44572513807076,17.04958143669192,50.41042494209699,89.61769675506154,1.6939297946569225,1.6939297946569225,35.71503317050798,63.64904122272132,105.59848672130953,187.72889083267552,0.0161857081985615,0.01115851038588,1.9830266282849336,0.6228151076700249,33.26437080919211,3.3337618469812744,1.065501064732536,1.16247340703798,0.0172537571147019,1.0659871599708783,0.4306057549664439,0.0,0.0,0.4374947497269858,0.1479674565759593,0.4872103279608692,0.0090145852824008,14.234682484835307,0.0081780048657189,0.0086110816295152,-36.77412317564259,711634000.0,5090275000.0,-9684557000.0,15304736000.0,0.0,244031000.0,0.0,0.0,104.18820992953108,0.0,0.0,0.8638213485083636,0.0,0.0274174533651662,0.2664347470200031,2009-10-28,0.12,amc,108425000.0,2025-04-25,2009-09-30,3.0,26.0275,4928400.359375
2009-06-30,EQR,USD,906107,2009-08-06,2009-08-06 16:41:43,2009,Q2,505150000.0,197954000.0,307196000.0,0.6081282787,0,206173000.0,-195972000.0,206173000.0,149909000.0,358064000.0,358064000.0,6622000.0,119121000.0,149909000.0,281647000.0,0.5575512224,135962000.0,0.2691517371,-121332000.0,23449000.0,0.0464198753,259000.0,105932000.0,0.2097040483,0.39,0.37,272901000,289338000,https://www.sec.gov/Archives/edgar/data/906107/000119312509167271/0001193125-09-167271-index.htm,https://www.sec.gov/Archives/edgar/data/906107/000119312509167271/d10q.htm,1.851037555743658,0.3881700689993807,0.8177287734379867,0.1676212252794969,2.445923613324979,18.610334883345978,18.610334883345978,18.06141787681247,36.984477887585605,6066589230.0,15373074230.0,14.317178071781898,12.009480807680887,27.18505294431325,132.6204361227702,1.2308003807685122,1.2308003807685122,30.43269173512818,54.58277286816476,68.88843483794066,336.0675548705841,0.0174615415654242,0.0075403160269679,2.023538749099966,0.6263858044388698,33.043082298053946,2.318645027882574,1.141377255059981,2.106625004720009,0.0235939824790148,1.3511969942982291,0.4081421359992082,0.0,0.0,0.7950161095900232,0.3512125111353063,1.172239951898617,0.0091319410076214,12.559669224468106,0.0086417418383665,0.0066527405344524,-37.29113488041451,479549000.0,5078779000.0,-10001066000.0,15347211000.0,0.0,263159500.0,0.0,0.0,116.43705103205797,0.0,0.0,0.7729498402980063,0.0,0.0214916720075293,0.6501075481584897,2009-07-29,0.13,amc,177951428.0,2025-04-25,2009-06-30,3.461538461538461,22.536031746031743,7108545.428571428
2009-03-31,EQR,USD,906107,2009-05-07,2009-05-07 09:39:28,2009,Q1,515144000.0,210524000.0,304620000.0,0.5913298029,0,10394000.0,0.0,10394000.0,150045000.0,160439000.0,370963000.0,6021000.0,126862000.0,150488000.0,288600000.0,0.5602317022,144181000.0,0.2798848477,-120739000.0,23048000.0,0.044740888,2131000.0,80795000.0,0.156839641,0.3,0.28,272324000,288853000,https://www.sec.gov/Archives/edgar/data/906107/000119312509102717/0001193125-09-102717-index.htm,https://www.sec.gov/Archives/edgar/data/906107/000119312509102717/d10q.htm,1.8916584656512097,0.296687034561772,0.5230938147207004,0.1205328946402079,1.573845860078436,18.89989130594439,18.89989130594439,18.298214626694676,37.49025792805629,4997145400.0,14651184400.0,15.462421560740143,9.70048258351063,35.07974952790784,152.2405983426761,1.002830077926279,1.002830077926279,28.44094932679018,50.76640471240472,102.85069532681412,446.35584937850354,0.0161682307663091,0.0065685501166325,2.0233891218679028,0.628763488066843,33.45127858627858,1.838733953717238,1.136518421591966,1.6676344224488124,0.0287488132724735,1.778105080759948,0.0201768825804047,0.0,0.0,0.769576907147019,0.2128084574410262,0.7284766891712297,0.009550727563555,11.052102437807926,0.0083396247142725,0.0050384592934645,-38.41073867892657,289770000.0,5146894000.0,-10253507000.0,15314697000.0,0.0,260261500.0,0.0,0.0,115.5190382094203,0.0,0.0,0.7790923591039794,0.0,0.0162139881193078,0.4025609200804924,2009-04-29,0.07,bmo,120625000.0,2025-04-25,2009-03-31,3.0,21.77344262295082,8487236.344262294
2008-12-31,EQR,USD,906107,2009-02-26,2009-02-26 09:19:33,2008,Q4,528986000.0,217461000.0,311525000.0,0.5889097254,0,236353000.0,0.0,236353000.0,-976290000.0,-739937000.0,-120503000.0,22521000.0,127016000.0,158298000.0,219403000.0,0.4147614493,38584000.0,0.0729395485,-96747000.0,-65911000.0,-0.1245987606,-655000.0,-31243000.0,-0.0590620546,-0.12,-0.12,270345000,270345000,https://www.sec.gov/Archives/edgar/data/906107/000119312509038255/0001193125-09-038255-index.htm,https://www.sec.gov/Archives/edgar/data/906107/000119312509038255/d10k.htm,1.9567071704673653,-0.1155671456842183,0.6826388503578761,0.5499454400858163,3.2950267251105068,19.6630046792062,19.6630046792062,18.48487673158372,39.313699162181656,8061687900.0,17672139900.0,-64.50795298146785,15.23988895736371,43.68342057350933,54.2235607869514,1.6132106496035654,1.6132106496035654,33.407575814860884,80.54648250023929,95.75904317575916,118.86423339498909,-0.0038754911362916,0.0184421676755806,2.101386470357758,0.6350877617385068,43.80273742838521,0.0828525965367604,0.3037727530389872,-5.906859136446564,0.0178965003098172,-4.617866402074065,0.4468038851689836,0.0,0.0,0.1943830331404296,0.0678146491589569,0.2266168871369189,0.010506894322345,,0.0022241185416269,-0.0018894945361718,-38.20496402744641,-9860758000.0,5315795000.0,-10328521000.0,5268181000.0,0.0,282796500.0,0.0,0.0,103.59347193289832,0.0,0.0,0.868780612530263,0.0,-0.0062519835735099,0.1326934102720597,2009-02-04,-0.11,bmo,424007692.0,2025-04-25,2008-12-31,0.1818181818181818,31.44234375,7070542.03125
2008-09-30,EQR,USD,906107,2008-11-06,2008-11-06 14:32:26,2008,Q3,538319000.0,55206000.0,483113000.0,0.8974474243,0,9849000.0,0.0,9849000.0,371900000.0,381749000.0,381749000.0,2838000.0,122715000.0,152157000.0,302702000.0,0.5623097086,156570000.0,0.2908498493,-123990000.0,36693000.0,0.0681621864,1317000.0,178241000.0,0.3311066487,0.66,0.61,270345000,290795000,https://www.sec.gov/Archives/edgar/data/906107/000119312508227703/0001193125-08-227703-index.htm,https://www.sec.gov/Archives/edgar/data/906107/000119312508227703/d10q.htm,1.991229724981043,0.6593094009506372,0.6709315874160795,0.0425234422682128,1.9606428822430595,20.31983206643363,20.31983206643363,19.07230760694668,37.81878710536537,12006021450.0,21577376450.0,16.8395900073496,22.30280084856749,66.19154744380674,1044.365122651357,2.3285069072514646,2.3285069072514646,40.08288106122949,71.28256982114422,118.96030195773584,1876.946455288796,0.0148459671459274,0.0009575195286695,1.9591162162586744,0.6171690008702706,31.619728313655013,0.0508846762484673,1.2758831438699425,0.9693146292585172,0.0119047763320462,0.8018862102434344,0.0182958431710565,0.0,0.0,0.9366203006897008,0.3155879692152794,1.104869863815507,0.0094293532273614,16.820446287757992,0.009103216393706,0.0108900514219673,-38.26188388910466,-9886642000.0,5493365000.0,-10343909000.0,5324813000.0,0.0,302712500.0,0.0,0.0,513.9990218454516,0.0,0.0,0.1750976094796169,0.0,0.0345689370441203,0.6284081451478666,2008-10-29,0.14,bmo,107690625.0,2025-04-25,2008-09-30,3.571428571428571,42.52640625,4216029.84375
2008-06-30,EQR,USD,906107,2008-08-07,2008-08-07 09:44:32,2008,Q2,535525000.0,54613000.0,480912000.0,0.8980197003,0,11774000.0,0.0,11774000.0,357892000.0,369666000.0,369666000.0,51009000.0,114850000.0,148954000.0,309154000.0,0.577291443,165859000.0,0.3097128986,-117485000.0,51009000.0,0.0952504552,1628000.0,132612000.0,0.2476298959,0.49,0.46,269608000,290445000,https://www.sec.gov/Archives/edgar/data/906107/000119312508169386/0001193125-08-169386-index.htm,https://www.sec.gov/Archives/edgar/data/906107/000119312508169386/d10q.htm,1.98630975341978,0.4918696774576422,0.8258286104269903,-1.019613661315688,1.0148066822942938,20.17133393667844,20.17133393667844,18.885096139580423,37.03364143497225,10317898160.0,19914014160.0,19.45129053177692,19.26688419774987,46.34133465079722,-37.5338242826378,2.0264657228718908,2.0264657228718908,37.18596547313384,64.41454472528254,89.44089000673704,-72.4419931901519,0.0128526176497946,-0.0266426355190929,1.9384414207554328,0.6136653082532028,31.03992185124566,0.0269295208376025,1.4441358293426207,1.5904366646903774,0.013969511790568,1.086900129701686,0.0219859016852621,0.0,0.0,2.234655288569504,0.9290808085523552,3.394040683793334,0.0106101489192848,14.456923542232964,0.0099936890966662,0.0082453622635214,-38.46796089136821,-9886254000.0,5438353000.0,-10371270000.0,5477318000.0,0.0,292920000.0,0.0,0.0,478.1356087378462,0.0,0.0,0.1882311176061046,0.0,0.0260453891164871,1.8454422717426784,2008-07-30,0.11,bmo,121725000.0,2025-04-25,2008-06-30,3.0,42.09578125,2168994.171875
2008-03-31,EQR,USD,906107,2008-05-08,2008-05-08 10:48:51,2008,Q1,522812000.0,55925000.0,466887000.0,0.8930303819,0,12481000.0,0.0,12481000.0,363365000.0,375846000.0,375846000.0,30807000.0,116040000.0,147748000.0,290282000.0,0.5552320911,146847000.0,0.2808791688,-108702000.0,30807000.0,0.0589255794,2898000.0,140482000.0,0.2687046204,0.52,0.49,268784000,289317000,https://www.sec.gov/Archives/edgar/data/906107/000110465908031090/0001104659-08-031090-index.htm,https://www.sec.gov/Archives/edgar/data/906107/000110465908031090/a08-13376_110q.htm,1.945100898863028,0.5226575986665873,0.619367224239538,-0.1602625156259301,1.8828427287338527,20.17119322578725,20.17119322578725,18.87369783915709,37.12822191797131,11151848160.0,20512631160.0,19.845688700331717,21.330512995111057,66.98772291501479,-258.8877370229362,2.1982973529395533,2.1982973529395533,39.235195749141184,70.66449576618598,123.21674691847474,-476.19628470610087,0.0125971944725617,-0.0038626781302947,1.944319555414327,0.6160430880250979,32.24720444257653,1.7114459827799609,1.2654860392967942,1.12843663575728,0.0128256767800181,1.0181375549892513,0.023872826178435,0.0,0.0,1.2587520123020737,0.400817119729463,1.419921398563491,0.0114668370274592,14.89801449146441,0.0082011305848112,0.0087741229515184,-37.51403729388654,210376000.0,5421694000.0,-10083173000.0,15299927000.0,0.0,273165500.0,0.0,0.0,475.8726866338847,0.0,0.0,0.1891262149055468,0.0,0.0276923792634972,0.7796297398654681,2008-04-30,0.07,bmo,73768085.0,2025-04-25,2008-03-31,5.7142857142857135,37.74803278688525,3487030.131147541
2007-12-31,EQR,USD,906107,2008-02-27,2008-02-27 09:26:48,2007,Q4,513790000.0,207286000.0,306504000.0,0.5965550127,0,14639000.0,0.0,14639000.0,-151137000.0,-136498000.0,-136498000.0,90695000.0,123277000.0,157347000.0,807635000.0,1.5719165418,154592000.0,0.3008855758,-31315000.0,123277000.0,0.23993655,-123277000.0,123277000.0,0.23993655,0.45,0.45,269083000,272086000,https://www.sec.gov/Archives/edgar/data/906107/000110465908013087/0001104659-08-013087-index.htm,https://www.sec.gov/Archives/edgar/data/906107/000110465908013087/a08-2468_110k.htm,1.909410850927037,0.4581374520129477,0.7592155580248473,-0.3365913119743722,0.1889045387482672,20.14457992515321,20.14457992515321,18.813964464496085,35.795683859626955,9813457010.0,19271359010.0,19.90123261030038,19.10013236925592,48.03642340375541,-108.35098442106192,1.9384537516706115,1.9384537516706115,37.50824074038031,23.8614708500746,94.33242128913516,-212.7762640359497,0.0125620359751288,-0.0092292654777727,1.878261568650225,0.6060464084352506,11.71061432454017,0.0052084347316966,1.254021431410563,1.657178549121085,0.0143986976104356,1.1462073217226247,0.0284921855232682,0.0,0.0,1.4433409041959548,0.5738978960275599,1.873966456303584,0.0,13.92609382402666,0.0199602594683956,0.0078571543751067,-37.97483304407934,-9708531000.0,5420564000.0,-10218382000.0,5454694000.0,0.0,202496000.0,0.0,0.0,108.8187817797632,0.0,0.0,0.8270631092172095,0.0,0.0243509257646096,1.0958068699992196,2008-02-05,0.07,bmo,408738291.0,2025-04-25,2007-12-31,0.857142857142857,38.843125,2338372.9375
2007-09-30,EQR,USD,906107,2007-11-07,2007-11-07 11:09:35,2007,Q3,527456000.0,53452000.0,474004000.0,0.8986607414,0,13137000.0,0.0,13137000.0,367712000.0,380849000.0,380849000.0,21106000.0,457707000.0,154398000.0,299802000.0,0.5683924346,145981000.0,0.2767643178,-124126000.0,457707000.0,0.8677633774,-457707000.0,457707000.0,0.8677633774,1.68,1.56,272086000,294331000,https://www.sec.gov/Archives/edgar/data/906107/000110465907080517/0001104659-07-080517-index.htm,https://www.sec.gov/Archives/edgar/data/906107/000110465907080517/a07-25492_110q.htm,1.9385635424093848,1.6822144469028175,0.856504928588755,-1.0532478701586998,0.2435590217798784,20.227486897525047,20.227486897525047,18.887190079607183,36.698837867438975,11672489400.0,21137288400.0,6.375524844496588,22.129787887520475,50.08727745523358,-40.73115286104112,2.271380751672524,2.271380751672524,40.07403157798944,70.50416074609242,90.7012371107478,-73.75856986328138,0.0392124579697626,-0.0245512324046317,1.8539879819573688,0.6034061693198396,31.57016630976445,0.4293062456676794,0.3189398457965467,0.5091532355852106,0.012552163894019,0.3201065310340458,0.0249063428987441,0.0,0.0,2.2297043893187096,0.985138096827034,3.346215023988151,0.0,26.737180859237625,0.0185945398433817,0.0289879056352652,-37.56055070823196,-88094000.0,5503616000.0,-10219700000.0,14950063000.0,0.0,205307500.0,0.0,0.0,259.9092643867395,0.0,0.0,0.3462746901783458,0.0,0.0890664222582867,1.9097527987474547,2007-10-30,0.03667,bmo,396959999.0,2025-04-25,2007-09-30,0.3635124079629125,41.92714285714285,2448976.8412698414
2007-06-30,EQR,USD,906107,2007-08-07,2007-08-07 10:16:26,2007,Q2,531746000.0,55302000.0,476444000.0,0.8959992177,0,11549000.0,0.0,11549000.0,371591000.0,383140000.0,383140000.0,26598000.0,282401000.0,157211000.0,297793000.0,0.5600286603,148448000.0,0.2791708823,-121622000.0,282401000.0,0.5310825093,-282401000.0,282401000.0,0.5310825093,0.99,0.92,284424000,307631000,https://www.sec.gov/Archives/edgar/data/906107/000110465907059485/0001104659-07-059485-index.htm,https://www.sec.gov/Archives/edgar/data/906107/000110465907059485/a07-18795_110q.htm,1.8695539054369528,0.9928873794053948,0.6634215115461424,-4.860416139285011,0.2478377352122183,19.65360166511968,19.65360166511968,18.39972716789019,33.80141971141676,12978267120.0,22243535120.0,11.489218451776022,24.406891861903997,68.77980168845691,-9.388085030660024,2.4799280763048497,2.4799280763048497,41.83112824544049,74.69462049141518,117.88214252780972,-16.0902990482625,0.021759530558961,-0.1065179956012494,1.7830988488387114,0.5955539030002813,31.11311548626059,0.2750846822658945,0.5256638609636651,0.6681739795538968,0.0123255284022848,0.5664427533896834,0.0217190162220308,0.0,0.0,8.32628661370586,2.954628713709177,9.697683462029888,0.0,20.274350298191223,0.0191757320962354,0.0180232979659274,-35.18766700419093,-185761000.0,5589956000.0,-10008217000.0,14833096000.0,0.0,227422500.0,0.0,0.0,417.0315720950418,0.0,0.0,0.215810998548304,0.0,0.0539620707603809,5.523837650831154,2007-07-31,0.05,bmo,296937500.0,2025-04-25,2007-06-30,0.6,47.57047619047619,2517092.761904762
2007-03-31,EQR,USD,906107,2007-05-09,2007-05-09 09:14:47,2007,Q1,526165000.0,58977000.0,467188000.0,0.8879115867,0,9966000.0,0.0,9966000.0,380624000.0,390590000.0,390590000.0,23559000.0,126237000.0,154892000.0,275820000.0,0.5242081856,135339000.0,0.2572177929,-110439000.0,126237000.0,0.2399190368,-126237000.0,126237000.0,0.2399190368,0.43,0.4,292251000,316265000,https://www.sec.gov/Archives/edgar/data/906107/000110465907037271/0001104659-07-037271-index.htm,https://www.sec.gov/Archives/edgar/data/906107/000110465907037271/a07-10742_110q.htm,1.800387338281135,0.4319471960746071,0.571768787788579,0.342657510153943,0.6020099161337343,20.8065977533011,20.8065977533011,19.488148885718097,32.669321918487874,14095265730.0,23344928730.0,27.91429163002923,26.78867984377524,84.35227845601436,140.7527883405564,2.4748374144116574,2.4748374144116574,44.36807604078569,84.6382739830324,139.70633590664272,233.1182593716922,0.0089559858195025,0.0071046549897147,1.654204045312813,0.6148981973116379,33.53514248422884,0.1535111025021529,1.0721024739181064,1.3237006582856057,0.0113831128176964,1.2710061234028058,0.0189408265468056,0.0,0.0,0.4007061639736685,0.1272566590328129,0.4322883041086692,0.0,13.762327329601058,0.0176922525362209,0.0082389944741818,-31.018566232450876,-970155000.0,6080749000.0,-9065207000.0,13783592000.0,195000.0,223337000.0,0.0,0.0,303.05661529070653,0.0,0.0,0.2969742135926241,0.0,0.0221646087890451,0.2291112776346359,2007-05-01,0.035,bmo,376639999.0,2025-04-25,2007-03-31,0.4285714285714285,51.322131147540986,2287081.655737705
2006-12-31,EQR,USD,906107,2007-02-28,2007-02-28 14:29:31,2006,Q4,512853000.0,199582000.0,313271000.0,0.6108397533,0,10827000.0,0.0,10827000.0,363753000.0,374580000.0,374580000.0,108020000.0,465061000.0,152123000.0,290396000.0,0.5662363289,104271000.0,0.20331557,-34393000.0,465061000.0,0.9068115035,-465061000.0,465061000.0,0.9068115035,1.6,1.6,290036000,290036000,https://www.sec.gov/Archives/edgar/data/906107/000110465907014819/0001104659-07-014819-index.htm,https://www.sec.gov/Archives/edgar/data/906107/000110465907014819/a07-5259_110k.htm,1.7682391151443269,1.6034595705360717,0.5867444041429339,-1.14196858321036,0.9127315229833538,21.706550221351836,21.706550221351836,20.287902191452098,29.38503151332938,14719327000.0,22516706000.0,7.912578672475223,28.700869449920347,86.49422072312946,-44.4408022656184,2.5014907663239083,2.5014907663239083,43.904795331215766,77.53793440681001,132.31345011370513,-67.98276028646305,0.0315952624736171,-0.022501844004145,1.3693664175144988,0.534958096147719,26.850848496535765,1.0520979256866425,0.2242092972749811,0.3659240400721625,0.0099287148114856,0.3142469482497995,0.0211113125983468,0.0,0.0,2.946279461971947,0.9776466160868708,3.2959447289364525,0.0,27.05445796975299,0.0138333134222383,0.0308759950974023,-29.311949206305425,13128000.0,6295681000.0,-8501423000.0,14225823000.0,921000.0,269465000.0,-7428881000.0,0.0684406642839176,111.87025884097764,0.0,1315.0076923076922,0.8045033678516291,0.0,0.0790352573373336,1.728712987353294,2007-02-06,0.03667,bmo,907000000.0,2025-04-25,2006-12-31,-0.454595036814835,52.1836507936508,1453485.7142857143
2006-09-30,EQR,USD,906107,2006-11-06,2006-11-06 15:02:26,2006,Q3,513865000.0,51525000.0,462340000.0,0.899730474,0,14448000.0,0.0,14448000.0,358633000.0,373081000.0,373081000.0,35994000.0,69811000.0,143437000.0,268433000.0,0.5223803917,140784000.0,0.27397079,-55185000.0,69811000.0,0.1358547478,-69811000.0,69811000.0,0.1358547478,0.24,0.22,290036000,315886000,https://www.sec.gov/Archives/edgar/data/906107/000110465906071635/0001104659-06-071635-index.htm,https://www.sec.gov/Archives/edgar/data/906107/000110465906071635/a06-21594_110q.htm,1.7717283371719372,0.2406977064916079,0.7638982746969342,-1.462159869809265,0.2787653946406653,20.415296721786262,20.311861286185163,19.047928533009696,28.955946847977497,14670020880.0,22922152880.0,52.53477560842847,28.548394772946203,66.21300463084158,-34.59266051844114,2.655406854994538,2.655406854994538,44.60734410788826,85.3924550260214,103.45892669188204,-54.05161038391432,0.0047587525996759,-0.0289078661488585,1.5075260856697834,0.556340633367949,30.74186854820384,0.2829784527366434,2.0166449413416223,3.173683230436464,0.0101928961944326,2.141926057498102,0.0281163340566102,0.0,0.0020039991807651,2.914076675182119,1.2564331098634856,4.501188675167495,0.0,10.156664610220648,0.0190744571646783,0.0046727370548429,-56.53034450895751,-208545000.0,5891171000.0,-8966591000.0,13758264000.0,1165500.0,274965000.0,-14606292000.0,0.2543080381033929,508.03318777292577,-25952.422707423582,353.9015151515151,0.1771537808278522,-0.0034678843287434,0.0126364242744025,2.226058144506199,2006-10-31,0.09,bmo,523575000.0,2025-04-25,2006-09-30,-0.111111111111111,47.96492063492063,1340568.253968254
2006-06-30,EQR,USD,906107,2006-08-07,2006-08-07 14:06:31,2006,Q2,491939000.0,49354000.0,442585000.0,0.8996745531,0,9584000.0,0.0,9584000.0,342034000.0,351618000.0,351618000.0,36445000.0,160157000.0,150903000.0,284898000.0,0.5791327787,140321000.0,0.2852406498,-133995000.0,160157000.0,0.3255627222,-160157000.0,160157000.0,0.3255627222,0.55,0.51,289460000,314698000,https://www.sec.gov/Archives/edgar/data/906107/000110465906051942/0001104659-06-051942-index.htm,https://www.sec.gov/Archives/edgar/data/906107/000110465906051942/a06-15244_110q.htm,1.6995059766461686,0.5532957921647205,0.7001105506805776,-1.4151074414426863,0.2493332412077661,20.97974158778415,20.876100324742623,19.60156152836316,27.117080080149243,12947545800.0,20564526800.0,20.210708554730672,26.31941317927629,63.88990989568427,-31.608907345154133,2.2819610537291317,2.2819610537291317,41.80300159166075,72.18206796818511,101.4760468581918,-50.20428058405779,0.0123696801288781,-0.031636651943722,1.3551871492251846,0.5318315494955586,26.735817731258205,0.2819620118804544,0.8761465312162441,1.265345879355882,0.0115847437280353,0.9365435166742634,0.0194820902591581,0.0,0.0020749940188297,3.021262842085525,1.2446075631328275,4.057381231652121,0.0,15.621231835350793,0.0196640335799658,0.0111005274304812,-53.51225298832309,-186030000.0,6042796000.0,-8312026000.0,13289826000.0,1121500.0,254652500.0,-14208794000.0,0.1608126210770034,472.44985208898976,-26176.88495360052,559.6575654152446,0.1904964084591305,-0.0034381478223833,0.0282271283011871,2.115217992123264,2006-08-01,0.09,bmo,476550000.0,2025-04-25,2006-06-30,-0.111111111111111,44.09603174603175,1330673.015873016
2006-03-31,EQR,USD,906107,2006-05-08,2006-05-08 10:31:07,2006,Q1,520979000.0,53070000.0,467909000.0,0.8981340899,0,13817000.0,0.0,13817000.0,365143000.0,378960000.0,378960000.0,31265000.0,377815000.0,147015000.0,273815000.0,0.5255778064,142019000.0,0.2726002392,-126234000.0,377815000.0,0.7252019755,-377815000.0,377815000.0,0.7252019755,1.31,1.2,288880000,314049000,https://www.sec.gov/Archives/edgar/data/906107/000110465906031830/0001104659-06-031830-index.htm,https://www.sec.gov/Archives/edgar/data/906107/000110465906031830/a06-9314_110q.htm,1.803444336748823,1.3078613957352534,0.5575913874273054,-1.300560786485738,0.3003911658820271,20.970475630019383,20.86662628080864,19.57597272223761,27.0617765162005,13516695200.0,20869709200.0,8.943990577398992,25.94479854274357,83.91449555181684,-35.97678823335267,2.39017496927998,2.39017496927998,40.05863806410623,76.21828314738053,129.56355780154834,-55.54797953719132,0.0279517289107769,-0.0277956996470557,1.3155880162833349,0.5246343551932185,26.8539488340668,0.3522483854466398,0.3758956102854571,0.4263382872569908,0.0110711233615743,0.3960800921085716,0.0265212225444787,0.0,0.0021155205375791,3.3324621143924955,1.030335195852424,3.651212461313471,0.0,24.00124637734613,0.0202611859596782,0.0266989953364826,-52.15500900027693,-162083000.0,6027951000.0,-8034815000.0,13616784000.0,1076500.0,252445500.0,-14021047000.0,0.2356332980791932,424.3482193329565,-23848.67043527417,381.94941348973606,0.2120899673892192,-0.0037737952832323,0.0668095227906386,1.8581521739130435,2006-05-02,0.05,bmo,372916666.0,2025-04-25,2006-03-31,0.1999999999999999,43.79661290322581,1417651.6129032257
2005-12-31,EQR,USD,906107,2006-03-08,2006-03-08 10:14:57,2005,Q4,492652000.0,224400000.0,268252000.0,0.5445060611,0,26787000.0,0.0,26787000.0,348401000.0,375188000.0,375188000.0,189870000.0,225886000.0,137046000.0,254510000.0,0.5166121319,117464000.0,0.2384319966,108422000.0,225886000.0,0.4585102669,-225886000.0,225886000.0,0.4585102669,0.79,0.79,286182000,286182000,https://www.sec.gov/Archives/edgar/data/906107/000110465906014827/0001104659-06-014827-index.htm,https://www.sec.gov/Archives/edgar/data/906107/000110465906014827/a06-2281_110k.htm,1.721463963491764,0.7893089013285252,0.4659202884877456,-4.713189508774136,0.3103898917472098,20.32805347645904,20.223225080543152,18.852827920693823,27.31464243034153,11195439840.0,18697684840.0,12.39058622490991,22.724843987236422,83.96286009989649,-8.300111830252886,2.075020265636642,2.075020265636642,37.95312886175231,73.46542312679266,140.2277283295085,-13.862150782530044,0.0201766079071708,-0.1204803044165167,1.4069684208965514,0.5384142572369777,29.47721111154768,0.3518987540592224,0.5200145205988862,0.5902889067936924,0.0126578322982618,0.6273518500482544,0.054373066586556,0.0,0.002127818783604,11.115870944516942,3.0085496455916143,10.815113173678911,0.0,18.297974207351977,0.0168601815931582,0.0160556459635033,-53.04899067726132,-165050000.0,5787523000.0,-8191805000.0,13567180000.0,864500.0,229473000.0,-13476642000.0,0.1441382558073447,102.13917112299464,-5606.682352941176,624.4005069708492,0.8811506791221477,-0.0160522737573651,0.0418668702991841,5.179109797261883,2006-01-31,0.23,bmo,674719043.0,2025-04-25,2005-12-31,-0.5217391304347826,39.21412698412698,1413377.7777777778
2005-09-30,EQR,USD,906107,2005-11-07,2005-11-07 10:08:15,2005,Q3,504406000.0,59701000.0,444705000.0,0.8816409797,0,14243000.0,0.0,14243000.0,360262000.0,374505000.0,374505000.0,33052000.0,267524000.0,132166000.0,262067000.0,0.5195556754,129901000.0,0.2575326225,-109077000.0,267524000.0,0.5303743413,-267524000.0,267524000.0,0.5303743413,0.93,0.93,286182000,286182000,https://www.sec.gov/Archives/edgar/data/906107/000110465905052904/0001104659-05-052904-index.htm,https://www.sec.gov/Archives/edgar/data/906107/000110465905052904/a05-18014_110q.htm,1.762535729011608,0.9348037263000468,0.7685878217358184,-0.4904885702105653,1.072509801455018,19.81521199795934,19.710383602043457,18.37928311354313,24.582412590589204,10831988700.0,17292575700.0,10.122445743185658,21.47474197372751,49.24616150502828,-77.16795517528799,2.059383914278435,2.059383914278435,34.28304917070772,65.98532321887151,78.61834048627908,-123.1936944767007,0.0246975885416128,-0.0129587469012038,1.286644790125898,0.5083839343188679,24.652424761606763,1.5071201640893093,0.4855676500052331,0.8221916538329271,0.0137777100893762,0.5578564913802126,0.0282371740225136,0.0,0.0022536347184147,1.638168542799469,0.7143551028338283,2.726306311759454,0.0,19.66145983080687,0.0193659193601275,0.0201421054284014,-48.292387361888586,103594000.0,5640757000.0,-7333199000.0,12612880000.0,941000.0,190537500.0,-12874149000.0,0.1677220334413151,307.95313311334814,-19558.40002680022,536.6021276595744,0.2922522628366107,-0.0046016033968359,0.0508618165640649,1.259076391946384,2005-11-07,,amc,,2025-04-25,2005-09-30,,38.3315625,1298176.5625
2005-06-30,EQR,USD,906107,2005-08-08,2005-08-08 09:52:34,2005,Q2,499503000.0,52822000.0,446681000.0,0.8942508854,0,14211000.0,0.0,14211000.0,344318000.0,358529000.0,358529000.0,47901000.0,141344000.0,130442000.0,246705000.0,0.4939009375,140974000.0,0.2822285352,-116263000.0,141344000.0,0.2829692715,-141344000.0,141344000.0,0.2829692715,0.5,0.46,285283000,309979000,https://www.sec.gov/Archives/edgar/data/906107/000110465905037051/0001104659-05-037051-index.htm,https://www.sec.gov/Archives/edgar/data/906107/000110465905037051/a05-12648_110q.htm,1.7509034888163684,0.4954518846198336,0.6312573830196682,-1.0046480161804243,0.3601756851968046,19.678003946957933,19.57284520984426,18.27266959475328,23.814959180883545,10504120060.0,17054027060.0,18.578998860935023,21.0291430882297,58.32803067406309,-36.64965182530904,2.0150312360801568,2.0150312360801568,34.14199125931176,69.12720479925417,94.69882367966594,-59.50276181138764,0.0134560533574099,-0.0272853888153292,1.2761959699068577,0.5153889406568125,26.5495510832776,0.1714528535241635,0.9973822730359972,1.2741043128820466,0.0146334009057394,1.0874957550373556,0.0284502795779004,0.0,0.0023241335862403,2.591502995774265,0.9343207147905016,3.577804694806888,0.0,14.272268327932704,0.0219672341127737,0.010975586650014,-47.59466389514973,-501102000.0,5583800000.0,-7190542000.0,11954293000.0,645000.0,207121500.0,-12675130500.0,0.169728710338076,301.23130513801067,-21765.377683540948,530.2579617834394,0.2987737279123962,-0.0041350075017562,0.0271143678295422,1.6359053992000925,2005-11-01,0.28,bmo,2931600000.0,2025-04-25,2005-06-30,-0.8571428571428571,34.8921875,1085314.0625
2005-03-31,EQR,USD,906107,2005-05-09,2005-05-09 09:13:33,2005,Q1,488502000.0,53640000.0,434862000.0,0.8901949224,0,17060000.0,0.0,17060000.0,340486000.0,357546000.0,357546000.0,99611000.0,227039000.0,129304000.0,260260000.0,0.5327716161,130956000.0,0.2680766916,-118136000.0,227039000.0,0.4647657533,-227039000.0,227039000.0,0.4647657533,0.8,0.74,284511000,308576000,https://www.sec.gov/Archives/edgar/data/906107/000110465905021414/0001104659-05-021414-index.htm,https://www.sec.gov/Archives/edgar/data/906107/000110465905021414/a05-7973_110q.htm,1.7169880953636238,0.7979972654835841,0.6218072411962982,-0.6521505319653722,0.3200860423674304,19.99043973695217,19.8849956592188,18.28257958391767,23.320124705195937,9164099310.0,15480824310.0,10.090886708891423,18.75959424935824,51.80061901181951,-49.39043736256629,1.7617863962880616,1.7617863962880616,31.69040108331184,59.482149811726735,87.50628457246864,-83.43478802871556,0.0247748297262832,-0.0202468342739947,1.2318900260400896,0.5046565283187378,24.270825328517635,0.2282848916335994,0.5767995806887803,0.7792097392958919,0.0163896085058903,0.6615427305440915,0.0349230914100658,0.0,0.0023627005194397,2.048798548422653,0.7419723972470942,2.80312287322898,0.0,18.1180184226622,0.020867313866352,0.01792318589506,-46.41811915883744,-309031000.0,5657500000.0,-6918419000.0,11911104000.0,1014500.0,233653000.0,-12553004000.0,0.0641143741479052,398.4010067114094,-21100.53523489933,1403.7413793103449,0.2259030436265777,-0.0042652946476515,0.0436479579821189,1.2739577731616705,2005-04-26,0.08,bmo,43145945.0,2025-04-25,2005-03-31,8.25,32.90540983606557,1194888.524590164
2004-12-31,EQR,USD,906107,2005-03-14,2005-03-14 15:50:54,2004,Q4,462841000.0,222448000.0,240393000.0,0.519385707,0,16156000.0,0.0,16156000.0,319250000.0,335406000.0,335406000.0,188056000.0,150633000.0,127932000.0,255367000.0,0.5517380699,127435000.0,0.2753321335,-7139000.0,150633000.0,0.3254530173,-150633000.0,150633000.0,0.3254530173,0.54,0.54,280167000,280167000,https://www.sec.gov/Archives/edgar/data/906107/000110465905010843/0001104659-05-010843-index.htm,https://www.sec.gov/Archives/edgar/data/906107/000110465905010843/a05-2042_110k.htm,1.6520182605374651,0.5376543275974687,0.4929702641638737,-0.7311068041560926,0.2980543747122252,20.01702555975543,19.909946567582907,18.105372866897245,23.594638197931943,10136442060.0,16512743060.0,16.823076716257393,21.900484313187462,73.39185064511925,-49.48661371270114,1.99830184476064,1.99830184476064,35.67692373838964,64.6627914335055,119.5587924468193,-80.6160319676613,0.01486053973459,-0.0202074849131037,1.2734884854258075,0.5108474113848849,24.969165945482384,0.2242568953216851,0.8459965611784934,0.9168907211567188,0.0128728600457269,0.8662444484276354,0.0349061556776517,0.0,0.0023724276458993,2.4830647146560088,0.7409585581225518,2.680689741425132,0.0,14.799483831529212,0.020388618084153,0.0119405244832157,-47.17701852823495,-294673000.0,5578110000.0,-6951979000.0,11988121000.0,2445000.0,245776500.0,-12482672500.0,0.3268725112943754,92.99840861684528,-5069.53539703661,275.3367043426532,0.9677584954254564,-0.0177531061431407,0.0296958439657701,1.2240770683199662,2005-02-02,0.09,bmo,84731249.0,2025-04-25,2004-12-31,4.333333333333334,34.04828125,1009153.125
2004-09-30,EQR,USD,906107,2004-11-08,2004-11-08 15:51:48,2004,Q3,491485000.0,66749000.0,424736000.0,0.8641891411,0,12044000.0,0.0,12044000.0,355070000.0,367114000.0,367114000.0,39520000.0,87509000.0,126890000.0,241632000.0,0.4916365708,124371000.0,0.2530514665,-27823000.0,87509000.0,0.1780501948,-87509000.0,87509000.0,0.1780501948,0.31,0.29,280167000,304028000,https://www.sec.gov/Archives/edgar/data/906107/000110465904034279/0001104659-04-034279-index.htm,https://www.sec.gov/Archives/edgar/data/906107/000110465904034279/a04-12593_110q.htm,1.7542572822637927,0.3123458508675183,0.7609425806750973,-0.2912869824069216,0.2319794979422987,19.811073395510533,19.703994403338008,17.896468891768123,22.962832881816915,8685177000.0,14966103000.0,24.812239312527858,17.671296173840503,40.73894770417138,-106.42425467779287,1.7321852812126048,1.7321852812126048,30.450782831622533,61.93758690901867,70.20044467167939,-183.3878983935595,0.0100756726086296,-0.009396354271191,1.2656400079776626,0.5063182882170267,25.993767381803732,0.2606173622627954,1.4212366727993693,2.436217989006845,0.018338371227207,1.8200642219657408,0.0245053256966133,0.0,0.0023935932126632,1.3827975852639185,0.5998148468417144,2.3341250989707047,0.0,11.214832837776772,0.0201574299313304,0.0069987838564339,-46.876603061745314,-193492000.0,5520409000.0,-6914847000.0,11998500000.0,2605500.0,249720000.0,-12405398500.0,0.5876272927963214,352.851128855863,-16766.888492711503,153.15830476784046,0.2550650760047995,-0.0053677222246168,0.0174529317909852,1.0522295630820189,2004-11-02,0.14,bmo,864800000.0,2025-04-25,2004-09-30,-0.5,30.7925,935978.125
2004-06-30,EQR,USD,906107,2004-08-06,2004-08-06 13:14:58,2004,Q2,488596000.0,54144000.0,434452000.0,0.8891845205,0,13048000.0,0.0,13048000.0,334762000.0,347810000.0,347810000.0,55438000.0,127290000.0,124576000.0,258293000.0,0.5286432963,140786000.0,0.2881439881,-133250000.0,127290000.0,0.2605219854,-127290000.0,127290000.0,0.2605219854,0.46,0.42,278949000,302201000,https://www.sec.gov/Archives/edgar/data/906107/000110465904022922/0001104659-04-022922-index.htm,https://www.sec.gov/Archives/edgar/data/906107/000110465904022922/a04-8823_110q.htm,1.751560321062273,0.4563199724680856,0.6703770223230769,-0.4092683608831722,0.5135419019247246,20.150794589692023,20.043248048926507,18.056788158408885,23.31721569175728,8293153770.0,14526925770.0,16.28791297431063,16.97343770722642,44.34817872631697,-72.6418234134805,1.6464722152790503,1.6464722152790503,29.73197850575936,56.24204206076045,77.68367960599141,-127.24500302194193,0.0153488049938811,-0.0137661742644861,1.2660554866532605,0.508097216152443,24.134498418462755,0.610962960470418,1.1060256108099615,1.5302112825884162,0.0187235163252013,1.2198680179118548,0.0267050896855479,0.0,0.0023902868304358,1.6105047566590551,0.6163906376638368,2.408499476180194,0.0,13.61589674587803,0.0226011520188584,0.0101662873643406,-46.50587741845283,-92492000.0,5591044000.0,-6784497000.0,12019692000.0,2293000.0,234590500.0,-12364329000.0,0.3687709273100885,395.1894946808511,-20571.045545212764,244.05394605394605,0.2277388473412802,-0.0043750814610852,0.0252713809601615,1.0796453832062491,2004-08-03,0.29,bmo,325320512.0,2025-04-25,2004-06-30,0.3448275862068967,28.587419354838712,1243627.4193548388
2004-03-31,EQR,USD,906107,2004-05-07,2004-05-07 10:46:55,2004,Q1,462661000.0,52471000.0,410190000.0,0.8865886686,0,9988000.0,0.0,9988000.0,313357000.0,323345000.0,323345000.0,60140000.0,117065000.0,117185000.0,248707000.0,0.5375577367,139316000.0,0.3011189618,-131399000.0,117065000.0,0.2530254333,-117065000.0,117065000.0,0.2530254333,0.42,0.39,277498000,301781000,https://www.sec.gov/Archives/edgar/data/906107/000110465904013106/0001104659-04-013106-index.htm,https://www.sec.gov/Archives/edgar/data/906107/000110465904013106/a04-5303_110q.htm,1.6672588631269414,0.4218588962803336,0.6414424608465646,-0.1939545510237911,0.2577568126617128,20.21715111460263,20.10904222733137,18.097744848611523,23.117871119791857,8283315300.0,14509886300.0,17.689564131038313,17.90363851718645,46.53574065022838,-153.90203448403997,1.649376773166858,1.649376773166858,31.36180983484668,58.34128633291383,81.51667312737712,-269.5902474824421,0.0141326263410497,-0.0064976399002945,1.25407957805598,0.5055778059131614,25.0357689972538,0.3202238209432454,1.190073890573613,1.5895464409140836,0.0189237031699131,1.339008243283646,0.0215881606619101,0.0,0.002408240420742,1.302372485238681,0.5010601714862501,1.976173832986668,0.0,13.10651097765774,0.0226531849354271,0.0094200412191681,-46.66737237745858,-157324000.0,5580219000.0,-6772898000.0,11890649000.0,1505000.0,213546500.0,-11870002500.0,0.5026574532973387,396.9649901850546,-21188.476110613483,179.0483746130031,0.2267202454252814,-0.0042475919235606,0.0233100256307734,0.8353970118703559,2004-04-28,0.19,bmo,406806856.0,2025-04-25,2004-03-31,0.8421052631578946,29.54467741935484,1094812.9032258063
2003-12-31,EQR,USD,906107,2004-03-12,2004-03-12 10:16:19,2003,Q4,419059000.0,196987000.0,222072000.0,0.529930153,0,9956000.0,0.0,9956000.0,285731000.0,295687000.0,295687000.0,251121000.0,134836000.0,116671000.0,240043000.0,0.5728143292,123082000.0,0.2937104322,11754000.0,134836000.0,0.3217589886,-134836000.0,134836000.0,0.3217589886,0.49,0.49,272787000,272787000,https://www.sec.gov/Archives/edgar/data/906107/000110465904007155/0001104659-04-007155-index.htm,https://www.sec.gov/Archives/edgar/data/906107/000110465904007155/a04-2963_210k.htm,1.5362132359679896,0.4942904170653293,0.5485158750233698,-0.7223658018893863,0.1817498634465718,20.588847709018392,20.47887179374384,18.385923816017627,20.145113220204777,8049944370.0,13360854370.0,14.925436029695335,19.20957280478405,53.79971910337638,-40.85187853967481,1.6050322135182131,1.6050322135182131,31.88299110626427,55.66025407947743,89.2938111182399,-67.80369836388364,0.0167499294159718,-0.0244786784781222,1.0687971406701824,0.4674752786129599,22.12482763504872,0.2555735007002013,0.9128274348096947,1.109703639977454,0.0197197636037825,1.1773042807558811,0.0237579911181957,0.0,0.0026162274296969,2.31694602614484,0.8272820772254026,2.9714324896503843,0.0,14.299639292684668,0.0217435545929597,0.0117895655751959,-42.13569011719767,-145653000.0,5586370000.0,-5800518000.0,10462713000.0,732000.0,215208500.0,-11486681000.0,0.0914906970140242,89.39280257072801,-5202.4748841294095,983.706572769953,1.006792464402171,-0.0172994588161401,0.0268841762867911,1.270881676912756,2004-02-04,0.39,bmo,509009090.0,2025-04-25,2003-12-31,-0.1538461538461538,29.33796875,788034.40625
2003-09-30,EQR,USD,906107,2003-11-13,2003-11-13 10:17:54,2003,Q3,472976000.0,50008000.0,422968000.0,0.8942694767,0,8708000.0,0.0,8708000.0,316342000.0,325050000.0,325050000.0,70136000.0,137273000.0,117506000.0,255409000.0,0.540004144,147635000.0,0.3121405737,-137056000.0,137273000.0,0.2902324854,-137273000.0,137273000.0,0.2902324854,0.5,0.46,272787000,297941000,https://www.sec.gov/Archives/edgar/data/906107/000110465903026051/0001104659-03-026051-index.htm,https://www.sec.gov/Archives/edgar/data/906107/000110465903026051/a03-4906_110q.htm,1.7338656167632622,0.5032241272494657,0.8340610073060667,0.3741600589470906,1.3658495456161768,21.60527811076041,21.495302195485856,19.388728201857127,20.909863739840976,7987203360.0,13181283360.0,14.546202385028373,16.887121883562802,35.105345704352565,78.25527952501322,1.5101557820174842,1.5101557820174842,27.868820743547243,51.60853125770822,57.9343592899117,129.1447040150491,0.0171866163678096,0.0127786905378104,1.0525001640198806,0.4642719350584123,20.33632330888888,1.5915215178118838,1.0754846182424802,1.8669002469824647,0.0188239854706791,1.0952700093973324,0.0184110821690741,0.0,0.0025020646203225,0.5513996510212245,0.2652460167112073,1.0626196405278583,0.0,14.816534889331404,0.0243442081569545,0.0114775815382114,-42.21730324392291,138865000.0,5863639000.0,-5722835000.0,10747283000.0,1578500.0,224254500.0,-11677104500.0,0.1975153073306045,422.4986002239641,-20852.31682930731,455.6608863198459,0.213018457226347,-0.0043160671659039,0.025954468081164,0.459900948358976,2003-11-04,0.28,bmo,281502439.0,2025-04-25,2003-09-30,0.4642857142857141,28.25375,856804.6875
2003-06-30,EQR,USD,906107,2003-08-13,2003-08-13 13:04:03,2003,Q2,483144000.0,50455000.0,432689000.0,0.8955694369,0,8970000.0,0.0,8970000.0,314459000.0,323429000.0,323429000.0,73621000.0,136391000.0,118474000.0,262138000.0,0.5425670194,159425000.0,0.3299740864,-143374000.0,136391000.0,0.2822988591,-136391000.0,136391000.0,0.2822988591,0.5,0.46,271380000,296084000,https://www.sec.gov/Archives/edgar/data/906107/000110465903018040/0001104659-03-018040-index.htm,https://www.sec.gov/Archives/edgar/data/906107/000110465903018040/a03-2213_110q.htm,1.7803227946053504,0.5025830938167882,0.6505379910089174,-0.1537954160218144,0.898511312550667,21.55895054904562,21.44840445132287,19.318306433782887,21.52362738595328,7042311000.0,12503164000.0,12.908313231811483,14.576008395012668,39.89006077839393,-168.7306466684237,1.3432854525291067,1.3432854525291067,25.87875250442932,47.696877217343534,70.82220195646387,-299.5702613987589,0.0193673639235756,-0.0059266056270448,1.0881411558611545,0.4736662976768253,20.831977813212887,1.150676023391813,1.168882110989728,1.294388925955525,0.0216292634619516,1.1167892309609873,0.0185658933982415,0.0,0.0024909305219695,1.2364126586723914,0.4517907704535294,1.842429562604453,0.0,14.78017996618464,0.0264038313006758,0.0113529629359567,-43.59740677279092,32207000.0,5820668000.0,-5947067000.0,10811854000.0,1764500.0,210698500.0,-11728393000.0,0.3947270379017435,381.2803488256863,-20990.905757605786,228.00566304860783,0.236046783625731,-0.0042875710576419,0.0260158982123762,0.8043334070307319,2003-08-13,0.28,bmo,293863414.0,2025-04-25,2003-06-30,0.4642857142857141,26.482380952380957,986276.1904761904
2003-03-31,EQR,USD,906107,2003-05-13,2003-05-13 14:14:41,2003,Q1,486050000.0,43208000.0,442842000.0,0.9111037959,0,11176000.0,0.0,11176000.0,320201000.0,331377000.0,331377000.0,72165000.0,135347000.0,118918000.0,256064000.0,0.5268264582,154382000.0,0.3176257587,-137146000.0,135347000.0,0.2784631211,-135347000.0,135347000.0,0.2784631211,0.5,0.46,270678000,294508000,https://www.sec.gov/Archives/edgar/data/906107/000110465903009385/0001104659-03-009385-index.htm,https://www.sec.gov/Archives/edgar/data/906107/000110465903009385/j0498_10q.htm,1.7956760431213472,0.5000295554127044,0.7159872616171244,0.2774736033220283,1.1464138201109806,21.390238586069056,21.27940578842757,19.146894095567426,21.76306533962864,6515219460.0,11960346460.0,12.034288643265088,13.40442230223228,33.617916533369105,86.74699038691982,1.2571229505871813,1.2571229505871813,24.60723477008538,46.7084262528118,61.71425712840941,159.24621814502171,0.0207739740512133,0.0115277774541765,1.110521407706454,0.4783929873150264,21.26471116595851,1.5011967425486523,1.1406385069488056,1.4318898830413678,0.0234248440803865,1.1276053403474031,0.022993519185269,0.0,0.0024936059786696,0.6124601397302402,0.2442053286698899,0.9981331673926572,0.0,14.677032779079228,0.0254444186417919,0.0112781929826169,-43.49840770214056,104072000.0,5759867000.0,-5929184000.0,10977516000.0,2168000.0,224027000.0,-11718583500.0,0.2610842505915029,432.5178207739308,-24347.68075356416,344.7163120567376,0.2080839116385018,-0.0036964506357274,0.0261154395546828,0.438513658295096,2003-04-30,0.24,bmo,350867342.0,2025-04-25,2003-03-31,0.7083333333333333,24.335409836065573,932457.3770491804
2002-12-31,EQR,USD,906107,2003-03-14,2003-03-14 16:10:12,2002,Q4,471271000.0,199350000.0,271921000.0,0.5769949774,0,13492000.0,0.0,13492000.0,288065000.0,301557000.0,301557000.0,328905000.0,118477000.0,119750000.0,289464000.0,0.6142198438,153802000.0,0.3263557486,-35325000.0,118477000.0,0.2513988767,-118477000.0,118477000.0,0.2513988767,0.43,0.43,269682000,273943000,https://www.sec.gov/Archives/edgar/data/906107/000110465903004297/0001104659-03-004297-index.htm,https://www.sec.gov/Archives/edgar/data/906107/000110465903004297/j8049_10k.htm,1.7475063222610334,0.4393211263636431,0.6608561194295504,0.2712083120119251,0.1107786207459155,21.53805593254277,21.426813802923444,19.27130101378661,20.921589130902323,6628783560.0,12122607560.0,13.987490314575822,14.0657574092189,37.19417779049607,90.63144052502052,1.2754717485039315,1.2754717485039315,25.7232198883445,41.87949990326949,68.02008495070727,165.74524965818978,0.0178731133589765,0.0110336986172467,1.0628378431682295,0.4676774038798172,18.97929967111627,0.1364394547579729,1.2981591363724605,1.5001641400324912,0.0232757637360541,1.3022780792896511,0.028628962953375,0.0,0.0025400229296336,0.5896106519433737,0.222973618151764,0.8775031315240084,0.0,13.801866450848772,0.026510019424628,0.0100566874378284,-43.92017079374968,-207606000.0,5778426000.0,-5969690000.0,10756640000.0,2938500.0,261341500.0,-11845802500.0,0.5587867702447212,108.53589164785554,-5303.889841986456,161.06322624743677,0.8292187831469133,-0.0169686782118937,0.0227966511471827,0.3896478074176252,2003-02-05,0.32,bmo,409417142.0,2025-04-25,2002-12-31,0.0937499999999999,24.436875,1221725.0
2002-09-30,EQR,USD,906107,2002-11-13,2002-11-13 15:12:17,2002,Q3,506735000.0,50698000.0,456037000.0,0.8999516513,0,10673000.0,0.0,10673000.0,333751000.0,344424000.0,344424000.0,68945000.0,88661000.0,118360000.0,288522000.0,0.5693745251,154460000.0,0.3048141534,-154460000.0,88661000.0,0.1749652185,-88661000.0,88661000.0,0.1749652185,0.32,0.3,272943000,299057000,https://www.sec.gov/Archives/edgar/data/906107/000091205702042164/0000912057-02-042164-index.htm,https://www.sec.gov/Archives/edgar/data/906107/000091205702042164/a2093267z10-q.htm,1.8565597945358552,0.324833390121747,0.9216979369318868,-0.3531103563747742,0.0797089502203756,21.83727371649025,21.727360657719743,19.56154948102717,20.86237053157619,6534255420.0,12118076420.0,18.42483002673103,12.89481764630428,25.973802306307167,-67.79750173793046,1.2238294324904837,1.2238294324904837,23.91403084452426,42.00052827860614,48.169607864181486,-125.7335770240405,0.0135686462039159,-0.0147498060306923,1.049893167275623,0.4672016526484481,19.35318970477121,0.0778722626356862,1.7421414150528418,2.8374482579713742,0.0240751225485458,1.7743201633187082,0.0210622909410244,0.0,0.0025003758898421,0.6359039793934913,0.3156975539483161,1.3387589438888656,0.0,11.957027212648557,0.0263120530104567,0.0074080504697616,-43.912612706682346,-292569000.0,5930331000.0,-6013158000.0,10919508000.0,2789000.0,272174000.0,-11958299000.0,0.5241201022230554,501.1014241192946,-21202.29614580457,171.71636733310743,0.1796043588544545,-0.0042448232673048,0.0166057085834025,0.586111385893758,2002-11-05,0.35,bmo,,2025-04-25,2002-09-30,-0.1528571428571428,26.08390625,1134523.4375
2002-06-30,EQR,USD,906107,2002-08-13,2002-08-13 15:20:52,2002,Q2,514717000.0,51422000.0,463295000.0,0.9000965579,0,11527000.0,0.0,11527000.0,318595000.0,330122000.0,330122000.0,95769000.0,113297000.0,118079000.0,303085000.0,0.5888381382,184595000.0,0.3586339678,-71298000.0,113297000.0,0.2201151312,-113297000.0,113297000.0,0.2201151312,0.41,0.38,273146000,299494000,https://www.sec.gov/Archives/edgar/data/906107/000091205702031519/0000912057-02-031519-index.htm,https://www.sec.gov/Archives/edgar/data/906107/000091205702031519/a2086273z10-q.htm,1.8844024807245945,0.4147854993300286,0.7229540245875832,0.9252121576006972,0.3256207303054044,22.058693885321404,21.88617808790903,19.761087477026937,21.097804836973637,7771003700.0,13331545700.0,17.14741718668632,15.097623937037246,39.35243325636039,30.749704017917203,1.4396980952123346,1.4396980952123346,25.90072933281784,43.986161307883926,67.51106840463459,52.75265592478573,0.0145794551609851,0.0325206382284955,1.0466539031158306,0.4664446242507307,18.34647706089051,0.3494039805854879,1.6293017467364537,1.7429587720769306,0.0198086381042387,1.3586679258938894,0.0223948305573742,0.0,0.0038905860400601,1.0457735780262518,0.4012127052341384,1.7280676797429375,0.0,13.580271796632694,0.030917077098074,0.0093908018100441,-43.86737587224415,-170503000.0,5978122000.0,-5994987000.0,11104600000.0,1991000.0,253587000.0,-12001561500.0,0.4593397925461953,458.6846097001284,-20955.61841235269,195.9333840883137,0.1962132543728441,-0.0042947909352533,0.020990013824504,0.7560462170414357,2002-07-31,0.24,bmo,187903448.0,2025-04-25,2002-06-30,1.4166666666666663,29.010625,930168.75
2002-03-31,EQR,USD,906107,2002-05-13,2002-05-13 13:40:09,2002,Q1,516201000.0,45313000.0,470888000.0,0.9122183026,0,10800000.0,0.0,10800000.0,319969000.0,330769000.0,330769000.0,99246000.0,100878000.0,116767000.0,296542000.0,0.5744700223,185432000.0,0.3592244106,-84554000.0,100878000.0,0.1954238756,-100878000.0,100878000.0,0.1954238756,0.37,0.34,271094000,297229000,https://www.sec.gov/Archives/edgar/data/906107/000091205702019835/0000912057-02-019835-index.htm,https://www.sec.gov/Archives/edgar/data/906107/000091205702019835/a2079264z10-q.htm,1.9041402613115743,0.3721144695197975,0.9652519052431998,0.7614628136365984,0.9213114270326898,22.282204696525927,22.10838307007901,19.94290172412521,21.89772182342656,7856304120.0,13442005120.0,19.46981532147743,15.219467068060696,30.023250762399016,38.05832600228651,1.4531486140225265,1.4531486140225265,26.040253932092345,45.329178059094495,51.36928055519464,65.1171600751836,0.0128403888723187,0.0262754594077501,1.0793618527371536,0.4733406266078414,18.836121021642803,1.0245408034206167,1.838180772814687,2.593964987410536,0.0201380951632508,1.5683399750193303,0.0209220826770967,0.0,0.0038222771709827,0.2111252933038819,0.1070242018128597,0.4692601715790367,0.0,12.921820756169076,0.0300677754042639,0.0082140643235545,-44.456571336879456,6015000.0,5993450000.0,-6036564000.0,11308678000.0,1877500.0,247594000.0,-12080641000.0,0.236245183562217,486.8179109747755,-23893.83311632424,380.960147601476,0.1848740524353126,-0.003766662283186,0.0186589932933202,0.2037890916066014,2002-05-01,0.22,bmo,377064285.0,2025-04-25,2002-03-31,0.2727272727272728,27.712666666666667,1085771.6666666667
2001-12-31,EQR,USD,906107,2002-03-07,2002-03-07 00:00:00,2001,Q4,535949000.0,723237000.0,-187288000.0,-0.3494511605,0,11810000.0,0.0,11810000.0,335450000.0,347260000.0,347260000.0,8786000.0,141523000.0,119556000.0,308245000.0,0.5751386792,188689000.0,0.3520652152,-47166000.0,141523000.0,0.2640605729,-141523000.0,141523000.0,0.2640605729,0.53,0.53,268253000,268253000,https://www.sec.gov/Archives/edgar/data/906107/000091205702009068/0000912057-02-009068-index.htm,https://www.sec.gov/Archives/edgar/data/906107/000091205702009068/a2072511z10-k.htm,1.9979236019727644,0.5275728510025983,0.7416431503095958,0.1155662751208747,0.1923669073598431,22.55248589950532,22.376193369692043,20.18225332055932,21.935564560321787,7701543630.0,13392698630.0,13.604756170375133,14.369918835560846,38.71133979733398,248.42887745556595,1.4225368963510931,1.4225368963510931,24.988755702501543,43.4482266703434,67.31758363994612,432.00860069030034,0.0183759265413653,0.004025296939076,1.060733475558511,0.4693473361597793,18.46308942561923,0.2159377174252057,1.3332744500893847,1.4104085582424126,0.020089998503326,1.0932781244038072,0.0220356787679424,0.0,0.0038650252847729,0.8441753624062569,0.3133637715528903,1.404755930275352,0.0,15.478087762693526,0.0313448800627133,0.0116113490161986,-45.4723115864501,-196083000.0,6002481000.0,-6131850000.0,11175148000.0,3235000.0,264887000.0,-6426675500.0,0.4030234220047056,31.12083590856109,-1509.6214933693934,223.31208333333333,2.8919531681101702,-0.059617593148548,0.0261404335097294,0.6260768751887211,2002-03-07,,amc,,2025-04-25,2001-12-31,,27.55390625,1599556.34375
2001-09-30,EQR,USD,906107,2001-11-13,2001-11-13 00:00:00,2001,Q3,552382000.0,0.0,552382000.0,1.0,0,9525000.0,0.0,9525000.0,404523000.0,414048000.0,414048000.0,0.0,93851000.0,119436000.0,257770000.0,0.4666517012,138334000.0,0.2504317664,-44483000.0,93851000.0,0.1699023502,-93851000.0,93851000.0,0.1699023502,0.35,0.32,268253000,296391000,https://www.sec.gov/Archives/edgar/data/906107/000091205701539008/0000912057-01-539008-index.htm,https://www.sec.gov/Archives/edgar/data/906107/000091205701539008/a2063241z10-q.txt,2.059182935512371,0.3498600202048066,1.1052476579945052,0.8574032722840006,0.4130690057520326,22.47808225816673,22.29833403540687,20.111812356245785,21.554394545447767,7811527360.0,13388900360.0,20.80832212762784,14.14153133157851,26.34703615010489,33.963014769501,1.4479053147568126,1.4479053147568126,24.23848054426104,51.94126686581061,45.15862590476448,58.21235716366451,0.0120144237707694,0.0294437936910714,1.054332357006992,0.4664500738317571,21.637013616790163,0.4107326735505277,1.4739747045849272,3.15554987920006,0.0223926758415655,1.86381604884338,0.0172435017795655,0.0,0.0039540397209686,0.2242433032251101,0.1203605475920649,0.5511618460212059,0.0,12.582415477145362,0.0229985421211281,0.0077266521542722,-23.90275598036182,-164811000.0,5981595000.0,-6049927000.0,11192846000.0,3283500.0,262307000.0,-781944000.0,0.6631280526881759,0.0,0.0,135.7203931203931,0.0,0.0,0.0173957480314376,0.2478443857105046,2002-03-04,0.5,bmo,,2025-04-25,2001-09-30,0.0,28.761525423728816,721250.8474576271
2001-06-30,EQR,USD,906107,2001-08-13,2001-08-13 00:00:00,2001,Q2,544411000.0,0.0,544411000.0,1.0,0,7325000.0,0.0,7325000.0,341959000.0,349284000.0,349284000.0,0.0,102931000.0,116767000.0,311147000.0,0.571529598,195127000.0,0.3584185478,4787000.0,102931000.0,0.189068553,-102931000.0,102931000.0,0.189068553,0.39,0.35,266358000,293940000,https://www.sec.gov/Archives/edgar/data/906107/000091205701528046/0000912057-01-528046-index.htm,https://www.sec.gov/Archives/edgar/data/906107/000091205701528046/a2056850z10-q.txt,2.0439070724363453,0.386438552624663,0.6837526937430075,0.3063358337275396,0.0999181552647189,22.76277791543712,22.480120739756263,20.35787924522635,21.37543831985523,7532604240.0,13096578240.0,18.295276058718947,13.83624548365114,41.359983307984166,92.31698314847723,1.3891427323713634,1.3891427323713634,24.056417375842884,42.09128881204061,71.9106221619455,160.50711734787672,0.013664729583616,0.0108322430596725,1.0310012901836132,0.4628837722566547,17.882139310358127,0.1188563076194442,1.8957068327326072,1.7711937758327254,0.020224213983131,1.4800303115679436,0.0134549081484393,0.0,0.0062336186185887,0.5519786078639162,0.1846546083749226,0.86647129805206,0.0,13.304475234887738,0.03289973015332,0.0085758338632252,-24.054482125560337,-215815000.0,5987760000.0,-5985577000.0,10991005000.0,2238500.0,241900500.0,-846062500.0,0.4127947451465896,0.0,0.0,218.02603123748497,0.0,0.0,0.0189822597909002,0.3774168600154679,2001-08-13,,amc,,2025-04-25,2001-06-30,,26.667142857142856,712907.9365079365
2001-03-31,EQR,USD,906107,2001-05-11,2001-05-11 00:00:00,2001,Q1,537901000.0,0.0,537901000.0,1.0,0,6754000.0,0.0,6754000.0,333909000.0,340663000.0,340663000.0,0.0,135280000.0,115962000.0,313200000.0,0.5822632789,197238000.0,0.3666808576,-197238000.0,135280000.0,0.2514960931,-135280000.0,135280000.0,0.2514960931,0.51,0.46,265198000,297184000,https://www.sec.gov/Archives/edgar/data/906107/000091205701514711/0000912057-01-514711-index.htm,https://www.sec.gov/Archives/edgar/data/906107/000091205701514711/a2048981z10-q.txt,2.0282996101026405,0.5101094276729086,0.8713979743436979,0.1631497975097851,0.3952933280039819,23.620589144714515,23.35528925557508,21.21750918181887,21.30945180582056,6900451960.0,12311564960.0,12.752165804257835,12.828479515747322,29.860064822387525,159.48533431945825,1.226345645807301,1.226345645807301,22.8881615018377,39.3089558109834,53.27536948328162,284.5486158041926,0.0196045129774369,0.0062701690049879,0.9802914281743522,0.4504467969649247,17.276861430395915,0.447141810570382,1.4579982259018331,1.7082569485511532,0.0037627970096034,0.191935245416913,0.0125562138757875,0.0,0.0057455415236378,0.8127723470637362,0.3491832140115002,1.6093531775612848,0.0,15.605228545942603,0.032565174969833,0.0111111676927193,-23.756612040814787,-132064000.0,6193776000.0,-5874551000.0,11156300000.0,1890500.0,182778000.0,-831230000.0,0.3312877276673588,0.0,0.0,271.6671717171717,0.0,0.0,0.0240419091280524,0.7082481768339127,2001-05-11,,amc,,2025-04-25,2001-03-31,,26.050806451612903,776222.5806451613
2000-12-31,EQR,USD,906107,2001-02-20,2001-02-20 00:00:00,2000,Q4,514563000.0,0.0,514563000.0,1.0,0,6946000.0,0.0,6946000.0,318835000.0,325781000.0,325781000.0,0.0,89678000.0,114733000.0,303515000.0,0.5898500281,188782000.0,0.3668783026,-99104000.0,89678000.0,0.174279923,-89678000.0,89678000.0,0.174279923,0.34,0.34,259450000,262824000,https://www.sec.gov/Archives/edgar/data/906107/000091205701006222/0000912057-01-006222-index.htm,https://www.sec.gov/Archives/edgar/data/906107/000091205701006222/a2039377z10-k.txt,1.983283869724417,0.3456465600308344,0.5697167084216612,0.4171709385238003,0.0916245904798612,24.020678358065137,23.760169589516284,21.65946039699364,23.708968972827133,7176387000.0,13214229000.0,20.00598530297286,13.946566309664703,48.55044549532179,66.3037557167275,1.2770401244086045,1.2770401244086045,25.68048810349753,43.537317760242495,89.3982870248219,122.08831708781815,0.0124962603048024,0.0150821018989081,1.0786659494083777,0.4942621334729727,19.893059651088084,0.0530402805806576,2.1051093913780417,1.6482637882200764,0.0372432534644522,2.9803519257788977,0.0134988329903238,0.0,0.0055111861856107,0.267757233802169,0.0769157518127032,0.3449574228861792,0.0,12.978700031696595,0.0310423750733585,0.0073528392898973,-24.716701676623625,-456570000.0,6164576000.0,-6006228000.0,10969683000.0,1706000.0,207697000.0,-808280500.0,0.315005159718052,0.0,0.0,285.7096057745697,0.0,0.0,0.0159582258142871,0.1525457698978608,2001-02-20,,amc,,2025-04-25,2000-12-31,,24.633968253968256,630117.4603174604
2000-09-30,EQR,USD,906107,2000-11-13,2000-11-13 00:00:00,2000,Q3,537254000.0,0.0,537254000.0,1.0,0,6223000.0,0.0,6223000.0,328868000.0,335091000.0,335091000.0,0.0,96434000.0,112099000.0,314262000.0,0.584941201,202163000.0,0.3762894273,-96434000.0,105729000.0,0.1967951844,-518000.0,205975000.0,0.3833847677,0.78,0.77,262824000,267717293,https://www.sec.gov/Archives/edgar/data/906107/000091205700048816/0000912057-00-048816-index.htm,https://www.sec.gov/Archives/edgar/data/906107/000091205700048816/a2030465z10-q.txt,2.044158828721882,0.783699357745107,1.0112965330411223,1.378580342738867,0.2139911119228076,23.48295437250784,23.213405168477763,21.2285065290841,20.04623626457249,6307776000.0,11423732000.0,7.655997087025124,11.74077065968797,23.731911675627277,17.409213852794736,1.1305552732651645,1.1305552732651645,21.26318650024011,36.35098102856852,42.97980759463192,31.52905134630883,0.0326541399060461,0.0574408476141194,0.9270233634281776,0.4375482938553889,16.279270163112308,0.2003823866608015,2.0963871663521165,1.2904138851802402,0.0212318890207895,0.6502051219808229,0.011582975650251,0.0,0.0059931331572942,0.1665581862577268,0.082400503300115,0.4013490113596185,0.0,19.34753875784845,0.0175283369958485,0.0175297603799415,-22.805140512281984,-230860000.0,6101040000.0,-5591125000.0,10727728000.0,1509500.0,267760500.0,-402210500.0,0.2698723508805891,0.0,0.0,333.4909993792675,0.0,0.0,0.0369173100647188,0.1684397163120567,2000-11-13,,amc,,2025-04-25,2000-09-30,,24.4668253968254,631400.0
2000-06-30,EQR,USD,906107,2000-08-10,2000-08-10 00:00:00,2000,Q2,493113000.0,0.0,493113000.0,1.0,0,6518000.0,0.0,6518000.0,293152000.0,299670000.0,299670000.0,0.0,152659000.0,112626000.0,306069000.0,0.6206873475,193443000.0,0.3922893941,-40784000.0,152659000.0,0.309582185,-152659000.0,152659000.0,0.309582185,0.63,0.63,241116000,241116000,https://www.sec.gov/Archives/edgar/data/906107/000091205700035925/0000912057-00-035925-index.htm,https://www.sec.gov/Archives/edgar/data/906107/000091205700035925/a10-q.txt,2.0451276563977503,0.6331350885051179,0.8738656912025747,0.2289395975381144,0.98320310555915,25.15206788433783,25.15206788433783,22.925417641301284,22.52135901391861,5545668000.0,10586203000.0,9.08179013356566,11.246241733639144,26.319834079248988,100.4631800148548,1.0032532606326157,1.0032532606326157,21.46810771567572,34.58763546781935,50.2422984010669,191.7755656600424,0.0275276125437007,0.0099538955451354,0.9547579140273008,0.4492820690807656,16.468623088257875,0.9662328611714368,1.2671575210108803,1.3802199673782745,0.0242607382915818,0.8813237345980257,0.0132180656360712,0.0,0.0,0.7380151208098603,0.3153475978122662,1.370593005217882,0.0,18.071661306177603,0.0329589810680476,0.0129958576602893,-22.57857213955109,-8334000.0,6064566000.0,-5443703000.0,10865208000.0,1317000.0,238539000.0,0.0,0.2569796375273011,0.0,0.0,350.2223011363636,0.0,0.0,0.027617167041899,0.6449260936644603,2000-08-10,,amc,,2025-04-25,2000-06-30,,22.663809523809523,775104.7619047619
2000-03-31,EQR,USD,906107,2000-05-11,2000-05-11 00:00:00,2000,Q1,485410000.0,0.0,485410000.0,1.0,0,6698000.0,0.0,6698000.0,294068000.0,300766000.0,300766000.0,0.0,101139000.0,111886000.0,276532000.0,0.5696874807,184644000.0,0.3803877135,-184644000.0,101139000.0,0.208357883,-101139000.0,101139000.0,0.208357883,0.4,0.36,255596000,281372000,https://www.sec.gov/Archives/edgar/data/906107/000091205700023387/0000912057-00-023387-index.html,https://www.sec.gov/Archives/edgar/data/906107/000091205700023387/,1.8991298768368832,0.3956986807305279,0.8223681121770293,0.6402917103554047,0.2836898856007136,23.51408081503623,23.51408081503623,21.492245575048123,21.390522543388787,5134923640.0,10428606640.0,12.692738805010924,10.578528748892689,24.429449175523565,31.37632375226084,0.9347557438727532,0.9347557438727532,21.484119898642383,37.71211519824107,49.61419755083399,63.72272718384905,0.0196963006834508,0.031871165274037,0.9768557589455724,0.4553731676895929,19.14311182792588,0.3202153993138489,1.825645893275591,2.078268521539663,0.0055691188428266,0.2827494833842534,0.0137986444449022,0.0,0.0,0.2214049877732,0.0958735913969633,0.4123808173537022,0.0,13.832938858016362,0.0317595190491064,0.0085826184050699,-22.30328917510446,-156534000.0,6010105000.0,-5700325000.0,10954774000.0,1478500.0,175997500.0,0.0,0.2273129931398199,0.0,0.0,395.9298531810767,0.0,0.0,0.0184112301969005,0.1820764018216247,2000-05-11,,amc,,2025-04-25,2000-03-31,,20.477777777777774,611425.3968253968
1999-12-31,EQR,USD,906107,2000-03-14,2000-03-14 00:00:00,1999,Q4,415218000.0,0.0,415218000.0,1.0,0,6596000.0,0.0,6596000.0,1844616000.0,1851212000.0,1851212000.0,0.0,108281000.0,109388000.0,-1326606000.0,-3.1949626461,108281000.0,0.2607810837,1435994000.0,108281000.0,0.2607810837,-108281000.0,108281000.0,0.2607810837,0.45,0.45,242500000,242500000,https://www.sec.gov/Archives/edgar/data/906107/000091205700011416/0000912057-00-011416-index.html,https://www.sec.gov/Archives/edgar/data/906107/000091205700011416/,1.712239175257732,0.4465195876288659,0.614098969072165,2.369035051546392,0.1200701030927835,24.58520824742268,24.58520824742268,22.7007587628866,24.256284536082475,5174950000.0,10919701000.0,11.947964093423591,12.463212095814727,34.750099047133006,9.00788698169336,0.940056683695027,0.940056683695027,26.298717781984404,-8.231306808502298,73.32644592026539,19.0076102149555,0.020924066899197,0.1110138262205431,1.0488532650891,0.4928321330482569,-4.330412345489165,0.0731471930760566,1.0,1.3816813724125774,0.0463803515009806,2.216603097496329,0.0158856311624255,0.0,0.0,0.0,0.0,0.0,0.0,15.101903934189751,0.0186292905209993,0.0092423928289663,-23.60148762886598,-390877000.0,5961913000.0,-5722928000.0,10790467000.0,865500.0,60862500.0,0.0,0.3752004970882765,0.0,0.0,239.8717504332756,0.0,0.0,0.0196698089386721,0.0,2000-03-14,,amc,,2025-04-25,1999-12-31,,20.48859375,452121.875
1999-09-30,EQR,USD,906107,1999-11-12,1999-11-12 00:00:00,1999,Q3,453700000.0,0.0,453700000.0,1.0,0,5000000.0,0.0,5000000.0,-266600000.0,-261600000.0,-261600000.0,0.0,95900000.0,101200000.0,816464000.0,1.7995679965,95900000.0,0.2113731541,-715300000.0,95900000.0,0.2113731541,-95900000.0,95900000.0,0.2113731541,0.4,0.39,242500000,246909091,https://www.sec.gov/Archives/edgar/data/906107/000091205799005228/0000912057-99-005228-index.html,https://www.sec.gov/Archives/edgar/data/906107/000091205799005228/,1.8709278350515464,0.3954639175257732,0.9010680412371134,-0.388020618556701,0.2597938144329897,23.895670103092783,23.895670103092783,21.99670103092783,20.37690721649485,5138575000.0,9921075000.0,13.395659541188738,11.32593123209169,23.51653707627604,-54.61050002656889,0.9633262719808032,0.9633262719808032,21.867037690103597,12.151270601030786,45.40350740701756,-105.43679260322016,0.0186627615632738,-0.018311496864403,0.9083836376588804,0.4385425057244481,5.857576084187423,0.7,1.0,2.2788890742981103,0.0240267000092438,1.2874139728884255,0.0110204981265153,0.0,0.0,1.4306229949338471,0.689010359268239,3.090071566960579,0.0,13.990185315159822,0.0172604638187201,0.0086794399543854,-21.407835051546392,-27000000.0,5794700000.0,-5191400000.0,10438900000.0,0.0,0.0,0.0,0.0,0.0,0.0,0.0,0.0,0.0,0.0179783285216152,1.2890886597938145,1999-11-12,,amc,,2025-04-25,1999-09-30,,21.5615625,614975.0
1999-06-30,EQR,USD,906107,1999-08-13,1999-08-13 00:00:00,1999,Q2,446700000.0,0.0,446700000.0,1.0,0,5000000.0,0.0,5000000.0,-262100000.0,-257100000.0,-257100000.0,0.0,96600000.0,100700000.0,804449000.0,1.8008708305,96600000.0,0.2162525185,-703713000.0,96600000.0,0.2162525185,-96600000.0,96600000.0,0.2162525185,0.4,0.4,241754386,241754386,https://www.sec.gov/Archives/edgar/data/906107/000104746999031580/0001047469-99-031580-index.html,https://www.sec.gov/Archives/edgar/data/906107/000104746999031580/,1.847743105682476,0.3995791000871438,0.9273502901411684,0.4227224237412594,0.3929608127151,23.88084905313776,23.88084905313776,22.14644411870153,19.87264876344374,5446726316.58,10059426316.58,14.09608259984472,12.193253451040968,24.295026636127236,53.297385552913546,1.0173190729510648,1.0173190729510648,22.51942313987016,12.504740905365038,44.86989360224094,98.43364466539458,0.0177354238831399,0.0187626464155019,0.8792865147553232,0.4342175653489273,5.733986865543994,1.1176470588235294,1.0,2.320433468576633,0.0223321299676345,1.2591821946169772,0.011193194537721,0.0,0.0,0.5441610055711424,0.2731049921647638,1.2110466963151207,0.0,14.110572800185045,0.0176651305683563,0.0089099596008042,-20.572532653037367,10000000.0,5773300000.0,-4973500000.0,10271600000.0,0.0,0.0,0.0,0.0,0.0,0.0,0.0,0.0,0.0,0.0180425849831901,0.5046278663999089,1999-08-13,,amc,,2025-04-25,1999-06-30,,22.784603174603177,564723.8095238095
1999-03-31,EQR,USD,906107,1999-05-13,1999-05-13 00:00:00,1999,Q1,437600000.0,0.0,437600000.0,1.0,0,5900000.0,0.0,5900000.0,-256900000.0,-251000000.0,-251000000.0,0.0,93600000.0,97400000.0,785953000.0,1.7960534735,93600000.0,0.2138939671,-688553000.0,93600000.0,0.2138939671,-93600000.0,93600000.0,0.2138939671,0.39,0.39,237777778,237777778,https://www.sec.gov/Archives/edgar/data/906107/000104746999019911/0001047469-99-019911-index.html,https://www.sec.gov/Archives/edgar/data/906107/,1.8403738300557253,0.3936448594451917,0.8142056067156956,0.2489719623841383,0.0462616821997554,24.27350465021168,24.27350465021168,22.446588764068608,19.60359811252,4905355560.139999,9462055560.14,13.101911218322648,11.209679067961607,25.337580372623968,82.86073581317567,0.919070608760984,0.919070608760984,21.622613254433272,12.038958512964514,48.87425392634297,159.83201959695944,0.0190811856250698,0.0120684421902151,0.8558072433627489,0.426808073257335,5.7976749245820045,0.0666666666666666,1.0,2.068376068376069,0.0060749928592637,0.3183760683760683,0.0134826325411334,0.0,0.0,0.6942148760330579,0.3071297989031079,1.379876796714579,0.0,14.099987456687884,0.0174740968916269,0.0087460287796673,-20.688644840477902,-154000000.0,5771700000.0,-4919300000.0,10114000000.0,2379000.0,59828500.0,0.0,0.0,0.0,0.0,0.0,0.0,0.0,0.0175369568883143,0.5652336443315573,1999-05-13,,amc,,2025-04-25,1999-03-31,,20.446065573770493,576455.737704918
1998-12-31,EQR,USD,906107,1999-03-19,1999-03-19 00:00:00,1998,Q4,392049000.0,0.0,392049000.0,1.0,0,6118000.0,0.0,6118000.0,1389957000.0,1396075000.0,1396075000.0,0.0,76306000.0,82069000.0,-921957000.0,-2.3516371678,76306000.0,0.194633834,1004026000.0,76306000.0,0.194633834,-76306000.0,76306000.0,0.194633834,0.39,0.39,193888889,193888889,https://www.sec.gov/Archives/edgar/data/906107/000095013199001583/0000950131-99-001583-index.html,https://www.sec.gov/Archives/edgar/data/906107/,2.022029225202276,0.3935553006340657,0.4810126071742048,5.1923707706633975,0.0204498567218052,29.717128349732302,29.717128349732302,27.49227677507606,26.029511159868477,3908800002.24,8875362002.24,12.806332405839646,9.970182304354813,41.91158339577324,3.882619498958523,0.7332968515098265,0.7332968515098265,22.638399797576323,-9.626655041655956,95.16487784266,8.815916278772239,0.0195215922933564,0.2575580739416367,0.9324784581855892,0.4645239461471029,-5.3869779176252255,0.0212934235226054,1.0,1.2222236783477054,0.0498411276832674,2.5531281943752786,0.0156051922081168,0.0,0.0,0.0,0.0,0.0,0.0,15.602690574222288,0.0144118709727134,0.0071312285869689,-25.431604283420285,-400934000.0,5761821000.0,-4929716000.0,9852524000.0,2379000.0,59828500.0,0.0,1.0922614265053605,0.0,0.0,82.39785624211854,0.0,0.0,0.0143151221651767,0.0,1999-03-19,,amc,,2025-04-25,1998-12-31,,20.77265625,441081.25
1998-09-30,EQR,USD,906107,1998-11-13,1998-11-13 00:00:00,1998,Q3,341000000.0,0.0,341000000.0,1.0,0,5300000.0,0.0,5300000.0,-214600000.0,-209300000.0,-209300000.0,0.0,56600000.0,88600000.0,627200000.0,1.8392961877,56600000.0,0.1659824047,-550800000.0,56600000.0,0.1659824047,-56600000.0,56600000.0,0.1659824047,0.29,0.29,193888889,193888889,https://www.sec.gov/Archives/edgar/data/906107/000095013198006036/0000950131-98-006036-index.html,https://www.sec.gov/Archives/edgar/data/906107/,1.7587392540064533,0.2919197706063497,0.9154727788450012,-1.5519197698842866,0.7942693405190434,22.51289396990665,22.51289396990665,20.528252137233093,20.62521488789386,4089116669.01,7877516669.01,18.06146938608657,11.991544483900292,23.037277008507044,-13.589620036590228,1.0273646221320536,1.0273646221320536,23.101221903255137,12.55981611768176,44.38037560005634,-26.17984934865404,0.013841620227897,-0.0735855746744564,0.9905029897995076,0.4566874406320228,6.040178571428571,0.4967741935483871,1.0,3.136042402826855,0.0229144843702112,1.65547703180212,0.0155425219941348,0.0,0.0,2.6952112676056337,1.402932551319648,6.261780104712042,0.0,11.61178538098831,0.0128832540459335,0.006556541482288,-21.216275059474917,-156000000.0,4365000000.0,-4113600000.0,7956200000.0,0.0,0.0,0.0,0.0,0.0,0.0,0.0,0.0,0.0,0.0142203909351288,2.467392548729288,1998-11-13,,amc,,2025-04-25,1998-09-30,,21.0696875,605715.625
1998-06-30,EQR,USD,906107,1998-08-11,1998-08-11 00:00:00,1998,Q2,316200000.0,0.0,316200000.0,1.0,0,5400000.0,0.0,5400000.0,-187900000.0,-182500000.0,-182500000.0,0.0,67700000.0,66900000.0,565900000.0,1.7896900696,67700000.0,0.2141049968,-498700000.0,67700000.0,0.2141049968,-67700000.0,67700000.0,0.2141049968,0.35,0.35,195744681,195744681,https://www.sec.gov/Archives/edgar/data/906107/000095013198004717/0000950131-98-004717-index.html,https://www.sec.gov/Archives/edgar/data/906107/,1.6153695639883057,0.3458586953890205,0.7065326081580731,-1.221489129505389,1.3589130424443052,22.18144563529673,22.18144563529673,20.695836940774907,17.607630421385497,4637191492.89,7750091492.89,17.124045394719353,14.665374740322582,33.5299457186551,-19.3943600706399,1.1446746545111206,1.1446746545111206,24.510093272896903,13.69516079323202,56.03826097534346,-32.41359888285236,0.0145993539632342,-0.0515613815747314,0.8340697588309348,0.4223625,5.500795193497084,1.52,1.0,2.0428360413589366,0.01992585385824,1.3648449039881831,0.01707779886148,0.0,0.0,2.728850325379609,1.1935483870967742,5.616071428571429,0.0,12.690598535814098,0.0163803532542947,0.0084625,-17.329206508553863,91000000.0,4341900000.0,-3392100000.0,7485800000.0,0.0,0.0,0.0,0.0,0.0,0.0,0.0,0.0,0.0,0.0167115104539507,1.9280217376634616,1998-08-11,,amc,,2025-04-25,1998-06-30,,24.40936507936508,434765.07936507935
1998-03-31,EQR,USD,906107,1998-05-13,1998-05-13 00:00:00,1998,Q1,288300000.0,0.0,288300000.0,1.0,0,4900000.0,0.0,4900000.0,-176100000.0,-171200000.0,-171200000.0,0.0,57600000.0,64300000.0,523800000.0,1.8168574402,57600000.0,0.1997918835,0.0,57600000.0,0.1997918835,-57600000.0,57600000.0,0.1997918835,0.3,0.3,188947368,188947368,https://www.sec.gov/Archives/edgar/data/906107/000095013198003270/0000950131-98-003270-index.html,https://www.sec.gov/Archives/edgar/data/906107/,1.5258217304196584,0.3048467973367059,0.707604458401347,-0.132311978010723,0.412813371393456,22.65604461873213,22.65604461873213,21.16250701094709,15.050222874763728,4748247357.84,7456347357.84,20.608712490625,16.46981393631634,35.51419115811518,-189.9298943136,1.1874774565697994,1.1874774565697994,25.863154206867847,14.235103775945015,55.76923977442034,-298.25389431360003,0.0121307917762318,-0.0052651005973228,0.6967688691041865,0.3801317997625967,5.170103092783505,0.1431192660550458,1.0,2.321180555555556,0.0049491945614834,0.4079861111111111,0.0169961845300034,0.0,0.0,1.18698578908003,0.5504682622268471,2.4453004622496146,0.0,12.048018755497235,0.0167873744954315,0.0078588678318529,-15.721309227234116,-467000000.0,4280800000.0,-2970500000.0,6387500000.0,1651000.0,43985000.0,0.0,0.0,0.0,0.0,0.0,0.0,0.0,0.0144050417646176,0.83991643641207,1998-05-13,,amc,,2025-04-25,1998-03-31,,24.97081967213115,607124.5901639344
1997-12-31,EQR,USD,906107,1998-03-20,1998-03-20 00:00:00,1997,Q4,233721000.0,0.0,233721000.0,1.0,0,5064000.0,0.0,5064000.0,736096000.0,741160000.0,741160000.0,0.0,60692000.0,51344000.0,-456095000.0,-1.9514506613,60692000.0,0.2596771364,507439000.0,60692000.0,0.2596771364,-60692000.0,60692000.0,0.2596771364,0.41,0.41,147142857,147142857,https://www.sec.gov/Archives/edgar/data/906107/000095013198001828/0000950131-98-001828-index.html,https://www.sec.gov/Archives/edgar/data/906107/,1.5883951471731992,0.4124699033130776,0.5221796121574559,0.3845854372665878,0.2262766992488123,26.93569420090844,26.93569420090844,25.07760876221127,22.04670390489971,3719771424.96,6869799424.96,15.322330063929348,15.91543517681338,48.41246079208695,65.73311818480623,1.008070595554298,1.008070595554298,29.39316289490461,-15.062211655378814,89.40976670735992,121.39814142253796,0.0163160563019413,0.0152130315374441,0.8626912640166331,0.4486946537459101,-6.906517282583672,0.1133139300863857,1.0,1.2659823370460688,0.0292902405962139,1.7951789362683714,0.0216668592039226,0.0,0.0,0.2634997071647036,0.0866246507588107,0.3943206606419445,0.0,15.255640739842118,0.0172340698012198,0.008554638007248,-21.03713739906518,-286373000.0,3963395000.0,-3094639000.0,6390300000.0,1651000.0,43985000.0,0.0,1.2715160383534214,0.0,0.0,70.7816474863719,0.0,0.0,0.0164477365933954,0.1375941748908681,1998-03-20,,amc,,2025-04-25,1997-12-31,,25.59078125,273987.5
1997-09-30,EQR,USD,906107,1997-11-12,1997-11-12 00:00:00,1997,Q3,203700000.0,0.0,203700000.0,1.0,0,3800000.0,0.0,3800000.0,-120900000.0,-117100000.0,-117100000.0,0.0,47200000.0,42000000.0,362800000.0,1.7810505646,47200000.0,0.2317133039,0.0,47200000.0,0.2317133039,-47200000.0,47200000.0,0.2317133039,0.32,0.31,147142857,150731707,https://www.sec.gov/Archives/edgar/data/906107/000095013197006724/0000950131-97-006724-index.html,https://www.sec.gov/Archives/edgar/data/906107/,1.3843689333828824,0.3207766993405599,0.7373786414926006,0.6517475734482986,1.8893203901838065,21.210679632243377,21.210679632243377,19.97446603881016,11.997184477667169,4014057138.96,5454157138.96,21.260895863135595,19.705729695434464,36.99591833142858,41.85669592241919,1.3657436422578342,1.3657436422578342,26.775440053804616,15.033509203307608,50.26872939133641,56.87337996830031,0.0117586766620439,0.0238910400824156,0.5845667040930898,0.3412991656734207,3.969404630650496,0.7374005305039788,1.0,2.2987288135593222,0.0162180053114208,1.3792372881355932,0.018654884634266,0.0,0.0,0.1161290322580645,0.0618556701030927,0.3,0.0,12.006882357962107,0.019128672745694,0.0093762415574096,-11.111650496224904,-99000000.0,3121000000.0,-1635000000.0,4323200000.0,0.0,0.0,0.0,0.0,0.0,0.0,0.0,0.0,0.0,0.0160593378925521,0.085631068044302,1997-11-12,,amc,,2025-04-25,1997-09-30,,25.355,330165.625
1997-06-30,EQR,USD,906107,1997-08-14,1997-08-14 00:00:00,1997,Q2,164900000.0,0.0,164900000.0,1.0,0,3200000.0,0.0,3200000.0,-98100000.0,-94900000.0,-94900000.0,0.0,35700000.0,34500000.0,294300000.0,1.7847180109,35700000.0,0.2164948454,0.0,35700000.0,0.2164948454,-35700000.0,35700000.0,0.2164948454,0.3,0.3,119000000,119000000,https://www.sec.gov/Archives/edgar/data/906107/000095013197005090/0000950131-97-005090-index.html,https://www.sec.gov/Archives/edgar/data/906107/,1.3857142857142857,0.3,0.7067226890756303,1.908403361344538,2.6134453781512605,23.881512605042012,23.881512605042012,22.37563025210084,14.715126050420167,2826250000.0,4230650000.0,19.791666666666668,17.13917525773196,33.60582639714625,12.44495816820784,1.0614226161415106,1.0614226161415106,25.655852031534263,14.375297315664287,50.30499405469679,18.629018053720827,0.0126315789473684,0.0803538257408226,0.6442332970293311,0.3619980163335936,4.772001359157322,0.8614958448753463,1.0,2.355742296918768,0.0167359575409111,1.3249299719887957,0.0194057004244996,0.0,0.0,0.0,0.0,0.0,0.0,12.289650288013922,0.0152281016059888,0.0075337117774917,-13.326050420168068,-50000000.0,2841900000.0,-1585800000.0,4074800000.0,0.0,0.0,0.0,0.0,0.0,0.0,0.0,0.0,0.0,0.0134074435723138,0.0,1997-08-14,,amc,,2025-04-25,1997-06-30,,22.48859375,268181.25
1997-03-31,EQR,USD,906107,1997-05-12,1997-05-12 00:00:00,1997,Q1,145000000.0,0.0,145000000.0,1.0,0,3000000.0,0.0,3000000.0,-84700000.0,-81700000.0,-81700000.0,0.0,33000000.0,28800000.0,255500000.0,1.7620689655,33000000.0,0.2275862069,0.0,33000000.0,0.2275862069,-33000000.0,33000000.0,0.2275862069,0.32,0.31,103913043,106222222,https://www.sec.gov/Archives/edgar/data/906107/000095013197003254/0000950131-97-003254-index.html,https://www.sec.gov/Archives/edgar/data/906107/,1.3953974959620803,0.3175732232189562,0.5937656931093819,-0.9498326403548782,0.8179916355639782,16.263598401213216,16.263598401213216,14.87493730695578,12.776067004408675,2305830424.17,3515430424.17,17.468412304318182,15.902278787379313,37.37164382771475,-23.362010376595745,1.491770993187553,1.491770993187553,24.24434775289655,13.759023186575345,56.97618191523501,-35.617329525531915,0.0143115467876951,-0.0428045353922883,0.8375493304004659,0.4158422202235641,4.734246575342466,0.3125,1.0,1.8696969696969696,0.019906060531976,1.3909090909090909,0.0206896551724137,0.0,0.0,2.59967585089141,1.1062068965517242,5.569444444444445,0.0,10.309575169684324,0.0225548492925979,0.0106000256970319,-12.878075373079009,-187000000.0,1690000000.0,-1338200000.0,2686200000.0,725000.0,39546000.0,0.0,0.0,0.0,0.0,0.0,0.0,0.0,0.0213495503655301,1.54359833346426,1997-05-12,,amc,,2025-04-25,1997-03-31,,22.147704918032787,321501.6393442623
1996-12-31,EQR,USD,906107,1997-03-21,1997-03-21 00:00:00,1996,Q4,131985000.0,0.0,131985000.0,1.0,0,3157000.0,0.0,3157000.0,504102000.0,507259000.0,507259000.0,0.0,43324000.0,23353000.0,-351921000.0,-2.6663711785,43324000.0,0.3282494223,375274000.0,43324000.0,0.3282494223,-43324000.0,43324000.0,0.3282494223,0.5,0.5,86206897,86206897,https://www.sec.gov/Archives/edgar/data/906107/000095013197001984/0000950131-97-001984-index.html,https://www.sec.gov/Archives/edgar/data/906107/,1.5310259920386649,0.5025583973866964,0.4550679976336464,-7.09958276308217,1.7083435911166134,18.66981710291695,18.66981710291695,16.922427912003375,15.059421521691007,1778448285.11,2886079285.11,10.26248895017773,13.474624276319275,45.333884402498086,-2.9058045646394883,1.2190922075293211,1.2190922075293211,21.866721863166266,-8.200929427655637,73.5681693884782,-4.715561554867139,0.0243605621612552,-0.3441387669938037,0.8602112651919689,0.4202440150737058,-3.1473853506895013,1.880354523845648,1.0,0.9055027236635584,0.010548521515676,0.4330163419813498,0.0239193847785733,0.0,0.0,16.601147081315318,4.934371330075387,27.887766025778276,0.0,13.832983613643773,0.0283556671409628,0.0145084251272635,-14.248297325908856,69629000.0,1609467000.0,-1227939000.0,2751627000.0,725000.0,39546000.0,0.0,0.9887487214456188,0.0,0.0,91.02413793103447,0.0,0.0,0.0296977715018199,7.554650760715816,1997-03-21,,amc,,2025-04-25,1996-12-31,,19.6771875,299578.125
1996-09-30,EQR,USD,906107,1996-11-13,1996-11-13 00:00:00,1996,Q3,124500000.0,0.0,124500000.0,1.0,0,2300000.0,0.0,2300000.0,-79800000.0,-77500000.0,-77500000.0,0.0,19600000.0,24900000.0,226900000.0,1.8224899598,19600000.0,0.1574297189,0.0,19600000.0,0.1574297189,-19600000.0,19600000.0,0.1574297189,0.23,0.22,86206897,89285714,https://www.sec.gov/Archives/edgar/data/906107/000095013196005780/0000950131-96-005780-index.html,https://www.sec.gov/Archives/edgar/data/906107/,1.44419999249016,0.227359998817728,0.766759996012848,0.64379999665224,1.77479999077104,16.549719913941455,16.549719913941455,14.754039923278992,14.583519924165696,1535344835.57,2619944835.57,19.583480045535712,12.332087032690762,23.22760719470499,27.66387091117117,1.207127003357182,1.207127003357182,21.043733619036143,11.546693854429265,39.63607920680786,47.20621325351351,0.0127658618089684,0.0361482311427422,0.973032471106219,0.4443965672016948,4.780079330101366,0.5563636363636364,1.0,3.372448979591837,0.024294216605843,1.903061224489796,0.0184738955823293,0.0,0.0,0.1603630862329803,0.0851405622489959,0.4257028112449799,0.0,8.687678990331769,0.0147207931202824,0.0070379546841897,-13.980319927302336,-122000000.0,1426700000.0,-1205200000.0,2351700000.0,0.0,0.0,0.0,0.0,0.0,0.0,0.0,0.0,0.0,0.0154100165107319,0.122959999360608,1996-11-13,,amc,,2025-04-25,1996-09-30,,17.31953125,153168.75
1996-06-30,EQR,USD,906107,1996-08-13,1996-08-13 00:00:00,1996,Q2,114300000.0,0.0,114300000.0,1.0,0,2000000.0,0.0,2000000.0,-71200000.0,-69200000.0,-69200000.0,0.0,20300000.0,23400000.0,206900000.0,1.8101487314,20300000.0,0.1776027997,0.0,20300000.0,0.1776027997,-20300000.0,20300000.0,0.1776027997,0.25,0.24,81764706,84242424,https://www.sec.gov/Archives/edgar/data/906107/000095013196003874/0000950131-96-003874-index.html,https://www.sec.gov/Archives/edgar/data/906107/,1.3979136670533616,0.2482733809377361,0.5295683445617722,0.4231654670170281,0.1467625897168883,15.373381272844057,15.373381272844057,13.477697822334248,12.924892067733968,1354023531.36,2378523531.36,16.67516664236453,11.846225121259842,31.270751301616627,39.13362807398843,1.2286964894373864,1.2286964894373864,20.80947971443569,11.496005468148862,54.931259384757496,68.7434546635838,0.0149923539213608,0.0255534702304968,0.940562613430127,0.4329393091349567,4.951667472208796,0.046875,1.0,2.1330049261083746,0.0258488860713118,1.7241379310344829,0.0174978127734033,0.0,0.0,0.2009237875288683,0.0761154855643044,0.3717948717948718,0.0,8.676892077592182,0.018882842658481,0.0084791779791988,-13.760215807539256,-244000000.0,1257000000.0,-1125100000.0,1983100000.0,0.0,0.0,0.0,0.0,0.0,0.0,0.0,0.0,0.0,0.0184210526315789,0.106402877544744,1996-08-13,,amc,,2025-04-25,1996-06-30,,16.048095238095236,162374.60317460317
1996-03-31,EQR,USD,906107,1996-05-15,1996-05-15 00:00:00,1996,Q1,107600000.0,0.0,107600000.0,1.0,0,2100000.0,0.0,2100000.0,-67200000.0,-65100000.0,-65100000.0,0.0,18400000.0,21600000.0,194300000.0,1.8057620818,18400000.0,0.1710037175,0.0,18400000.0,0.1710037175,-18400000.0,18400000.0,0.1710037175,0.23,0.23,79120000,79120000,https://www.sec.gov/Archives/edgar/data/906107/000095013196002288/0000950131-96-002288-index.html,https://www.sec.gov/Archives/edgar/data/906107/,1.3599595551061678,0.2325581395348837,0.7874115267947421,0.7141051567239636,0.0,14.64231547017189,14.64231547017189,12.724974721941354,12.416582406471184,1246140000.0,2210140000.0,16.93125,11.581226765799256,20.00224719101124,22.05557522123894,1.2377234803337307,1.2377234803337307,20.540334572490707,11.374884199691198,35.47576243980738,39.11752212389381,0.0147655961609449,0.0453400099507278,0.9574890742947954,0.4347237880496054,4.961399897066392,0.0,1.0,3.385869565217391,0.0247163240085383,1.673913043478261,0.0195167286245353,0.0,0.0,0.0930979133226324,0.053903345724907,0.2685185185185185,0.0,8.159912380452983,0.0165952649379932,0.0082976324689966,-13.384732052578364,0.0,1158500000.0,-1059000000.0,2070800000.0,0.0,0.0,0.0,0.0,0.0,0.0,0.0,0.0,0.0,0.0182757250695272,0.0733063700707785,1996-05-15,,amc,,2025-04-25,1996-03-31,,15.571111111111112,277107.9365079365
1995-12-31,EQR,USD,906107,1996-08-26,1996-08-26 00:00:00,1995,Q4,125300000.0,0.0,125300000.0,1.0,0,2000000.0,0.0,2000000.0,-70400000.0,-68400000.0,-68400000.0,0.0,30400000.0,21400000.0,215100000.0,1.7166799681,30400000.0,0.2426177175,0.0,30400000.0,0.2426177175,-30400000.0,30400000.0,0.2426177175,0.45,0.45,68125000,68125000,https://www.sec.gov/Archives/edgar/data/906107/000095013196004155/0000950131-96-004155-index.html,https://www.sec.gov/Archives/edgar/data/906107/,1.839266055045872,0.4462385321100917,0.1526605504587156,3.066422018348624,0.0,15.46422018348624,15.46422018348624,12.98348623853211,15.18091743119266,1042993750.0,2046793750.0,8.577251233552632,8.323972466081404,100.28786057692308,4.992789612254668,1.1791902204635387,1.1791902204635387,16.335145650438946,9.515545095304509,196.80709134615384,9.797959550023934,0.0291468668915801,0.2002888320279963,1.1348784624081405,0.4687806472703498,4.666666666666667,0.0,1.0,0.3421052631578947,0.0076702281293631,0.2631578947368421,0.0159616919393455,0.0,0.0,0.0,0.0,0.0,0.0,11.417485117878115,0.028393966282165,0.0141969831410825,-15.967706422018347,0.0,1053500000.0,-1087800000.0,1969500000.0,0.0,0.0,0.0,0.0,0.0,0.0,0.0,0.0,0.0,0.0343697003957037,0.0,1996-08-26,,amc,,2025-04-25,1995-12-31,,14.874285714285715,127514.28571428572
1995-09-30,EQR,USD,906107,1995-09-30,1995-09-30 00:00:00,1995,Q3,100600000.0,0.0,100600000.0,1.0,0,2000000.0,0.0,2000000.0,-63200000.0,-61200000.0,-61200000.0,0.0,14500000.0,14900000.0,176700000.0,1.7564612326,14500000.0,0.1441351889,0.0,14500000.0,0.1441351889,-14500000.0,14500000.0,0.1441351889,0.21,0.21,68125000,68125000,,,1.476697247706422,0.2128440366972477,0.689908256880734,-1.5486238532110093,0.0,13.58091743119266,13.58091743119266,10.997431192660551,16.342018348623853,1025962500.0,2124762500.0,17.689008620689656,10.198434393638172,21.828989361702128,-9.724763033175355,1.3694107047517352,1.3694107047517352,21.120899602385688,12.024688737973968,45.207712765957446,-20.139928909952605,0.0141330701658199,-0.1028302691375172,1.4666310731446877,0.519699191221681,6.2184493491794,0.0,1.0,3.2413793103448274,0.0234901373100868,1.6620689655172414,0.0198807157057654,0.0,0.0,3.24468085106383,1.5159045725646123,10.23489932885906,0.0,7.257175558561832,0.0137161235397058,0.0068580617698529,-17.45467889908257,0.0,925200000.0,-1189100000.0,1967500000.0,0.0,0.0,0.0,0.0,0.0,0.0,0.0,0.0,0.0,0.0193539775760811,2.238532110091743,1995-09-30,,amc,,2025-04-25,1995-09-30,,14.79031746031746,127593.6507936508
1995-06-30,EQR,USD,906107,1995-06-30,1995-06-30 00:00:00,1995,Q2,94800000.0,0.0,94800000.0,1.0,0,1900000.0,0.0,1900000.0,-58900000.0,-57000000.0,-57000000.0,0.0,12500000.0,22400000.0,174200000.0,1.8375527426,12500000.0,0.1318565401,0.0,12500000.0,0.1318565401,-12500000.0,12500000.0,0.1318565401,0.18,0.18,68484848,68484848,,,1.3842477974106038,0.1825221251859973,0.547566375557992,0.5913716856026314,0.0,13.382522218637323,13.382522218637323,10.93088503313901,13.621991246881354,954678781.12,1875078781.12,19.0935756224,10.070451277637131,25.458100829866662,23.57231558320988,1.2752855745658562,1.2752855745658562,19.7793120371308,10.763942486337545,50.00210082986666,46.2982415091358,0.0130934092672881,0.0424226460260137,1.2294950574405556,0.4817839195979899,5.283582089552239,0.0,1.0,3.0,0.0240918730518102,1.84,0.020042194092827,0.0,0.0,0.0,0.0,0.0,0.0,6.700028973390915,0.0130862646566164,0.0065431323283082,-14.51269921778902,0.0,916500000.0,-993900000.0,1806000000.0,0.0,0.0,0.0,0.0,0.0,0.0,0.0,0.0,0.0,0.0166978359604595,0.0,1995-06-30,,amc,,2025-04-25,1995-06-30,,13.879206349206347,186869.84126984127
1995-03-31,EQR,USD,906107,1995-03-31,1995-03-31 00:00:00,1995,Q1,91700000.0,0.0,91700000.0,1.0,0,2200000.0,0.0,2200000.0,-58100000.0,-55900000.0,-55900000.0,0.0,10300000.0,17400000.0,165000000.0,1.7993456925,10300000.0,0.1123227917,0.0,10300000.0,0.1123227917,-10300000.0,10300000.0,0.1123227917,0.15,0.15,68666667,68666667,,,1.33543688672118,0.1499999992718446,0.4601941725233293,-0.2548543676948817,0.0,11.33009703237817,11.33009703237817,8.851456267711377,15.138349441075974,892666671.0,1921866671.0,21.66666677184466,9.73464199563795,28.248945284810127,-51.009524057142855,1.4686848815399802,1.4686848815399802,20.958197066521265,11.647676793939397,60.818565537974685,-109.82095262857143,0.0115384614824495,-0.0196041821303755,1.6933201711089174,0.5486725663716814,6.237575757575757,0.0,1.0,3.067961165048544,0.0246452575353292,2.1359223300970878,0.0239912758996728,0.0,0.0,1.5537974683544304,0.5354416575790621,2.82183908045977,0.0,5.46568063085542,0.0109819810214308,0.0054909905107154,-15.987378563168065,0.0,778000000.0,-1097800000.0,1811700000.0,0.0,0.0,0.0,0.0,0.0,0.0,0.0,0.0,0.0,0.0169463639355051,0.715048540218211,1995-03-31,,amc,,2025-04-25,1995-03-31,,13.505555555555556,219263.49206349207
1994-12-31,EQR,USD,906107,1994-12-31,1994-12-31 00:00:00,1994,Q4,78100000.0,0.0,78100000.0,1.0,0,2100000.0,0.0,2100000.0,-51400000.0,-49300000.0,-49300000.0,0.0,10400000.0,14300000.0,141700000.0,1.814340589,10400000.0,0.133162612,0.0,10400000.0,0.133162612,-10400000.0,10400000.0,0.133162612,0.18,0.18,57575758,57575758,,,1.356473674215457,0.1806315776163989,0.4724210491505817,9.783631506857452,0.0,13.674157793979887,13.674157793979887,10.592999921946316,17.524736712975624,863636370.0,1862236370.0,20.76048966346153,11.058084122919334,31.75133713235294,1.5331730339073315,1.4160294638465325,1.4160294638465325,23.844255697823304,13.142105645730416,68.46457242647058,3.3059406532930944,0.0120421051744265,0.6522421004571635,1.6373175930480406,0.5404557016831737,7.047282992237121,0.0,1.0,2.6153846153846154,0.023389473511867,1.9423076923076923,0.026888604353393,0.0,0.0,0.0,0.0,0.0,0.0,6.561416117791186,0.0112572387292309,0.0056286193646154,-18.417473548502823,0.0,787300000.0,-1060400000.0,1770700000.0,0.0,0.0,0.0,0.0,0.0,0.0,0.0,0.0,0.0,0.0170519757337268,0.0,1994-12-31,,amc,,2025-04-25,1994-12-31,,14.525238095238096,231904.7619047619
1994-09-30,EQR,USD,906107,1994-09-30,1994-09-30 00:00:00,1994,Q3,61500000.0,0.0,61500000.0,1.0,0,1200000.0,0.0,1200000.0,-39300000.0,-38100000.0,-38100000.0,0.0,9500000.0,10200000.0,109800000.0,1.7853658537,9500000.0,0.1544715447,0.0,9500000.0,0.1544715447,-9500000.0,9500000.0,0.1544715447,0.16,0.16,57575758,57575758,,,1.068157886866205,0.1649999987842105,0.4324736810238781,-3.984315760115568,0.0,11.956420964531636,11.956420964531636,9.413684141162328,9.748894665008145,914303037.04,1466103037.04,24.06060623789474,14.866716049430895,36.71899747148595,-3.985627885963383,1.686905972398524,1.686905972398524,23.839073773008128,13.352486676138431,58.87964004176707,-6.391033291368788,0.0103904281350258,-0.25090149622894,1.0180811808118082,0.4252138398705402,5.025500910746812,0.0,1.0,2.6210526315789475,0.0164059391605671,1.5789473684210529,0.0195121951219512,0.0,0.0,10.21285140562249,4.134959349593496,24.931372549019606,0.0,5.911708899848786,0.0146412884333821,0.007320644216691,-10.582578869391524,0.0,688400000.0,-609300000.0,1196700000.0,0.0,0.0,0.0,0.0,0.0,0.0,0.0,0.0,0.0,0.0175276752767527,4.416789441139446,1994-09-30,,amc,,2025-04-25,1994-09-30,,16.0128125,251168.75
1994-06-30,EQR,USD,906107,1994-06-30,1994-06-30 00:00:00,1994,Q2,50200000.0,0.0,50200000.0,1.0,0,1300000.0,0.0,1300000.0,-31400000.0,-30100000.0,-30100000.0,0.0,7500000.0,8400000.0,88700000.0,1.7669322709,7500000.0,0.1494023904,0.0,7500000.0,0.1494023904,-7500000.0,7500000.0,0.1494023904,0.17,0.17,42857143,42857143,,,1.1713333294288888,0.1749999994166666,0.52499999825,-2.869999990433333,0.0,9.944666633517778,9.944666633517778,7.207666642641112,11.925666626914444,637714287.84,1141314287.8400002,21.257142928,12.70347186932271,28.342857237333337,-5.184669006829268,2.06446839702169,2.06446839702169,22.73534437928287,12.867128386020294,50.72507945955556,-9.2789779499187,0.0117607526489695,-0.1928763434431003,1.6303010683068957,0.5176809210526315,5.677564825253664,0.0,1.0,3.0,0.0216397848741039,1.84,0.0258964143426294,0.0,0.0,6.466666666666667,2.898406374501992,17.321428571428573,0.0,5.327305821031748,0.0154194078947368,0.0077097039473684,-12.753999957486666,0.0,426200000.0,-546600000.0,880800000.0,12500000.0,0.0,0.0,0.0,0.0,0.0,0.0,0.0,0.0,0.0242797021689867,3.3949999886833333,1994-06-30,,amc,,2025-04-25,1994-06-30,,16.47967741935484,94590.32258064517
1994-03-31,EQR,USD,906107,1994-03-31,1994-03-31 00:00:00,1994,Q1,41300000.0,0.0,41300000.0,1.0,0,2400000.0,0.0,2400000.0,-25900000.0,-23500000.0,-23500000.0,0.0,7000000.0,6400000.0,71200000.0,1.7239709443,7000000.0,0.1694915254,0.0,7000000.0,0.1694915254,-7000000.0,7000000.0,0.1694915254,0.24,0.18,29202000,37837838,,,1.4142866926922812,0.2397096089308951,0.6643380590370522,-4.181220464351757,0.0,13.1292377234436,13.1292377234436,9.317854941442366,11.93411410177385,439782120.0,781282120.0,15.706504285714283,10.648477481840194,22.66918144329897,-3.6018191646191644,1.6162518191841238,1.6162518191841238,18.917242615012107,10.973063483146069,40.27227422680412,-6.398706961506962,0.0159169727045747,-0.2776374810326532,1.2550532892319,0.4493421052631579,4.796348314606742,0.0,1.0,2.771428571428572,0.0245576150299152,1.542857142857143,0.0581113801452784,0.0,0.0,7.293814432989691,3.4261501210653758,22.109375,0.0,7.089113886232825,0.0178343949044585,0.0092105263157894,-12.254297650845832,25000000.0,383400000.0,-351600000.0,732500000.0,12500000.0,0.0,0.0,54.47941888619855,0.0,0.0,1.652,0.0,0.0,0.0257258360896729,4.845558523388809,1994-03-31,,amc,,2025-04-25,1994-03-31,,15.383333333333333,227615.87301587305
1993-12-31,EQR,USD,906107,1993-12-31,1993-12-31 00:00:00,1993,Q4,37700000.0,0.0,37700000.0,1.0,0,2700000.0,0.0,2700000.0,-25200000.0,-22500000.0,-22500000.0,0.0,3900000.0,6500000.0,66700000.0,1.7692307692,3900000.0,0.1034482759,0.0,3900000.0,0.1034482759,-3900000.0,3900000.0,0.1034482759,0.14,0.14,28000000,28000000,,,1.3464285714285715,0.1392857142857143,0.3642857142857142,1.0535714285714286,0.0,8.20357142857143,8.20357142857143,5.232142857142857,10.096428571428572,446320000.0,725120000.0,28.610256410256408,11.838726790450927,43.75686274509804,15.12949152542373,3.0465529010238908,3.0465529010238908,19.23395225464191,10.87136431784108,71.09019607843138,24.580338983050847,0.0087381251120272,0.0660960745653342,1.9030716723549488,0.5202463146109348,4.179910044977511,0.0,1.0,2.372093023255814,0.0147427854454203,1.6871794871794872,0.0716180371352785,0.0,0.0,0.0,0.0,0.0,0.0,4.049340932768679,0.0145549542825153,0.0072774771412576,-10.935714285714283,0.0,229700000.0,-306200000.0,0.0,0.0,0.0,0.0,0.0,0.0,0.0,0.0,0.0,0.0,0.0266211604095563,0.0,1993-12-31,,amc,,2025-04-25,1993-12-31,,16.41234375,166918.75
1993-09-30,EQR,USD,906107,1993-09-30,1993-09-30 00:00:00,1993,Q3,29500000.0,0.0,29500000.0,1.0,0,800000.0,0.0,800000.0,-21800000.0,-21000000.0,-21000000.0,0.0,21000000.0,-18900000.0,50500000.0,1.7118644068,21000000.0,0.7118644068,-18900000.0,2100000.0,0.0711864407,-2100000.0,2100000.0,0.0711864407,0.075,0.075,28000000,28000000,,,1.0535714285714286,0.075,,,0.0,8.353571428571428,8.353571428571428,5.328571428571428,10.010714285714286,435680000.0,694980000.0,51.86666666666667,14.768813559322034,0.0,0.0,2.9201072386058984,2.9201072386058984,23.55864406779661,13.761980198019804,0.0,0.0,0.0048200514138817,,1.7379356568364612,0.503495145631068,5.134653465346535,0.0,1.0,0.0,0.0067480719794344,1.4,0.0271186440677966,0.0,0.0,0.0,,0.0,,2.9986604152044767,0.0815533980582524,0.0040776699029126,-10.039285714285716,0.0,233900000.0,-281100000.0,397400000.0,,,,0.0,0.0,0.0,0.0,0.0,0.0,0.0140750670241286,,1993-09-30,,amc,,2025-04-25,1993-09-30,,14.604285714285716,651217.2
1993-06-30,EQR,USD,906107,1993-06-30,1993-06-30 00:00:00,1993,Q2,23400000.0,0.0,23400000.0,1.0,0,0.0,0.0,0.0,0.0,0.0,0.0,0.0,0.0,0.0,23400000.0,1.0,23400000.0,1.0,-23400000.0,0.0,0.0,0.0,0.0,0.0,0.0,0.0,29202000,29202000,,,0.8013149784261352,0.0,,,,,,,,417880620.0,,0.0,17.858146153846153,0.0,0.0,0.0,0.0,,,0.0,0.0,0.0,,0.0,0.0,,0.0,0.0,0.0,,0.0,0.0,0.0,0.0,0.0,,0.0,,,0.0,0.0,,,,,,,,,,0.0,0.0,0.0,0.0,0.0,0.0,,1993-12-31,,amc,,2025-04-25,1993-06-30,,,
1993-03-31,EQR,USD,906107,1993-03-31,1993-03-31 00:00:00,1993,Q1,23400000.0,0.0,23400000.0,1.0,0,0.0,0.0,0.0,0.0,0.0,0.0,0.0,0.0,0.0,23400000.0,1.0,23400000.0,1.0,-23400000.0,0.0,0.0,0.0,0.0,0.0,0.0,0.0,29202000,29202000,,,0.8013149784261352,0.0,,,,,,,,417880620.0,,0.0,17.858146153846153,0.0,0.0,0.0,0.0,,,0.0,0.0,0.0,,0.0,0.0,,0.0,0.0,0.0,,0.0,0.0,0.0,0.0,0.0,,0.0,,,0.0,0.0,,,,,,,,,,0.0,0.0,0.0,0.0,0.0,0.0,,1993-12-31,,amc,,2025-04-25,1993-03-31,,,
