date,symbol,reportedCurrency,cik,fillingDate,acceptedDate,calendarYear,period,revenue,costOfRevenue,grossProfit,grossProfitRatio,researchAndDevelopmentExpenses,generalAndAdministrativeExpenses,sellingAndMarketingExpenses,sellingGeneralAndAdministrativeExpenses,otherExpenses,operatingExpenses,costAndExpenses,interestIncome,interestExpense,depreciationAndAmortization,ebitda,ebitdaratio,operatingIncome,operatingIncomeRatio,totalOtherIncomeExpensesNet,incomeBeforeTax,incomeBeforeTaxRatio,incomeTaxExpense,netIncome,netIncomeRatio,eps,epsdiluted,weightedAverageShsOut,weightedAverageShsOutDil,link,finalLink,revenuePerShare,netIncomePerShare,operatingCashFlowPerShare,freeCashFlowPerShare,cashPerShare,bookValuePerShare,tangibleBookValuePerShare,shareholdersEquityPerShare,interestDebtPerShare,marketCap,enterpriseValue,peRatio,priceToSalesRatio,pocfratio,pfcfRatio,pbRatio,ptbRatio,evToSales,enterpriseValueOverEBITDA,evToOperatingCashFlow,evToFreeCashFlow,earningsYield,freeCashFlowYield,debtToEquity,debtToAssets,netDebtToEBITDA,currentRatio,interestCoverage,incomeQuality,dividendYield,payoutRatio,salesGeneralAndAdministrativeToRevenue,researchAndDdevelopementToRevenue,intangiblesToTotalAssets,capexToOperatingCashFlow,capexToRevenue,capexToDepreciation,stockBasedCompensationToRevenue,grahamNumber,roic,returnOnTangibleAssets,grahamNetNet,workingCapital,tangibleAssetValue,netCurrentAssetValue,investedCapital,averageReceivables,averagePayables,averageInventory,daysSalesOutstanding,daysPayablesOutstanding,daysOfInventoryOnHand,receivablesTurnover,payablesTurnover,inventoryTurnover,roe,capexPerShare,report_date,epsEstimated,time,revenueEstimated,updatedFromDate,fiscalDateEnding,surprise(%),QuarterAvgPrice,QuarterAvgVolume
2025-03-31,ERIE,USD,922621,2025-04-24,2025-04-24 16:32:18,2025,Q1,989399000.0,0.0,989399000.0,1.0,0,17645000.0,0.0,17645000.0,820378000.0,838023000.0,838023000.0,0.0,0.0,0.0,151878000.0,0.1535053098,151376000.0,0.1529979311,23370000.0,174746000.0,0.1766183309,36329000.0,138417000.0,0.1399000808,2.97,2.65,52289703,58405184,https://www.sec.gov/Archives/edgar/data/922621/000092262125000016/0000922621-25-000016-index.htm,https://www.sec.gov/Archives/edgar/data/922621/000092262125000016/erie-20250331.htm,18.92148823258759,2.647117731764512,2.2589151060965103,1.6914228791852193,5.992671253076346,39.53648388479085,39.53648388479085,39.53648388479085,0.0,21912000042.15,21651621042.15,39.576063709930864,22.146778036110813,185.50940620523545,247.74998916998328,10.599071005431588,10.599071005431588,21.883609183100045,142.55929787164698,183.30500890761783,244.80599070767943,0.0063169496044971,0.0040363271189242,0.0,0.0,-1.7143957650219257,1.381880385231401,0.0,0.0,0.0029011044120901,0.4592571721681585,0.0178340588579531,0.0,0.0,0.2512233529182682,0.029991944604755,0.0,0.0,48.52626989290094,0.0556164351123373,0.0466328732159389,-0.9102843823763924,310198000.0,2067351000.0,221612000.0,823286000.0,713479000.0,200368000.0,0.0,65.4850267687758,0.0,0.0,1.374359978774771,0.0,0.0,0.0669537973957978,0.5674922269112908,2025-04-24,3.19,amc,766984000.0,2025-05-11,2025-03-31,-0.1692789968652037,408.1279166666666,156113.2
2024-12-31,ERIE,USD,922621,2025-02-27,2025-02-27 16:25:43,2024,Q4,338709000.0,134000.0,338575000.0,0.9996043802,0,201987000.0,0.0,201987000.0,-55220000.0,146901000.0,146901000.0,0.0,0.0,0.0,0.0,0.0,191808000.0,0.5662914183,0.0,191808000.0,0.5662914183,39779000.0,152029000.0,0.4488484215,3.26,2.91,46191602,52313436,https://www.sec.gov/Archives/edgar/data/922621/000092262125000004/0000922621-25-000004-index.htm,https://www.sec.gov/Archives/edgar/data/922621/000092262125000004/erie-20241231.htm,7.332696536482974,3.2912692657855858,4.1881639220912925,3.178391604603798,6.915586084241027,43.022062755043656,43.022062755043656,43.022062755043656,0.0,19041564092.46,18766726092.46,31.31238792016655,56.21806356624713,98.42737955542091,129.6976745731703,9.581827871599964,9.581827871599964,55.40663546720045,0.0,97.00671978131317,127.82567239355652,0.007984060514241,0.0077102384702806,0.0,0.0,0.0,0.0,0.0,0.0,0.0031182312393923,0.3905570647705372,0.5963437641160997,0.0,0.0,0.2411014264537965,0.1377081801782651,0.0,0.0,56.44410367937836,0.0,0.0526304310648636,-1.1174975052824536,0.0,1987258000.0,-901356000.0,513494000.0,722016500.0,192338500.0,0.0,187.87631860978007,127630.74626865672,0.0,0.4790385540123893,0.0007051592396909,0.0,0.0765018935638955,1.009772295838538,2025-02-27,2.76,amc,925117000.0,2025-05-11,2024-12-31,0.0543478260869566,447.62609375,145064.5
2024-09-30,ERIE,USD,922621,2024-10-31,2024-10-31 16:25:35,2024,Q3,999886000.0,819761000.0,180125000.0,0.1801455366,0,17154000.0,0.0,17154000.0,802607000.0,819761000.0,817125000.0,0.0,0.0,0.0,183050000.0,0.1830708701,180125000.0,0.1801455366,20717000.0,200842000.0,0.2008648986,41012000.0,159830000.0,0.1598482227,3.43,3.06,46191601,52309056,https://www.sec.gov/Archives/edgar/data/922621/000092262124000023/0000922621-24-000023-index.htm,https://www.sec.gov/Archives/edgar/data/922621/000092262124000023/erie-20240930.htm,21.646489369355265,3.4601528533293315,4.311844484455086,3.711865280443516,5.840628905674865,42.17119471568002,42.17119471568002,42.17119471568002,0.0,24935150051.820004,24713937051.820004,39.00261223146468,24.937992983020067,125.194682216889,145.4309246739416,12.800680740479118,12.800680740479118,24.716754761862852,135.01194783840484,124.08401349503694,144.14072946464714,0.0064098270781544,0.0068761166322913,0.0,0.0,-1.2084840207593557,0.7135148420538622,0.0,-0.6904751174359952,0.0023812970796887,0.3715072264280798,0.0171559557789588,0.0,0.0,0.1391467633340195,0.0277171597562122,0.0,-0.0158878112104779,57.29897506748928,0.1080869636388762,0.0558037000195869,-2.02794984308944,-440603000.0,1947955000.0,181166000.0,40104000.0,727674000.0,196669000.0,0.0,66.33513220507137,21.37014324906893,0.0,1.356747126421185,4.211483233923627,0.0,0.0820501500291331,0.5999792040115691,2024-10-31,3.02,amc,985103000.0,2025-04-25,2024-09-30,0.0132450331125827,455.2190625,171498.359375
2024-06-30,ERIE,USD,922621,2024-07-25,2024-07-25 16:25:44,2024,Q2,988179000.0,800230000.0,187949000.0,0.1901973225,0,206028000.0,-188977000.0,17051000.0,-9402000.0,-464000.0,800230000.0,0.0,0.0,1795000.0,190208000.0,0.1924833456,188413000.0,0.1906668731,18914000.0,207327000.0,0.2098071301,43424000.0,163903000.0,0.1658636745,3.52,3.13,52365175,52686599,https://www.sec.gov/Archives/edgar/data/922621/000092262124000019/0000922621-24-000019-index.htm,https://www.sec.gov/Archives/edgar/data/922621/000092262124000019/erie-20240630.htm,18.87091946126409,3.1300000429674872,2.509816858245962,1.9743082879031724,4.170099689345066,34.92422206170418,34.92422206170418,34.92422206170418,0.1211683146289494,19076633252.5,18912344252.5,29.09744369001788,19.30483571549284,145.15003308034144,184.52032148783985,10.43115575649342,10.43115575649342,19.13858142350728,99.4298044903474,143.89999312470036,182.9312224735815,0.0085918200465755,0.0054194572821937,0.0034694635263419,0.0023570186778406,-0.8637333866083445,1.321130378933847,0.0,0.8018584101572271,0.0031125513194115,0.362269146995479,0.2084925909172326,0.0,0.0,0.2133655962120842,0.0283774498344935,0.0,0.0,49.59373319744294,0.0773353721875382,0.0608861201503737,-2.0242031082680425,248000000.0,1828813000.0,157125000.0,717145000.0,684765500.0,205875500.0,0.0,65.42716451169272,22.34608799970009,0.0,1.3755754306594743,4.027550594144618,0.0,0.0896226131375925,0.5355085703427899,2024-07-25,2.58,amc,933959000.0,2025-04-25,2024-06-30,0.2131782945736433,379.9369841269841,69538.12698412698
2024-03-31,ERIE,USD,922621,2024-04-25,2024-04-25 16:25:40,2024,Q1,880506000.0,741889000.0,138617000.0,0.1574287966,0,16934000.0,0.0,16934000.0,-18982000.0,-2048000.0,739841000.0,0.0,0.0,0.0,140665000.0,0.1597547319,140665000.0,0.1597547319,16637000.0,157302000.0,0.1786495492,32750000.0,124552000.0,0.141455027,2.67,2.36,46570314,52683103,https://www.sec.gov/Archives/edgar/data/922621/000092262124000010/0000922621-24-000010-index.htm,https://www.sec.gov/Archives/edgar/data/922621/000092262124000010/erie-20240331.htm,18.907023044766245,2.674493455208397,1.8722871398290333,1.390306279661331,4.757644537247484,37.06610180897642,37.06610180897642,37.06610180897642,0.0,18716143493.46,18571271493.46,37.5669268527603,21.25612260843197,214.65190432098908,289.0658021755448,10.842521343927054,10.842521343927054,21.091589941987905,132.0248213376462,212.99039479614189,286.8282931017653,0.0066547897564218,0.0034594199399371,0.0,0.0,-1.0299079372978353,1.2945021140428528,0.0,0.7000529899158584,0.0031725018575941,0.4767245808979382,0.0192321233472571,0.0,0.0,0.2574289220464945,0.0254921601897091,0.0,0.0,47.22810128206935,0.0609200538247656,0.0487331921117273,-2.569920400364919,214255000.0,1726180000.0,112157000.0,676169000.0,642976000.0,191974500.0,0.0,66.55722959298403,25.84696632515107,0.0,1.3522197445773363,3.4820333987290084,0.0,0.0721546999733515,0.4819808601677025,2024-04-25,2.29,amc,835614000.0,2025-04-25,2024-03-31,0.039301310043668,367.8844262295082,120811.18032786885
2023-12-31,ERIE,USD,922621,2024-02-26,2024-02-26 16:25:53,2023,Q4,817667000.0,690583000.0,127084000.0,0.1554226843,0,46976000.0,-38836000.0,8140000.0,-8140000.0,-12840000.0,688097000.0,0.0,0.0,0.0,130492000.0,0.159590639,139924000.0,0.1711258984,0.0,139924000.0,0.1711258984,28996000.0,110928000.0,0.1356640295,2.38,2.11,52349542,52682976,https://www.sec.gov/Archives/edgar/data/922621/000092262124000006/0000922621-24-000006-index.htm,https://www.sec.gov/Archives/edgar/data/922621/000092262124000006/erie-20231231.htm,15.619372562992051,2.1189870199819514,2.83547848422437,2.4430013160382567,4.318509606063029,31.76407923492435,31.76407923492435,31.76407923492435,0.0,17532908606.64,17388853606.64,39.51416370672869,21.442602681336044,118.11763053868334,137.09366335632183,10.543985787309024,10.543985787309024,21.266424603952466,133.2560903342434,117.1471449421973,135.96726567081086,0.00632684527643,0.0072942831602718,0.0,0.0,-1.1039374145843226,4.3856773080241584,0.0,1.3381292369825473,0.0031608560361178,0.4995943314582431,0.0574512607210514,0.0,0.0,0.138416556630467,0.0251275886149251,0.3833781161367368,0.0149204994209134,38.91558313851747,0.0490860745344748,0.0448744399190279,-2.0431888401239497,718092000.0,1662835000.0,121060000.0,1160702000.0,627739500.0,168342000.0,4484000.0,69.8715247160519,22.27079149066803,0.0,1.2880783747849702,4.041167555168035,0.0,0.0667101666731816,0.3924771681861133,2024-02-26,2.03,amc,772570000.0,2025-04-25,2023-12-31,0.0443349753694582,300.3852380952381,110740.11111111112
2023-09-30,ERIE,USD,922621,2023-10-26,2023-10-26 16:25:35,2023,Q3,858938000.0,710467000.0,148471000.0,0.1728541525,0,16151000.0,0.0,16151000.0,0.0,710467000.0,710467000.0,0.0,0.0,2227000.0,148471000.0,0.1728541525,148471000.0,0.1728541525,15303000.0,163774000.0,0.1906703394,32734000.0,131040000.0,0.1525604875,2.81,2.51,52289855,52680669,https://www.sec.gov/Archives/edgar/data/922621/000092262123000022/0000922621-23-000022-index.htm,https://www.sec.gov/Archives/edgar/data/922621/000092262123000022/erie-20230930.htm,16.426475078196333,2.5060310456014845,1.0090293805557502,0.4908026614340391,3.302648286173293,30.826036905246724,30.826036905246724,30.826036905246724,0.0,15362236500.45,15259363500.45,29.3082961318109,17.885151780978372,291.16099655907664,598.5908860836191,9.53057964937412,9.53057964937412,17.765384114394752,102.77672744475352,289.21124105322014,594.582430659679,0.0085300079839391,0.0016705900862317,0.0,0.0,-0.6928827851903738,1.2833151959207711,0.0,0.4026404182130679,0.0036074825432076,0.4229166666666666,0.0188034526356966,0.0,0.0,0.5135893256510368,0.0315482607592166,0.0,0.0,41.69109765515441,0.0693237399619319,0.0547242925494529,-2.676785965461178,192913000.0,1611889000.0,91166000.0,627888000.0,605845500.0,165257500.0,8929000.0,65.03550896572278,21.0027066704013,1.1360415050945365,1.3838593936034982,4.285161975186523,79.22245762711864,0.0812959205007292,0.518226719121711,2023-10-26,2.06,amc,772570000.0,2025-04-25,2023-09-30,0.2184466019417474,258.60603174603176,210372.0158730159
2023-06-30,ERIE,USD,922621,2023-07-27,2023-07-27 16:25:50,2023,Q2,851497000.0,705712000.0,145785000.0,0.1712102333,0,15636000.0,168830000.0,184466000.0,0.0,0.0,702407000.0,0.0,0.0,21418501.0,153839500.0,0.1806694563,134158000.0,0.157555457,14932000.0,149090000.0,0.1750916327,31238000.0,117852000.0,0.138405655,2.53,2.25,46570326,52681274,https://www.sec.gov/Archives/edgar/data/922621/000092262123000017/0000922621-23-000017-index.htm,https://www.sec.gov/Archives/edgar/data/922621/000092262123000017/erie-20230630.htm,18.28411078762901,2.530624329320778,2.8339075831249283,2.278596890217174,4.434282895077866,33.17374243847896,33.17374243847896,33.17374243847896,0.0,9780234163.26,9637238163.26,20.74685657277772,11.485929091071371,74.1061569017094,92.16636821618056,6.3306092277488935,6.3306092277488935,11.317994265699117,62.64475744694958,73.02265687140087,90.81881132035998,0.0120500182339925,0.0108499447179523,0.0,0.0,-0.9295142014892144,1.5652065534729247,0.0,1.1198452296100194,0.0056663264984166,0.4702338526287207,0.0183629537156325,0.0,0.0,0.1959522943565496,0.0303712168099241,0.0,0.0,43.46126198653591,0.0610791177951538,0.0506778940198519,-2.7140029039092406,315175000.0,1544912000.0,92204000.0,738078000.0,562157000.0,166430000.0,4445000.0,62.46730170511464,21.00661459632258,1.1337486113315347,1.440753763062429,4.284364793161646,79.38267716535434,0.0762839566266557,0.5553106929077541,2023-07-27,1.91,amc,839870000.0,2025-04-25,2023-06-30,0.1780104712041885,223.17935483870968,133057.5483870968
2023-03-31,ERIE,USD,922621,2023-04-27,2023-04-27 16:32:16,2023,Q1,747733000.0,641922000.0,105811000.0,0.1415090681,0,15189000.0,0.0,15189000.0,0.0,641922000.0,641922000.0,0.0,0.0,1395000.0,110543000.0,0.1478375302,110543000.0,0.1478375302,-1395000.0,109148000.0,0.145971891,22907000.0,86241000.0,0.1153366242,1.85,1.65,52289646,58397421,https://www.sec.gov/Archives/edgar/data/922621/000092262123000011/0000922621-23-000011-index.htm,https://www.sec.gov/Archives/edgar/data/922621/000092262123000011/erie-20230331.htm,14.299829071323222,1.649294011284758,0.918556610614652,0.5524803132153543,3.4394189625992118,28.437121184564912,28.437121184564912,28.437121184564912,0.0,12113419392.36,11991043392.36,35.115024734059205,16.2001936417946,252.20002482480064,419.30905854685176,8.146394232259357,8.146394232259357,16.03653094401344,108.47401818622616,249.6521703141721,415.0729825317595,0.0071194596015054,0.002384875736922,0.0,0.0,-1.1070443175958675,1.282083104413573,0.0,0.5569392748228801,0.0045750087737367,0.6426061849932166,0.0203134006389981,0.0,0.0,0.3985342799442027,0.0256000470756272,0.0,0.0,32.48501820112375,0.0541696699231916,0.0387779685777994,-3.0058818910344125,172513000.0,1486967000.0,47079000.0,589852000.0,529121500.0,165666500.0,-4862500.0,64.1907472319665,23.574172563021676,0.0,1.4020712311505965,3.817737388635796,0.0,0.0579979246345076,0.3660762973992977,2023-04-27,1.48,amc,705000000.0,2025-04-25,2023-03-31,0.1148648648648648,239.1256451612903,96985.67741935483
2022-12-31,ERIE,USD,922621,2023-03-01,2023-03-01 16:25:32,2022,Q4,700923000.0,619205000.0,81718000.0,0.1165862727,0,29133000.0,146480000.0,175613000.0,-1508000.0,29133000.0,618962000.0,0.0,0.0,-2247000.0,79714000.0,0.1137271854,79714000.0,0.1137271854,2247000.0,81961000.0,0.1169329584,16471000.0,65490000.0,0.0934339435,1.41,1.24,52433988,52680203,https://www.sec.gov/Archives/edgar/data/922621/000092262123000007/0000922621-23-000007-index.htm,https://www.sec.gov/Archives/edgar/data/922621/000092262123000007/erie-20221231.htm,13.367722478023223,1.2489990271195852,2.442003839189192,2.1307744129628285,3.172694016712976,27.62345675480568,27.62345675480568,27.62345675480568,0.0,13041381495.36,12899291495.36,49.78386583967018,18.606011638025866,101.85078172628158,116.72751394370106,9.003941910953268,9.003941910953268,18.40329322245097,161.8196489369496,100.7410850595108,115.455730546968,0.0050217072495962,0.0085669604895578,0.0,0.0,-1.7824974283061947,1.0992273752494728,0.0,1.955168728050084,0.003963767183591,0.7893266147503436,0.0415637666334247,0.0,0.0,0.1274483771203649,0.0232821579545827,0.3534852488844604,-0.0020872478146672,27.861937993968137,0.0416042725682765,0.0292437091865167,-4.498050958855161,70302000.0,1448408000.0,-12252000.0,484176000.0,534645000.0,156105500.0,-25166500.0,67.40302429796141,23.719430560153743,-1.4135060278906015,1.335251658770481,3.7943575319717375,-63.67146529562982,0.0452151603691777,0.3112294262263629,2023-03-01,1.31,amc,675644800.0,2025-04-25,2022-12-31,-0.0458015267175572,257.27492063492065,104672.88888888888
2022-09-30,ERIE,USD,922621,2022-10-27,2022-10-27 16:24:40,2022,Q3,740665000.0,634764000.0,105901000.0,0.1429809698,0,14657000.0,0.0,14657000.0,0.0,-562000.0,634764000.0,0.0,115000.0,9000.0,106472000.0,0.1437518986,106463000.0,0.1437397474,-115000.0,106348000.0,0.1435844815,22035000.0,84313000.0,0.1138341895,1.81,1.61,46189025,52296411,https://www.sec.gov/Archives/edgar/data/922621/000092262122000038/0000922621-22-000038-index.htm,https://www.sec.gov/Archives/edgar/data/922621/000092262122000038/erie-20220930.htm,16.03551926025717,1.8253903389387416,2.8542278171059032,2.359218450703387,2.6719334300734863,29.37015882019592,30.379251348128697,29.37015882019592,0.0024897689440294,10268282147.75,10170618147.75,30.446912539436383,13.863598452404258,77.88796628904532,94.2303583348628,7.569247458312417,7.569247458312417,13.731738569731254,95.52387620923813,77.14715587595006,93.33411166146648,0.0082110131750202,0.0106122911731518,0.0,0.0,-0.9172740250957998,0.7273082290108522,925.7652173913044,1.5636260125959225,0.00503424031948,0.6131082988388504,0.0197889734225324,0.0,-0.0214023451706163,0.1734302228560159,0.0308695564121431,0.0,0.0,34.731399247343134,0.0714295635484032,0.0379043689401135,-6.70718314577976,-271631000.0,1403188000.0,-96694000.0,90510000.0,541318000.0,145440500.0,-41071000.0,66.1456528930083,21.12879747433692,-5.757604401005729,1.360633632955086,4.259589316870219,-15.631501182033096,0.0621511906051914,0.4950093664025166,2022-10-27,1.71,amc,718962000.0,2025-04-25,2022-09-30,-0.0584795321637426,210.60546875,60131.046875
2022-06-30,ERIE,USD,922621,2022-07-28,2022-07-28 16:31:01,2022,Q2,724049000.0,622143000.0,101906000.0,0.1407446181,0,14476000.0,0.0,14476000.0,0.0,-337000.0,622143000.0,0.0,895000.0,1757000.0,104000000.0,0.1436366876,102243000.0,0.1412100562,-895000.0,101348000.0,0.139973952,21201000.0,80147000.0,0.1106927846,1.37,1.53,52289645,58396939,https://www.sec.gov/Archives/edgar/data/922621/000092262122000032/0000922621-22-000032-index.htm,https://www.sec.gov/Archives/edgar/data/922621/000092262122000032/erie-20220630.htm,13.84689071803796,1.5327508916918446,1.5819766992107136,1.341718804937383,2.820328958056609,25.615128961001744,28.50497455088861,25.615128961001744,0.7820860133971076,10049546872.55,9999222872.55,31.347233435281417,13.8796502343764,121.48725078940052,143.24163848100002,7.502987796493371,7.502987796493371,13.810146651055383,96.14637377451922,120.87889257322809,142.52434323313094,0.0079751854502931,0.0069812102863696,0.0298639844826736,0.018346755513888,-0.4838846153846153,1.0892551153378784,114.23798882681564,1.0321159868741188,0.0051438140102811,0.6449773541118196,0.0199931220124604,0.0,-0.0693089969737026,0.1518719551262678,0.0173510356343286,0.0,0.0,29.72181462335338,0.0552082699255863,0.0343782157059636,-5.9361036013918245,60891000.0,1490515000.0,-97712000.0,312257000.0,508518500.0,164123500.0,-17639500.0,66.90910421808469,20.521793221172626,-6.008361421731017,1.3451084280945154,4.385581660921607,-14.979125535705688,0.0598377191083211,0.2402578942733308,2022-07-28,1.56,amc,707475000.0,2025-04-25,2022-06-30,-0.0192307692307692,173.91129032258064,77183.2258064516
2022-03-31,ERIE,USD,922621,2022-04-28,2022-04-28 16:34:20,2022,Q1,675119000.0,587798000.0,87321000.0,0.129341642,0,14313000.0,0.0,14313000.0,-1507000.0,-473000.0,587798000.0,0.0,999000.0,7327500.0,95121500.0,0.1408959013,87794000.0,0.1300422592,-999000.0,86795000.0,0.1285625201,18176000.0,68619000.0,0.101639859,1.17,1.31,52289561,58401301,https://www.sec.gov/Archives/edgar/data/922621/000092262122000027/0000922621-22-000027-index.htm,https://www.sec.gov/Archives/edgar/data/922621/000092262122000027/erie-20220331.htm,12.911162134254674,1.3122886994595346,0.4504340742122505,0.1548110147644957,3.5850367915691623,25.515609128942582,28.02125265499934,25.515609128942582,1.8035722273514592,9209760378.93,9161764378.93,33.553973312530054,13.641684471819042,391.0228157317539,1137.7097441544165,6.902833442459901,6.902833442459901,13.570591820005069,96.31644138212708,388.98502861334015,1131.780652122298,0.0074506824473941,0.0008789588074972,0.0699362914105831,0.0419582589316829,-0.504575726833576,1.1625847940186176,87.88188188188188,0.3432431250819743,0.0056128496153127,0.7533336247977965,0.0212007068383499,0.0,-0.0589153149960901,0.6563070521801894,0.022896704136604,0.0,0.0,27.447887426796665,0.0461290082313001,0.0291391634025118,-6.502253862869493,105074000.0,1465219000.0,-138307000.0,370127000.0,478938500.0,161337500.0,3127500.0,63.82261497602645,28.538273352410183,0.9577269742326444,1.4101584529842048,3.1536596096273324,93.97250199840128,0.0514308199670214,0.2956230594477548,2022-04-28,1.43,amc,650626000.0,2025-04-25,2022-03-31,-0.0839160839160838,179.61951612903226,76158.83870967742
2021-12-31,ERIE,USD,922621,2022-02-24,2022-02-24 16:30:25,2021,Q4,648259000.0,607933000.0,40326000.0,0.062206618,0,43985000.0,0.0,43985000.0,-1020000.0,43985000.0,578432000.0,0.0,1050000.0,9302500.0,70877000.0,0.1093343864,70877000.0,0.1093343864,-1050000.0,69827000.0,0.1077146634,14785000.0,55042000.0,0.0849074213,1.18,1.05,52201754,52308170,https://www.sec.gov/Archives/edgar/data/922621/000092262122000013/0000922621-22-000013-index.htm,https://www.sec.gov/Archives/edgar/data/922621/000092262122000013/erie-20211231.htm,12.418337514099624,1.0544090146855984,2.6580716042606536,-1.0662668537919242,4.254607996505252,25.717105214510607,25.717105214510607,25.717105214510607,1.8176017610442745,10057189925.64,9967319925.64,45.67961704534719,15.514153950257535,72.48111739773415,-180.68647573058337,7.49151190979666,7.49151190979666,15.375521089009176,140.62841155297204,71.83343369396638,-179.07188023283803,0.0054729005226076,-0.005534448530011,0.0698946276959473,0.0418508539256584,-1.267971274179212,1.2106114956813128,67.50190476190477,2.520911304095055,0.0047926906378804,0.8757130918207914,0.0678509669746197,0.0,0.0,0.7978249589206953,0.1707697077865483,2.254781351202721,0.0061703732613045,24.700563157961703,0.0346308514149824,0.024549777280417,-6.094407287540568,132867000.0,1342478000.0,-135849000.0,507669000.0,491268000.0,142285500.0,-1106500.5,66.51827433171,20.17658195886717,0.0,1.3530116483658683,4.46061677758293,0.0,0.0410002994462479,2.1206758684775227,2022-02-24,1.19,amc,631875000.0,2025-04-25,2021-12-31,-0.1176470588235293,200.93671875,90431.515625
2021-09-30,ERIE,USD,922621,2021-10-28,2021-10-28 16:27:11,2021,Q3,708437000.0,592736000.0,115701000.0,0.1633186861,0,14471000.0,0.0,14471000.0,0.0,20598000.0,592736000.0,0.0,1034000.0,5298750.0,96713000.0,0.1365160205,95103000.0,0.1342434119,19023000.0,114126000.0,0.161095482,23903000.0,90223000.0,0.1273550083,1.94,1.72,52455263,52305245,https://www.sec.gov/Archives/edgar/data/922621/000092262121000048/0000922621-21-000048-index.htm,https://www.sec.gov/Archives/edgar/data/922621/000092262121000048/erie-20210930.htm,13.505546621699333,1.719999001816081,2.598747812969692,2.4100155593538823,5.082864611697781,24.532447773639035,7.570870438682197,24.532447773639035,1.8183494762003192,9359068024.46,9217420024.46,25.933154584917368,13.210868467429,68.65614243504159,74.03271705342593,7.2728168687561,7.2728168687561,13.010924082818937,95.30693934072978,67.61704268299124,72.9122437031119,0.0096401692737141,0.0135075415275971,0.0733166725725333,0.042184463805544,-1.464622129393153,1.3530898002972669,91.97582205029012,1.5109007680968267,0.0051500854437673,0.534231847755007,0.0204266575574115,0.0,0.3978094911913753,0.0726243049340512,0.0139744253899782,0.0,0.0,30.812419214696472,0.0462851765430469,0.0669889533528259,-5.845471606919595,216890000.0,397132000.0,-118549000.0,1384553000.0,503713000.0,149314000.0,-2186500.5,63.95370371677369,22.51488014900394,-0.3360182104680667,1.4072679887090718,3.997356388502987,-267.84262637025466,0.0701111857115326,0.1887322536158097,2021-10-28,1.62,amc,683970000.0,2025-04-25,2021-09-30,0.0617283950617283,180.86265625,68284.015625
2021-06-30,ERIE,USD,922621,2021-07-29,2021-07-29 16:26:35,2021,Q2,696448000.0,6151000.0,690297000.0,0.9911680413,0,14667000.0,0.0,14667000.0,580298000.0,594965000.0,594965000.0,0.0,1039000.0,5298750.0,85065000.0,0.122141208,85065000.0,0.122141208,14831000.0,99896000.0,0.1434364087,20867000.0,79029000.0,0.1134743728,1.7,1.51,52337086,58403170,https://www.sec.gov/Archives/edgar/data/922621/000092262121000036/0000922621-21-000036-index.htm,https://www.sec.gov/Archives/edgar/data/922621/000092262121000036/erie-20210630.htm,13.306969363942043,1.5100000026749674,1.800596999229189,1.4748050741686307,3.3798977650379696,23.79005204836968,24.53587117937747,23.79005204836968,1.832314470087234,10119375578.1,10058196578.1,32.01158934726493,14.529980096288597,107.38105199707124,131.10207130864006,8.127346657623232,8.127346657623232,14.442135777689074,118.24130462704991,106.73185528237018,130.30946374519027,0.007809671593871,0.0076276445522039,0.0761857261493435,0.0438422402206647,-0.7192029624404866,1.261797955938979,81.87199230028874,1.192448341747966,0.0047631397439494,0.6099026939477913,0.0210597201801139,0.0,-0.0180408606961219,0.1809355037246121,0.0244828041720272,0.0,0.0,28.43003728058066,0.0427589255480137,0.0358785986875975,-6.968638834802534,154948000.0,1284136000.0,-171733000.0,396316000.0,492747000.0,159236500.0,-1080000.0,65.13217067175152,2199.8276702975127,-31.604617135425137,1.3818056280294355,0.0409122956380615,-2.847685185185185,0.0634719083255829,0.3257919250605584,2021-07-29,1.48,amc,667240000.0,2025-04-25,2021-06-30,0.0202702702702702,206.29761904761904,68157.98412698413
2021-03-31,ERIE,USD,922621,2021-04-29,2021-04-29 16:26:12,2021,Q1,648165000.0,9046000.0,639119000.0,0.9860436772,0,14847000.0,0.0,14847000.0,539235000.0,554082000.0,554082000.0,0.0,1009000.0,5298750.0,80372750.0,0.1240004474,76095000.0,0.1174006619,16460000.0,92555000.0,0.1427954302,18989000.0,73566000.0,0.1134988776,1.58,1.41,52289690,58416758,https://www.sec.gov/Archives/edgar/data/922621/000092262121000022/0000922621-21-000022-index.htm,https://www.sec.gov/Archives/edgar/data/922621/000092262121000022/erie-20210331.htm,12.395655816662902,1.406893022314724,0.640317431600761,0.4271587764241861,2.907628635778869,23.104612018162666,6.1792678441964375,23.104612018162666,1.8430593105447748,11551315417.9,11511487417.9,39.25493916313243,17.821566141183187,345.0007591511857,517.1613278071275,9.56129450805499,9.56129450805499,17.760118824527705,143.22624792482526,343.8112244758378,515.3781974346347,0.0063686253330076,0.0019336325943786,0.0789350179160738,0.0454309422428109,-0.4955410882419725,1.2283476830463391,75.41625371655104,0.4551287279449745,0.0041726849502619,0.6551939754778022,0.0229062044386845,0.0,0.4216196671141605,0.3328952870198913,0.0171962386120818,0.0,0.0,27.044013056718192,0.0395388459761958,0.0605941797760768,-7.2254253180693935,130487000.0,323112000.0,-189038000.0,1297776000.0,488059000.0,159040500.0,0.0,66.85533776121821,1672.7205394649568,0.0,1.3461901923440385,0.0538045644066687,0.0,0.0608923024203461,0.2131586551765749,2021-04-29,1.46,amc,627290000.0,2025-04-25,2021-03-31,-0.0342465753424657,242.77196721311475,68195.47540983607
2020-12-31,ERIE,USD,922621,2021-02-25,2021-02-25 16:27:12,2020,Q4,620904000.0,544200000.0,76704000.0,0.1235360056,0,44494000.0,0.0,44494000.0,-410000.0,44494000.0,545113000.0,0.0,723000.0,-12609750.0,66323250.0,0.1068172374,78933000.0,0.1271259325,-723000.0,78210000.0,0.1259615013,15425000.0,62785000.0,0.1011186915,1.35,1.2,52320310,52696970,https://www.sec.gov/Archives/edgar/data/922621/000092262121000010/0000922621-21-000010-index.htm,https://www.sec.gov/Archives/edgar/data/922621/000092262121000010/erie-20201231.htm,11.86736087764006,1.2000120029869854,2.066444178178608,2.0045370526283195,3.420029430253758,22.70720490761618,22.70720490761618,22.70720490761618,1.846070866170327,12849868136.0,12784492136.0,51.16615487775742,20.69541851236261,118.85150472173665,122.52205549304908,10.815950311771916,10.815950311771916,20.590126873075388,192.7603387349082,118.24682645652396,121.89870264497796,0.0048860423574388,0.0081617958168905,0.080690342477745,0.0452803381193903,-0.9857176781897752,1.1666977339967404,109.17427385892115,1.7220195906665603,0.0107457133830933,2.19926734092538,0.0716600311803435,0.0,0.0,0.0299582859309821,0.0052165874273639,0.1528190610993158,0.012257933593599,24.76086963289151,0.042484804411075,0.0296558252193307,-7.246884622816646,104631000.0,1188048000.0,-196774000.0,369972000.0,500901000.0,143647000.0,0.0,71.6976054269259,24.799448732083796,0.0,1.2552720479867054,3.629112927964576,0.0,0.0528471913592716,0.0619071255502882,2021-02-25,1.21,amc,626035438.0,2025-04-25,2020-12-31,-0.0082644628099173,233.364375,86189.296875
2020-09-30,ERIE,USD,922621,2020-10-29,2020-10-29 16:26:43,2020,Q3,666304000.0,557256000.0,109048000.0,0.1636610316,0,14910000.0,0.0,14910000.0,0.0,12823000.0,557256000.0,0.0,3000.0,4203250.0,102140000.0,0.1532933916,96225000.0,0.1444160623,15471000.0,111696000.0,0.1676351935,22480000.0,89216000.0,0.1338968399,1.92,1.71,52289849,52310429,https://www.sec.gov/Archives/edgar/data/922621/000092262120000044/0000922621-20-000044-index.htm,https://www.sec.gov/Archives/edgar/data/922621/000092262120000044/erie-20200930.htm,12.74251145762536,1.7061820163221355,2.050034606143154,1.765792056504122,4.394428448244324,23.85199085199118,6.642971946620079,23.85199085199118,1.842824216225983,10995509447.72,10875512447.72,30.811484060370336,16.502241390896646,102.57387820179858,119.08536977808583,8.816035579790846,8.816035579790846,16.322147920048504,106.4765268036029,101.45446143251613,117.78575858815374,0.0081138577911457,0.0083973371528634,0.077258408119838,0.0446237789104273,-1.174828666536127,1.3074596840681991,32075.0,1.201533357245337,0.0040871230399714,0.5037213055954088,0.0223771731822111,0.0,0.4167274104796739,0.1386525616627486,0.0223066348093362,0.0,0.0,30.25981413551341,0.0494299015383358,0.0708353017304692,-5.774873245474471,186462000.0,347360000.0,-119203000.0,1341227000.0,506927500.0,131934500.0,-57500.5,68.50454147055999,22.18118782031957,0.0,1.3137815109481137,4.057492354740061,0.0,0.0715320589761044,0.2842425496390322,2020-10-29,1.5,amc,573228947.0,2025-04-25,2020-09-30,0.1399999999999999,209.85890625,60551.953125
2020-06-30,ERIE,USD,922621,2020-07-30,2020-07-30 21:34:28,2020,Q2,670901000.0,565830000.0,105071000.0,0.1566117803,0,14813000.0,0.0,14813000.0,0.0,13882000.0,565830000.0,0.0,2000.0,4203250.0,97715000.0,0.1456474204,91189000.0,0.1359202028,11293000.0,102482000.0,0.1527527907,20505000.0,81977000.0,0.1221894139,1.76,1.57,52288619,52684281,https://www.sec.gov/Archives/edgar/data/922621/000092262120000030/0000922621-20-000030-index.htm,https://www.sec.gov/Archives/edgar/data/922621/000092262120000030/erie-20200630.htm,12.83072708422458,1.5677790228118282,2.050254951273431,1.737758650692228,5.453328189830372,22.83745531699737,7.666830883408873,22.83745531699737,1.85220038035428,10034185986.1,9873294986.1,30.60061354434781,14.956284140432048,93.59811562986802,110.4296042051395,8.402862636677975,8.402862636677975,14.71647081476999,101.0417539384946,92.097336748286,108.65894443515106,0.008169770832787,0.009055542734196,0.0811019487681082,0.0464971018229252,-1.6465332855753978,1.4585035722591038,45594.5,1.3077448552642814,0.0044787888187696,0.5482147431596668,0.0220792635575144,0.0,0.3808468260724071,0.152418264073504,0.0243553072659006,0.0,0.0,28.382950446681825,0.0487676619915982,0.0635672800796886,-4.27655204471933,270115000.0,400887999.0,-29484000.0,1309938001.0,494464000.0,122817500.0,-57500.5,67.9714294657483,20.125497057420077,-0.0182918721170669,1.32408573289388,4.47193923922579,-4920.21808506013,0.0686494620810475,0.312496300581203,2020-07-30,1.41,amc,590061649.0,2025-04-25,2020-06-30,0.1134751773049646,176.01285714285714,101475.52380952382
2020-03-31,ERIE,USD,922621,2020-05-07,2020-05-07 16:32:27,2020,Q1,611247000.0,531046000.0,80201000.0,0.1312088239,0,14771000.0,0.0,14771000.0,0.0,-5490000.0,531046000.0,0.0,3000.0,4203250.0,85691000.0,0.1401904631,85691000.0,0.1401904631,-9564000.0,76127000.0,0.1245437605,16801000.0,59326000.0,0.0970573271,1.27,1.13,52500884,52324350,https://www.sec.gov/Archives/edgar/data/922621/000092262120000021/0000922621-20-000021-index.htm,https://www.sec.gov/Archives/edgar/data/922621/000092262120000021/erie10-q03312020.htm,11.64260396072569,1.1300000205710825,0.3824126085191251,-0.0192187240123423,5.018277406529003,21.275679853314468,21.9179166583176,21.275679853314468,1.8541592556803423,7782731044.160001,7651427044.160001,32.796459579948085,12.732546816851452,387.64412233700256,-7713.311242973242,6.967579932676332,6.967579932676332,12.51773349261428,89.29090621138744,381.1041014175425,-7583.178438216057,0.007622774018963,-0.0001296460065592,0.0871465507362631,0.0497278917472501,-1.5322962738210548,1.4953629523521204,28563.666666666668,0.3384182314668105,0.0057743226310925,0.7575093550888312,0.0241653537767874,0.0,-0.0172250935252386,1.0502565124271557,0.0344966928263042,0.0,0.0,23.25799153233045,0.047101646288784,0.0297939294228487,-4.101997596840465,268350000.0,1150710000.0,-30427000.0,472928000.0,478153500.0,120795500.0,1190500.0,71.00471658756608,20.185708959299195,0.0,1.2675214313264405,4.458599902607761,0.0,0.0531122872858534,0.4016313325314675,2020-05-07,1.52,amc,829593132.0,2025-04-25,2020-03-31,-0.2565789473684211,161.12403225806452,127638.19354838708
2019-12-31,ERIE,USD,922621,2020-02-27,2020-02-27 16:38:14,2019,Q4,605540000.0,528040000.0,77500000.0,0.1279849407,0,42576000.0,-41323000.0,1253000.0,0.0,42576000.0,529890000.0,0.0,24000.0,-6372000.0,69302000.0,0.1144466096,68700000.0,0.1134524557,6950000.0,75650000.0,0.1249298147,16063000.0,59587000.0,0.0984030782,1.28,1.14,52289847,58428407,https://www.sec.gov/Archives/edgar/data/922621/000092262120000009/0000922621-20-000009-index.htm,https://www.sec.gov/Archives/edgar/data/922621/000092262120000009/erie10-k12312019.htm,11.580450789997531,1.139552005191371,2.422286682154568,1.7782610838390864,7.0673184413792605,21.672524687249517,21.672524687249517,21.672524687249517,1.871204557167666,8680114602.0,8441196602.0,36.41782017050699,14.334502430888133,68.53028637070607,93.34962200354896,7.659467569907162,7.659467569907162,13.939948809327213,121.80307353323136,66.64400724769266,90.78019682744528,0.0068647711156106,0.0107124161677053,0.0863187655360277,0.0485165456493274,-3.447490692909295,1.5167360884242622,2862.5,2.125648211858292,0.0048287380895112,0.7034084615771896,0.0703107969746011,0.0,0.0,0.2658750523049715,0.0556131717145027,1.0943715065644093,0.0146976252600984,23.57290397279428,0.037827647914685,0.0295535253739634,-2.996676391116616,303692000.0,1133253000.0,8417000.0,525071000.0,488660500.0,121286000.0,1190500.0,70.45977144367012,20.876543483214423,0.4058215294406135,1.2773246088649544,4.311058488794546,221.77236413271737,0.0525804917348553,0.6440255983154818,2020-02-27,1.29,amc,675258421.0,2025-04-25,2019-12-31,-0.1162790697674419,176.575625,121617.890625
2019-09-30,ERIE,USD,922621,2019-10-24,2019-10-24 19:15:41,2019,Q3,649059000.0,532835000.0,116224000.0,0.1790653854,0,14430000.0,0.0,14430000.0,0.0,10317000.0,532835000.0,0.0,111000.0,3342000.0,105907000.0,0.1631700662,105907000.0,0.1631700662,13595000.0,119502000.0,0.1841157738,25333000.0,94169000.0,0.1450854237,2.02,1.8,52316111,52325125,https://www.sec.gov/Archives/edgar/data/922621/000092262119000038/0000922621-19-000038-index.htm,https://www.sec.gov/Archives/edgar/data/922621/000092262119000038/erie10-q09302019.htm,12.406484113469366,1.800000003822914,2.3596937471135804,1.7078295441341196,7.222555208662204,21.394384609360586,6.9158045788227644,21.394384609360586,1.8811795853862303,9712486007.15,9465919007.15,25.78472216745957,14.963949359226202,78.67546380842447,108.70522801157286,8.67751063607473,8.67751063607473,14.584065558215816,89.37954060779741,76.67816125678412,105.94557183956933,0.009695663904244,0.0091991895724972,0.0878294890156182,0.0497852707917633,-2.328146392589725,1.6435575854745932,954.1171171171172,1.3109409678344253,0.0043153730125474,0.4450827767099576,0.0222321853637342,0.0,0.3836071468362892,0.2762494937221547,0.0525422188121572,0.0,0.0,29.43590627990505,0.0592847117494437,0.0773705403835457,-1.9117246692897336,366071000.0,361808000.0,79586000.0,1317704000.0,495468000.0,116572500.0,0.0,69.78206911852389,20.283633770304128,0.0,1.2897295986901194,4.437074787445768,0.0,0.0841342266528838,0.6518642029794608,2019-10-24,1.66,amc,589062066.0,2025-04-25,2019-09-30,0.0843373493975904,227.07859375,167667.5625
2019-06-30,ERIE,USD,922621,2019-07-25,2019-07-25 16:30:28,2019,Q2,656958000.0,551100000.0,105858000.0,0.1611335884,0,14195000.0,0.0,14195000.0,0.0,9248000.0,551100000.0,0.0,272000.0,3342000.0,97912000.0,0.1490384469,96610000.0,0.147056585,9428000.0,106038000.0,0.1614075786,18284000.0,87754000.0,0.1335762712,1.88,1.68,52289801,58415500,https://www.sec.gov/Archives/edgar/data/922621/000092262119000023/0000922621-19-000023-index.htm,https://www.sec.gov/Archives/edgar/data/922621/000092262119000023/erie10-q06302019.htm,12.563788490990817,1.678224019249949,1.7245428032896892,1.4023193547820156,7.639577744807252,20.337694534350973,6.430259698253585,20.337694534350973,1.8941743534269715,13400830200.28,13161342200.28,38.17726314549764,20.398305828196012,148.60750310814407,182.75437697273853,12.601231647330302,12.601231647330302,20.03376502041226,134.42011398276003,145.95171886399928,179.48834945217993,0.0065484002624081,0.0054718251708366,0.0928803690615673,0.0522711384718944,-2.44595146662309,1.750685520023909,355.18382352941177,1.027599881486884,0.0031277166693093,0.4776306493151309,0.0216071651460215,0.0,0.384842777513472,0.1868457239176721,0.0256469972205224,0.0,0.0,27.71194991215188,0.0589526613484646,0.0754918575742195,-1.1657722698160584,401887000.0,336237000.0,111054000.0,1302159000.0,474019500.0,111885500.0,0.0,66.8102983752386,18.463473053892216,0.0,1.347097710812739,4.8744892002335085,0.0,0.082517908626043,0.3222234485076736,2019-07-25,1.67,amc,643854583.0,2025-04-25,2019-06-30,0.0059880239520958,206.82015873015877,200318.3650793651
2019-03-31,ERIE,USD,922621,2019-05-02,2019-05-02 16:28:35,2019,Q1,605048000.0,507984000.0,97064000.0,0.1604236358,0,13951000.0,0.0,13951000.0,0.0,10942000.0,507984000.0,0.0,449000.0,3342000.0,88625000.0,0.1464759821,86122000.0,0.1423391202,9393000.0,95515000.0,0.1578635083,20204000.0,75311000.0,0.1244711163,1.62,1.44,52299305,52312036,https://www.sec.gov/Archives/edgar/data/922621/000092262119000014/0000922621-19-000014-index.htm,https://www.sec.gov/Archives/edgar/data/922621/000092262119000014/erie10-q03312019.htm,11.568949147603396,1.4400000152965704,0.4634860826544444,0.1305753489458416,8.643307975125099,19.384655302780796,7.267668279721882,19.384655302780796,1.9067557398707309,9395570143.25,9182798143.25,31.189235779799763,15.528635981360155,387.6060290119637,1375.833964453068,9.26763964558238,9.26763964558238,15.176974625566896,103.61408342172074,378.82830623968647,1344.6768404231952,0.0080155859465436,0.0007268318894842,0.0979212944513929,0.0551683397649067,-2.4008124118476726,1.915122124006511,191.8084632516704,0.321865331757645,0.004460612752714,0.5564924114671164,0.023057674762994,0.0,0.3521675439688439,0.7182755775577557,0.0287762293239544,0.0,0.0,25.061181905125093,0.0522817723502638,0.0646032669209244,0.2228184485434366,459869000.0,380094000.0,176739000.0,1238231000.0,457745500.0,110137000.0,0.0,68.47712908727902,19.61512567324955,0.0,1.3143074366521488,4.588295864081002,0.0,0.0742855621007611,0.3329107337086028,2019-05-02,1.38,amc,569351583.0,2025-04-25,2019-03-31,0.0434782608695652,160.55803278688526,77533.60655737705
2018-12-31,ERIE,USD,922621,2019-02-21,2019-02-21 16:34:22,2018,Q4,582646000.0,501710000.0,80936000.0,0.1389111055,0,39894000.0,-38607000.0,1287000.0,-1287000.0,39894000.0,500004000.0,0.0,596000.0,-6425000.0,76813000.0,0.1318347676,74758000.0,0.1283077546,7884000.0,82642000.0,0.141839127,20328000.0,62314000.0,0.1069500177,1.34,1.19,52363737,58420718,https://www.sec.gov/Archives/edgar/data/922621/000092262119000008/0000922621-19-000008-index.htm,https://www.sec.gov/Archives/edgar/data/922621/000092262119000008/erie10-k12312018.htm,11.126898754380344,1.1900220184819887,1.704824848539744,1.5591133230235268,12.771357399491942,18.59439481945301,18.59439481945301,18.59439481945301,1.915944234461341,6980609779.47,6813922779.47,28.00578433205219,11.980876517593874,78.19571618409114,85.50372704241741,7.169364816354994,7.169364816354994,11.694790283413942,88.70793719123066,76.3285140691826,83.46202005695667,0.0089267273158951,0.0116953966170844,0.1024266898914624,0.0560807995379927,-2.170036321976749,2.48024307080583,125.43288590604028,1.4325994158616042,0.0056039516941699,0.6277722502166447,0.0684703919704245,0.0,0.0,0.0854700854700854,0.0130954301582779,0.0,0.0,22.31309331421064,0.0430663443245167,0.0350407995829788,3.923574056603332,697643000.0,973672000.0,364291000.0,828475000.0,462630000.0,111382500.0,0.0,70.30382084490411,19.65376412668673,0.0,1.2801580187021022,4.579275472111426,0.0,0.063998964743774,0.1457115255162174,2019-02-21,1.02,amc,494115428.0,2025-04-25,2018-12-31,0.1666666666666666,129.674126984127,36173.90476190476
2018-09-30,ERIE,USD,922621,2018-10-25,2018-10-25 16:28:57,2018,Q3,619785000.0,515431000.0,104354000.0,0.16837129,0,13521000.0,0.0,13521000.0,0.0,7659000.0,515431000.0,0.0,709000.0,-8485000.0,96695000.0,0.156013779,96695000.0,0.156013779,7776000.0,104471000.0,0.1685600652,24025000.0,80446000.0,0.129796623,1.73,1.54,52289748,52317438,https://www.sec.gov/Archives/edgar/data/922621/000092262118000046/0000922621-18-000046-index.htm,https://www.sec.gov/Archives/edgar/data/922621/000092262118000046/erie10-q09302018.htm,11.852897053548624,1.5384660105839485,2.538183966769165,1.9540159191434616,6.6880987837233405,17.613835125003853,5.035996731137431,17.613835125003853,1.920758921997482,6564977861.4,6420016861.4,20.40181569437884,10.592347122631235,49.46449967525862,64.25229127868852,7.127919564875144,7.127919564875144,10.358457951386368,66.39450707275454,48.37227613866683,62.83353913775385,0.012253811314886,0.0155636473050056,0.1082785120458446,0.0566790735793005,-1.4991571435958426,1.632403931622676,136.38222849083215,1.649814782587077,0.0059588929050337,0.4862889391641598,0.021815629613495,0.0,0.3737941907459094,0.2301519729357072,0.049284832643578,0.0,0.0,24.692335850554564,0.061212466512366,0.0730125221113239,-2.6041051106232143,344349000.0,263331000.0,50377000.0,1123725000.0,460991000.0,105171500.0,0.0,68.26747985188412,19.76668070022952,0.0,1.3183436710314729,4.55311649765026,0.0,0.0873441814156649,0.5841680476257028,2018-10-25,1.31,amc,520704584.0,2025-04-25,2018-09-30,0.1755725190839694,124.265873015873,28651.222222222223
2018-06-30,ERIE,USD,922621,2018-07-26,2018-07-26 16:35:51,2018,Q2,627884000.0,526135000.0,101749000.0,0.1620506336,0,13299000.0,0.0,13299000.0,0.0,6426000.0,526135000.0,0.0,602000.0,-2128250.0,99459750.0,0.1584046575,95323000.0,0.1518162591,5663000.0,100986000.0,0.1608354409,21280000.0,79706000.0,0.1269438304,1.71,1.52,52438192,58413649,https://www.sec.gov/Archives/edgar/data/922621/000092262118000033/0000922621-18-000033-index.htm,https://www.sec.gov/Archives/edgar/data/922621/000092262118000033/erie10-q06302018.htm,11.973791926312028,1.5199990114075634,1.5603703499159545,1.3805395883977083,5.831265120658622,16.785246905537857,17.38646900716943,16.785246905537857,1.9132429279789047,6148902393.92,6050215393.92,19.286196754071213,9.793054758394865,75.14882605037704,84.9378032947937,6.985896642444569,6.985896642444569,9.63588082180785,60.830792294571424,73.94272263202278,83.5745913820397,0.0129626386782156,0.0117733207265709,0.1132996587092757,0.0603561755760996,-0.9922305254135468,1.6632353413783685,158.343853820598,1.026560108398364,0.0063619484411853,0.4907911575038265,0.0211806639442954,0.0,-0.0190809641252212,0.1152487686836219,0.0150186977212351,0.0,0.0,23.95944637944733,0.0651207270112024,0.0473369196615754,-2.42976531303749,330201000.0,911715000.0,55978000.0,393325000.0,436813000.0,96464000.0,0.0,64.76868338737728,16.616476759766982,0.0,1.3895604371284784,5.416310647628656,0.0,0.0905556540193685,0.1798307615182461,2018-07-26,1.43,amc,584700657.0,2025-04-25,2018-06-30,0.062937062937063,115.81109375,36774.046875
2018-03-31,ERIE,USD,922621,2018-04-26,2018-04-26 16:39:47,2018,Q1,578515000.0,494593000.0,83922000.0,0.1450645186,0,13074000.0,0.0,13074000.0,0.0,6355000.0,494593000.0,0.0,553000.0,-2070250.0,81703750.0,0.1412301323,77567000.0,0.1340794966,5654000.0,83221000.0,0.1438527955,17463000.0,65758000.0,0.1136668885,1.41,1.26,52288734,58411428,https://www.sec.gov/Archives/edgar/data/922621/000092262118000025/0000922621-18-000025-index.htm,https://www.sec.gov/Archives/edgar/data/922621/000092262118000025/erie10-q03312018.htm,11.063855552517298,1.2575940354570452,-0.769381794556357,-0.9355935066241994,4.134753004346979,16.06761028102153,16.623274910423344,16.06761028102153,1.4396791477108626,6151246667.76,6106345667.76,23.385925164086498,10.63282139228888,-152.9019803072334,-125.73836732200895,7.321561697258244,7.321561697258244,10.555207155838657,74.73764261444549,-151.78587292468308,-124.82054062181884,0.0106901907128276,-0.0079530219876249,0.0889431116877242,0.0474910325928072,-0.5495586187904472,1.6100694964134847,140.26582278481013,-0.6117886890080095,0.0063590361617288,0.594847775175644,0.0225992411605576,0.0,-0.0184654866041808,-0.2160328113348247,0.0150229466824542,0.0,0.0,21.322451646160957,0.0544403615566138,0.0410338395949906,-3.8401006228224994,273097000.0,869210000.0,-12575000.0,332490000.0,423474500.0,100043000.0,0.0,65.6147550193167,17.430513573786932,0.0,1.371642704045826,5.163359049577718,0.0,0.0782688908594247,0.1662117120678423,2018-04-26,1.12,amc,508622222.0,2025-04-25,2018-03-31,0.1249999999999999,116.42934426229507,35497.04918032787
2017-12-31,ERIE,USD,922621,2018-02-22,2018-02-22 16:37:03,2017,Q4,407621000.0,339420000.0,68201000.0,0.167314736,0,59168000.0,-58071000.0,1097000.0,-1097000.0,3122000.0,407621000.0,0.0,438000.0,3707750.0,57753000.0,0.1416830831,65079000.0,0.1596556605,-438000.0,64641000.0,0.158581133,32588000.0,32053000.0,0.0786343172,0.69,0.61,52556755,58423278,https://www.sec.gov/Archives/edgar/data/922621/000092262118000016/0000922621-18-000016-index.htm,https://www.sec.gov/Archives/edgar/data/922621/000092262118000016/erie10-k12312017.htm,7.755825107543265,0.6098740114377305,1.4611252159689083,1.2539016155011853,5.4590699140386425,16.312727070002705,16.312727070002705,16.312727070002705,1.4301872328304897,6403515029.2,6262522029.2,49.94474174787826,15.70948265472093,83.38778817064278,97.16870804995372,7.469014805259032,7.469014805259032,15.3635902693924,108.43630684466608,81.5517505625586,95.02924127403226,0.0050055319389176,0.0102913789847438,0.0871622126007763,0.0448585384477317,-2.441310408117327,3.3512134905764355,148.58219178082192,0.0,0.0056907807405509,1.1368982977224689,0.1451544449378221,0.0,0.0,0.1418246692363788,0.0267184467924861,0.7343402332951251,0.0314017187534498,14.961481766610104,0.0227207159699508,0.01924112364852,-3.8571302585176728,533314000.0,857344000.0,-48376000.0,616463000.0,430058000.0,101814000.0,0.0,93.87713096234002,27.65520593954393,0.0,0.9586999419070936,3.2543601445870927,0.0,0.0373863921599731,0.2072236004677229,2018-02-22,0.76,amc,381330000.0,2025-04-25,2017-12-31,0.0526315789473684,121.15603174603174,23058.19047619048
2017-09-30,ERIE,USD,922621,2017-10-26,2017-10-26 16:26:49,2017,Q3,449373000.0,112991000.0,336382000.0,0.7485585471,0,60499000.0,0.0,60499000.0,361656000.0,361656000.0,361253000.0,0.0,377000.0,-8406000.0,80836000.0,0.179886197,89242000.0,0.1985922608,-377000.0,88865000.0,0.1977533141,30322000.0,58543000.0,0.1302770749,1.26,1.12,52289770,58417676,https://www.sec.gov/Archives/edgar/data/922621/000092262117000043/0000922621-17-000043-index.htm,https://www.sec.gov/Archives/edgar/data/922621/000092262117000043/erie10-q09302017.htm,8.593898959586168,1.1195880188419265,1.5460576705539153,1.391840124750979,4.780017200305146,16.736543304742018,4.56311052812051,16.736543304742018,0.958332767575761,6304577568.9,6169683568.9,26.9228497382266,14.029720452497145,77.98544795344061,86.62632859616097,7.20399653647946,7.20399653647946,13.729537753492089,76.32346440818446,76.31685574384919,84.77285437969743,0.0092857926419667,0.0115438344924191,0.0568291150088556,0.0304849306957274,-1.668736701469642,1.4908492121447825,236.7161803713528,1.380916591223545,0.0057800859140445,0.6224655381514442,0.1346298064191662,0.0,0.3901769552950205,0.0997488960083124,0.0179450033713641,0.0,0.0,20.533040462104243,0.0512107389768399,0.0588441052867523,-3.4448755464022884,237277000.0,238604000.0,-35601000.0,949193000.0,426615500.0,93087500.0,0.0,87.10837099692239,79.1194873928012,0.0,1.033195764884408,1.1375200088592683,0.0,0.0668948180311946,0.1542175458029362,2017-10-26,1.1,amc,434598214.0,2025-04-25,2017-09-30,0.0181818181818181,122.12,28699.984126984127
2017-06-30,ERIE,USD,922621,2017-07-27,2017-07-27 16:49:23,2017,Q2,454866000.0,114140000.0,340726000.0,0.7490689566,0,60774000.0,0.0,60774000.0,365520000.0,365520000.0,365116000.0,0.0,257000.0,6448000.0,87236500.0,0.1917850532,83044000.0,0.182568053,6191000.0,89235000.0,0.1961786548,30708000.0,58527000.0,0.1286686629,1.26,1.12,52281690,58400195,https://www.sec.gov/Archives/edgar/data/922621/000092262117000033/0000922621-17-000033-index.htm,https://www.sec.gov/Archives/edgar/data/922621/000092262117000033/erie10-q06302017.htm,8.700292588093461,1.1194550137916353,1.4271344327239612,1.3043189690310315,4.146116929272944,16.319556617240185,4.445150874044049,16.319556617240185,0.9563386340418606,6538870968.299999,6443903968.299999,27.931001795325237,14.375378613261926,87.63715395842547,95.889121426267,7.663811152067359,7.663811152067359,14.16659844503656,73.86706216205371,86.36435967324728,94.49648006071092,0.0089506277587881,0.0104287116737109,0.0582995590789649,0.0317389015616774,-1.0886154304677516,1.5569659018934112,323.1284046692607,1.274847506279153,0.0055731333706794,0.6226527927281426,0.133608579229927,0.0,0.3961230837946051,0.0860573894629622,0.0141162452238681,0.0,0.0,20.27443496760353,0.0479372350962104,0.0618409971988913,-3.5102729081634507,240064000.0,232400000.0,-42926000.0,931997000.0,408559500.0,84197500.0,0.0,82.76424265607893,68.47695812160505,0.0,1.0874261288656837,1.3143107180691815,0.0,0.0685959208358043,0.1228154636929295,2017-07-27,1.21,amc,484648214.0,2025-04-25,2017-06-30,-0.074380165289256,120.6652380952381,32647.79365079365
2017-03-31,ERIE,USD,922621,2017-05-01,2017-05-01 16:27:05,2017,Q1,405689000.0,112304000.0,293385000.0,0.7231771135,0,59740000.0,0.0,59740000.0,332782000.0,332782000.0,445086000.0,0.0,166000.0,0.0,73120000.0,0.1802365852,-45770000.0,-0.1128204117,118724000.0,72954000.0,0.1798274047,25078000.0,47876000.0,0.1180115803,1.03,0.91,52610989,52289322,https://www.sec.gov/Archives/edgar/data/922621/000092262117000020/0000922621-17-000020-index.htm,https://www.sec.gov/Archives/edgar/data/922621/000092262117000020/erie10-q03312017.htm,7.711107654714493,0.9100000001900744,-0.667579162976769,-0.7350745677865892,3.5701666813372395,15.773472724491077,4.559807837864443,15.773472724491077,0.4736462946933006,6455368350.3,6369703350.3,33.70879120175036,15.9121108787766,-183.79842692044872,-166.92184082693353,7.7788830743332,7.7788830743332,15.700951591736528,87.1130108082604,-181.35935739137864,-164.70672950895974,0.0074164629192345,-0.0059908277733218,0.0298279946689674,0.0166123503056302,-1.1715672866520788,1.547960150511725,-275.72289156626505,-0.7336034756454173,0.0056450690375099,0.7611538140195505,0.1472556564264744,0.0,0.3959380847174162,-0.1011047206878879,0.0087530103108538,0.0,0.0,17.971139476989563,-0.027662652743467,0.053191182058364,-3.292672373066395,221497000.0,239896000.0,-34460000.0,880144000.0,391850000.0,83708000.0,-5753000.0,88.47681351971583,65.3546623450634,0.0,1.0172156570709312,1.3771014457210826,0.0,0.0576917978738531,0.0674954048098202,2017-05-01,0.95,amc,416851648.0,2025-04-25,2017-03-31,-0.0421052631578946,116.4733870967742,35098.16129032258
2016-12-31,ERIE,USD,922621,2017-02-23,2017-02-23 16:49:55,2016,Q4,385848000.0,268614000.0,117234000.0,0.3038346706,0,51777000.0,0.0,51777000.0,0.0,161579000.0,315725000.0,0.0,0.0,0.0,57328000.0,0.1485766416,70123000.0,0.1817373681,0.0,70123000.0,0.1817373681,24337000.0,45786000.0,0.1186633078,0.88,0.88,46570195,52794419,https://www.sec.gov/Archives/edgar/data/922621/000092262117000008/0000922621-17-000008-index.htm,https://www.sec.gov/Archives/edgar/data/922621/000092262117000008/erie10-k12312016.htm,8.285299213370267,0.9831610110286204,2.121206492693449,1.8035569745842808,5.265384866866029,17.54147690384376,17.54147690384376,17.54147690384376,0.5317993622315732,5236818427.75,5072512427.75,28.59399394875071,13.572231624240631,53.012283522295895,62.3490145222164,6.4105206543560485,6.4105206543560485,13.14640072709979,88.48228488260536,51.34901480741003,60.39280440696733,0.0087430948068352,0.0160387458833639,0.0303166811521465,0.0159888440916617,-2.866068936645269,3.2596679575551866,0.0,2.1575372384571705,0.0064917278437332,0.742497706722579,0.1341901474155626,0.0,0.0,0.1497494558890519,0.0383389313926727,0.0,0.0246314610934875,19.69865893338072,0.0353842646439432,0.0295592835169517,-4.378986388182399,453373000.0,816910000.0,-78035000.0,522515000.0,395556500.0,90184500.0,-5753000.0,89.7735118492256,28.76934932654292,-3.855122964551364,1.002522883934348,3.128329354218832,-23.34555883886668,0.0560477898422102,0.3176495181091683,2017-02-23,0.81,amc,353420689.0,2025-04-25,2016-12-31,0.074074074074074,106.3452380952381,33567.71428571428
2016-09-30,ERIE,USD,922621,2016-10-27,2016-10-27 16:26:11,2016,Q3,424455000.0,103696000.0,320759000.0,0.755696128,0,53265000.0,0.0,53265000.0,336151000.0,336151000.0,439847000.0,0.0,0.0,0.0,86581000.0,0.2039815764,-21441000.0,-0.0505141888,108022000.0,86581000.0,0.2039815764,29205000.0,57376000.0,0.1351756959,1.23,1.09,52638580,58512103,https://www.sec.gov/Archives/edgar/data/922621/000092262116000113/0000922621-16-000113-index.htm,https://www.sec.gov/Archives/edgar/data/922621/000092262116000113/erie10-q09302016.htm,8.063572383601533,1.0899990083319118,1.9960454860294483,1.936051466433935,3.64601400721676,15.93753098962776,4.233073916507626,15.93753098962776,0.0,5372819860.599999,5233006860.599999,23.410571757354987,12.658161314155798,51.13610922917321,52.72070591594626,6.404379703884357,6.404379703884357,12.328767149874544,60.4405915916887,49.80543129372126,51.34879316854902,0.0106789361059264,0.0189678795574991,0.0,0.0,-1.6148231136161513,1.3849727969500814,0.0,1.8312360568878976,0.0063274036506043,0.5925125488008923,0.125490334664452,0.0,0.4148820045588765,0.0300564391019234,0.0074401291067368,0.0,0.0,19.77037156742257,-0.0137713109032264,0.0660322312232926,-2.8398942372685587,174492000.0,222823000.0,-18336000.0,848909000.0,399662500.0,92680000.0,0.0,86.13690497225853,82.02206449621973,0.0,1.0448483147726937,1.0972657242021502,0.0,0.0683919616558731,0.0599940195955134,2016-10-27,1.01,amc,387691743.0,2025-04-25,2016-09-30,0.0792079207920792,99.273125,32309.65625
2016-06-30,ERIE,USD,922621,2016-07-28,2016-07-28 16:50:05,2016,Q2,429174000.0,102331000.0,326843000.0,0.7615629092,0,55025000.0,0.0,55025000.0,338125000.0,338125000.0,440456000.0,0.0,0.0,0.0,93163000.0,0.2170751257,-16572000.0,-0.0386137091,109735000.0,93163000.0,0.2170751257,31854000.0,61309000.0,0.1428534813,1.32,1.17,52400854,58493662,https://www.sec.gov/Archives/edgar/data/922621/000092262116000102/0000922621-16-000102-index.htm,https://www.sec.gov/Archives/edgar/data/922621/000092262116000102/erie10-q06302016.htm,8.190210029783103,1.1700000156486,1.3786798207525397,1.09822637623425,3.2480005001445207,15.556883862999635,4.645458640807648,15.556883862999635,0.0,5205500836.360001,5081389836.360001,21.226495442594075,12.129115082367528,72.05443824206854,90.45493911795371,6.385597583348258,6.385597583348258,11.839929344182082,54.54300351384134,70.33649626764853,88.29828727948843,0.0117777331955768,0.0110552282689173,0.0,0.0,-1.332191964621148,1.4384238824361857,0.0,1.1783588053956189,0.0065309758020849,0.5545189123945913,0.1282114014362473,0.0,0.4041260197367026,0.0520596866175737,0.00876334540303,0.0,0.0,20.236970454367498,-0.010913131148902,0.072722161464573,-2.568989619901996,182166000.0,243426000.0,-1964000.0,812920000.0,375686000.0,85094500.0,0.0,82.43278949796586,79.9077503395843,0.0,1.0917985494379137,1.126298758474949,0.0,0.0752078646309958,0.07177363941435,2016-07-28,1.05,amc,380423076.0,2025-04-25,2016-06-30,0.1142857142857141,95.30625,47140.59375
2016-03-31,ERIE,USD,922621,2016-04-28,2016-04-28 16:47:54,2016,Q1,377957000.0,98349000.0,279608000.0,0.7397878595,0,53289000.0,0.0,53289000.0,307063000.0,307063000.0,405412000.0,0.0,0.0,0.0,70224000.0,0.1857989136,-30684000.0,-0.0811838384,100908000.0,70224000.0,0.1857989136,24329000.0,45895000.0,0.1214291573,0.99,0.87,52752934,58624727,https://www.sec.gov/Archives/edgar/data/922621/000092262116000077/0000922621-16-000077-index.htm,https://www.sec.gov/Archives/edgar/data/922621/000092262116000077/erie10-q03312016.htm,7.164663106700378,0.8699990032781874,-0.4125268179396429,-0.4787980133958047,3.024798582766979,14.878167724282406,4.913262265185098,14.878167724282406,0.0,4905495332.66,4800213332.66,26.72129498126157,12.978977324563376,-225.41564804062125,-194.2155092509304,6.250097574060319,6.250097574060319,12.700421827509478,68.35573781983368,-220.5777654930613,-190.04724573046164,0.009355833995894,-0.0051489193826842,0.0,0.0,-1.499231032125769,1.5008930540835703,0.0,-0.4741692994879616,0.0069301870034734,0.7407342847804772,0.1409922292747587,0.0,0.3921144183604053,-0.1606469993566767,0.0092497294665795,0.0,0.0,17.065749310869894,-0.0206979850586125,0.056316614843192,-2.4165054023345887,186211000.0,259189000.0,2212000.0,770807000.0,355914500.0,62929500.0,0.0,85.31518135660936,72.59829789830094,0.0,1.0549118992528252,1.239698486128093,0.0,0.0584748753610484,0.0662711954561617,2016-04-28,0.87,amc,374700000.0,2025-04-25,2016-03-31,0.0,94.12016393442624,74259.0655737705
2015-12-31,ERIE,USD,922621,2016-02-25,2016-02-25 16:56:40,2015,Q4,360543000.0,2976407000.0,-2615864000.0,-7.2553454096,0,55998000.0,114717000.0,170715000.0,-2917767000.0,-2917767000.0,314460000.0,0.0,0.0,1865250.0,0.0,0.0,-44751000.0,-0.1241211173,-221000000.0,-265751000.0,-0.7370854517,-74429000.0,29678000.0,0.0823147308,0.65,0.57,52280374,58607400,https://www.sec.gov/Archives/edgar/data/922621/000092262116000067/0000922621-16-000067-index.htm,https://www.sec.gov/Archives/edgar/data/922621/000092262116000067/erie10-k12312015.htm,6.896335515885943,0.5676700017486486,0.5676700017486486,1.1882470465876926,4.685429373554213,14.718773817494114,26.194227302199483,14.718773817494114,0.0,5000094969.36,4817205969.36,42.119541153042654,13.86823477188574,168.47816461217062,80.48831282573,6.497823880296763,6.497823880296763,13.360974888875944,0.0,162.31572105128376,77.54428333537233,0.0059354872621146,0.0124241640170189,0.0,0.0,0.0,1.4250559233922446,0.0,0.0,0.0063714789809437,1.0734550845744322,0.1553157321040763,0.0,-0.4263076140342898,1.0932003504279264,0.08998649259589,0.0,0.0,13.71118678565368,-0.0335042306240939,0.0147854986730515,-2.442168833757769,189447000.0,1369444000.0,-2647000.0,-351407000.0,176773000.0,23263000.0,0.0,88.25338447841173,1.406843889293366,0.0,1.0197909182963465,63.97298284829988,0.0,0.038567750872966,0.6205770448390442,2016-02-25,0.65,amc,406421052.0,2025-04-25,2015-12-31,-0.1230769230769231,90.7246875,49191.96875
2015-09-30,ERIE,USD,922621,2015-10-29,2015-10-29 16:25:39,2015,Q3,1303000000.0,1306000000.0,-3000000.0,-0.0023023791,0,58342000.0,0.0,58342000.0,341678000.0,400020000.0,1263000000.0,0.0,0.0,4000000.0,44000000.0,0.0337682272,57000000.0,0.0437452034,0.0,57000000.0,0.0437452034,7000000.0,49562000.0,0.0380368381,1.06,0.94,53191545,58702883,https://www.sec.gov/Archives/edgar/data/922621/000092262115000048/0000922621-15-000048-index.htm,https://www.sec.gov/Archives/edgar/data/922621/000092262115000048/erie10-q09302015.htm,24.496374376792403,0.931764625374202,0.9399990167610284,0.5827993903918377,213.1541770407308,152.74984022366712,152.74984022366712,14.099985251415427,0.0,4411706742.3,3793706742.3,22.253474145010287,3.385807169838833,88.23413484599999,142.31312071935486,5.8822756564,5.8822756564,2.911517070069072,86.22060777954546,75.874134846,122.3776368483871,0.0112342009328936,0.0070267589871212,0.0,0.0,-14.045454545454543,0.0,0.0,1.0,0.0071886011134698,0.6398853960695694,0.0447751343054489,0.0,0.0,0.38,0.0145817344589409,0.0,0.0,17.19308053259376,0.0747384155455904,0.0027359646701628,25.34237349187733,618000000.0,8125000000.0,-9372000000.0,618000000.0,0.0,0.0,0.0,0.0,0.0,0.0,0.0,0.0,0.0,0.0660826666666666,0.3571996263691908,2015-10-29,0.93,amc,392380851.0,2025-04-25,2015-09-30,0.0107526881720429,83.2053125,38929.6875
2015-06-30,ERIE,USD,922621,2015-07-30,2015-07-30 16:34:27,2015,Q2,1560000000.0,1337000000.0,223000000.0,0.1429487179,0,57354000.0,0.0,57354000.0,349304000.0,406658000.0,406658000.0,0.0,0.0,4000000.0,299000000.0,0.1916666667,295000000.0,0.1891025641,-141000000.0,154000000.0,0.0987179487,98000000.0,56150000.0,0.0359935897,1.21,1.07,52336448,58663314,https://www.sec.gov/Archives/edgar/data/922621/000092262115000032/0000922621-15-000032-index.htm,https://www.sec.gov/Archives/edgar/data/922621/000092262115000032/erie10-q06302015.htm,29.807143197795924,1.072866083689898,1.0700000122285716,0.8025000091714287,213.86625244418573,155.9525017823143,155.9525017823143,13.986428731273472,0.0,4295252287.36,3874252287.36,19.1240084032057,2.7533668508717946,76.70093370285714,102.26791160380952,5.867830993661201,5.867830993661201,2.483495056,12.957365509565216,69.18307655999999,92.24410208,0.0130725732142061,0.0097782382011871,0.0,0.0,-1.4080267558528428,0.0,0.0,1.0,0.0073837339178726,0.5648263579697239,0.0367653846153846,0.0,0.0,0.25,0.0089743589743589,0.0,0.0,18.37458061831365,0.23069403714565,0.0031075322375338,24.57178599510613,421000000.0,8162000000.0,-9486000000.0,421000000.0,0.0,0.0,0.0,0.0,0.0,0.0,0.0,0.0,0.0,0.076707650273224,0.2675000030571429,2015-07-30,0.98,amc,367912149.0,2025-04-25,2015-06-30,0.0918367346938776,82.78682539682539,33377.68253968254
2015-03-31,ERIE,USD,922621,2015-04-30,2015-04-30 16:41:42,2015,Q1,1577000000.0,1408000000.0,169000000.0,0.1071655041,0,55019000.0,0.0,55019000.0,0.0,355012000.0,355012000.0,0.0,0.0,4000000.0,201000000.0,0.1274571972,197000000.0,0.1249207356,-97000000.0,100000000.0,0.0634115409,61000000.0,38833000.0,0.0246246037,0.83,0.74,52702773,58735552,https://www.sec.gov/Archives/edgar/data/922621/000092262115000019/0000922621-15-000019-index.htm,https://www.sec.gov/Archives/edgar/data/922621/000092262115000019/erie10-q03312015.htm,29.9225241905203,0.7368302992330213,1.7076900298965294,1.4799980259103254,215.11202076596612,154.39415303631176,154.39415303631176,13.471776902517066,0.0,4598843971.9800005,4178843971.980001,29.60654579854763,2.916197826239696,51.09826635533334,58.9595381023077,6.4772450309577465,6.4772450309577465,2.649869354457832,20.79026851731344,46.43159968866667,53.57492271769232,0.0084440786068418,0.0169607841612459,0.0,0.0,-2.08955223880597,0.0,0.0,2.3076923076923075,0.0069582704251265,0.8240414080807561,0.0348883956880152,0.0,0.0,0.1333333333333333,0.0076093849080532,0.0,0.0,14.944708148416565,0.1670217391304347,0.0021582281998554,28.100988158630667,420000000.0,8137000000.0,-9436000000.0,420000000.0,0.0,17922000.0,0.0,0.0,0.0,0.0,0.0,0.0,0.0,0.0546943661971831,0.2276920039862039,2015-04-30,0.9,amc,426648648.0,2025-04-25,2015-03-31,-0.1777777777777778,88.59213114754098,52275.27868852459
2014-12-31,ERIE,USD,922621,2015-02-26,2015-02-26 16:28:32,2014,Q4,1587000000.0,1212000000.0,375000000.0,0.236294896,0,0.0,0.0,0.0,1587000000.0,1587000000.0,1219000000.0,0.0,0.0,4000000.0,0.0,0.0,370000000.0,0.2331442974,7000000.0,377000000.0,0.2375551355,124000000.0,26000000.0,0.0163831128,0.54,0.48,54406280,58701810,https://www.sec.gov/Archives/edgar/data/922621/000092262115000008/0000922621-15-000008-index.htm,https://www.sec.gov/Archives/edgar/data/922621/000092262115000008/erie10-k12312014.htm,29.16942676470437,0.4778860087475196,0.4778860087475196,0.0551406933170214,201.4473329181852,146.7293849165942,146.7293849165942,12.921302467288704,0.0,4938458035.599999,4424458035.599999,47.48517341923077,3.111819808191556,189.94069367692308,1646.152678533333,7.024833621052632,7.024833621052632,2.7879382706994327,0.0,170.17146290769227,1474.8193451999998,0.0052648012421231,0.0006074770663988,0.0,0.0,0.0,0.0,0.0,1.0,0.0060747706639882,1.1538461538461535,0.0,0.0,0.0,0.8846153846153846,0.0144927536231884,1.4375,0.009640831758034,11.787089014596509,0.4506395413210608,0.0014641288433382,21.780573860223488,514000000.0,7983000000.0,-9261000000.0,514000000.0,0.0,17922000.0,0.0,0.0,2.661683168316832,0.0,0.0,33.81319049213258,0.0,0.0369843527738264,0.4227453154304981,2015-02-26,0.7,amc,3760895833.0,2025-04-25,2014-12-31,-0.3142857142857143,85.20203125,38295.265625
2014-09-30,ERIE,USD,922621,2014-10-30,2014-10-30 16:28:00,2014,Q3,1392000000.0,1276000000.0,116000000.0,0.0833333333,0,0.0,0.0,-34000000.0,0.0,-34000000.0,1276000000.0,0.0,0.0,3500000.0,153500000.0,0.1102729885,150000000.0,0.1077586207,0.0,150000000.0,0.1077586207,42000000.0,47000000.0,0.0337643678,1.01,0.9,52289908,58487964,https://www.sec.gov/Archives/edgar/data/922621/000092262114000037/0000922621-14-000037-index.htm,https://www.sec.gov/Archives/edgar/data/922621/000092262114000037/erie10-q09302014.htm,26.620815626602365,0.8988350103809707,0.8988350103809707,0.6693452204964675,206.27307280785425,149.85683279458055,149.85683279458055,14.744719000079328,0.0,3964097925.48,3585097925.48,21.08562726319149,2.847771498189655,84.34250905276596,113.259940728,5.141501848871596,5.141501848871596,2.5755013832471265,23.355686810944626,76.27867926553192,102.43136929942855,0.0118564174961214,0.0088292470715798,0.0,0.0,-2.469055374592834,0.0,0.0,1.0,0.0075679260613541,0.6382978723404256,0.0,0.0,0.0,0.2553191489361702,0.0086206896551724,0.0,0.0,17.268296593722493,0.2834645669291338,0.0026737967914438,19.965611719951777,379000000.0,7836000000.0,-9363000000.0,379000000.0,0.0,0.0,0.0,0.0,0.0,0.0,0.0,0.0,0.0,0.0609597924773022,0.2294897898845031,2014-10-30,0.93,bmo,1408433333.0,2025-04-25,2014-09-30,-0.032258064516129,75.31953125,28206.15625
2014-06-30,ERIE,USD,922621,2014-07-31,2014-07-31 16:41:44,2014,Q2,1571000000.0,1451000000.0,120000000.0,0.0763844685,0,0.0,0.0,-27000000.0,0.0,-27000000.0,1451000000.0,0.0,0.0,3500000.0,150500000.0,0.0957988542,147000000.0,0.0935709739,0.0,147000000.0,0.0935709739,44000000.0,49000000.0,0.0311903246,1.05,0.94,52314991,58512214,https://www.sec.gov/Archives/edgar/data/922621/000092262114000029/0000922621-14-000029-index.htm,https://www.sec.gov/Archives/edgar/data/922621/000092262114000029/erie10-q06302014.htm,30.029633379847088,0.9366340137571656,0.9366340137571656,0.7263692351586183,199.5221599101489,149.4982575835672,149.4982575835672,14.43180980380939,0.0,3937226222.66,3637226222.66,20.08788889112245,2.50619110290261,80.3515555644898,103.61121638578948,5.214869169086093,5.214869169086093,2.315229931674093,24.16761609740864,74.22910658489796,95.71647954368422,0.0124453097762047,0.0096514647244036,0.0,0.0,-1.9933554817275747,0.0,0.0,1.0,0.0073655915002027,0.5918367346938775,0.0,0.0,0.0,0.2244897959183673,0.0070019096117122,0.0,0.0,17.439604029399437,0.3421926910299003,0.0028064146620847,15.27286891820358,300000000.0,7821000000.0,-9339000000.0,300000000.0,0.0,0.0,0.0,0.0,0.0,0.0,0.0,0.0,0.0,0.0649006622516556,0.2102647785985474,2014-07-31,0.94,amc,1327000000.0,2025-04-25,2014-06-30,0.0,73.83095238095238,47070.63492063492
2014-03-31,ERIE,USD,922621,2014-05-01,2014-05-01 16:33:03,2014,Q1,1461000000.0,1355000000.0,106000000.0,0.0725530459,0,0.0,0.0,-50000000.0,0.0,-50000000.0,1355000000.0,0.0,0.0,3500000.0,159500000.0,0.1091718001,156000000.0,0.1067761807,0.0,156000000.0,0.1067761807,47000000.0,46000000.0,0.0314852841,0.99,0.88,52503084,58699011,https://www.sec.gov/Archives/edgar/data/922621/000092262114000019/0000922621-14-000019-index.htm,https://www.sec.gov/Archives/edgar/data/922621/000092262114000019/erie10-q03312014.htm,27.82693679479857,0.8761390092818166,1.0285110108960456,0.914232009685374,193.26483754744768,146.4675865516776,146.4675865516776,14.13250314971974,0.0,3662615139.84,3283615139.84,19.905517064347823,2.506923435893224,67.82620629333334,76.30448208,4.936139002479784,4.936139002479784,2.247512073812457,20.586928776426333,60.807687774814816,68.40864874666667,0.0125593321284664,0.0131053900470953,0.0,0.0,-2.376175548589342,0.0,0.0,1.173913043478261,0.0081908687794346,0.6521739130434783,0.0,0.0,0.0,0.1111111111111111,0.0041067761806981,0.0,0.0,16.69119047390033,0.1251435132032147,0.0027169098104069,17.25612918281143,379000000.0,7690000000.0,-8862000000.0,379000000.0,0.0,0.0,0.0,0.0,0.0,0.0,0.0,0.0,0.0,0.0619946091644204,0.1142790012106717,2014-05-01,0.78,amc,1161931034.0,2025-04-25,2014-03-31,0.1153846153846153,70.35016393442622,48590.31147540984
2013-12-31,ERIE,USD,922621,2014-02-27,2014-02-27 16:36:36,2013,Q4,1648000000.0,1227000000.0,421000000.0,0.255461165,0,0.0,0.0,1648000000.0,0.0,1648000000.0,1234000000.0,0.0,0.0,-278000000.0,473500000.0,0.2873179612,470000000.0,0.2851941748,0.0,470000000.0,0.2851941748,156000000.0,36000000.0,0.0218446602,0.68,0.68,53758944,52715338,https://www.sec.gov/Archives/edgar/data/922621/000092262114000008/0000922621-14-000008-index.htm,https://www.sec.gov/Archives/edgar/data/922621/000092262114000008/erie10-k12312013.htm,30.65536406369887,0.669656011100218,3.980732954873518,3.6459049493234095,186.1829726417245,140.44174677240684,140.44174677240684,13.65354200409889,0.0,3930853985.28,3478853985.28,27.29759712,2.385226932815534,18.36847656672897,20.05537747591837,5.355386900926431,5.355386900926431,2.11095508815534,7.347104509567054,16.256327034018693,17.749255026938776,0.0091583152502765,0.0498619385848387,0.0,0.0,-0.9545934530095036,0.0,0.0,0.0,0.0071231340835483,0.7777777777777778,0.0,0.0,0.0,0.0841121495327102,0.0109223300970873,1.2857142857142858,0.0054611650485436,14.342993784657308,0.6916299559471366,0.0021587910769968,16.425173827819236,452000000.0,7550000000.0,-8674000000.0,452000000.0,0.0,0.0,0.0,0.0,0.0,0.0,0.0,0.0,0.0,0.0490463215258855,0.334828005550109,2014-02-27,0.54,bmo,3648385074.0,2025-04-25,2013-12-31,0.2407407407407407,71.29421875,23680.703125
2013-09-30,ERIE,USD,922621,2013-10-31,2013-10-31 16:37:05,2013,Q3,1540000000.0,1179000000.0,361000000.0,0.2344155844,0,0.0,0.0,-1577000000.0,1540000000.0,-37000000.0,1179000000.0,0.0,0.0,2750000.0,400750000.0,0.2602272727,398000000.0,0.2584415584,0.0,398000000.0,0.2584415584,131000000.0,46000000.0,0.0298701299,0.98,0.87,52873563,58952050,https://www.sec.gov/Archives/edgar/data/922621/000092262113000028/0000922621-13-000028-index.htm,https://www.sec.gov/Archives/edgar/data/922621/000092262113000028/erie10-q09302013.htm,29.126087076825144,0.8700000035934783,0.8700000035934783,0.7754347858115784,186.3313051174554,136.15500056237934,136.15500056237934,12.425869616541636,0.0,3831747110.61,3296747110.61,20.824712557663045,2.488147474422078,83.29885023065218,93.4572466002439,5.832187382968036,5.832187382968036,2.140744877019481,8.226443195533376,71.66841544804348,80.40846611243903,0.0120049676223744,0.0107000798373337,0.0,0.0,-1.3349968808484092,0.0,0.0,1.0,0.0073073715962279,0.6086956521739131,0.0,0.0,0.0,0.108695652173913,0.0032467532467532,0.0,0.0,15.596037918281509,0.462738301559792,0.0028076171875,12.615000052105437,535000000.0,7199000000.0,-8650000000.0,535000000.0,0.0,0.0,0.0,0.0,0.0,0.0,0.0,0.0,0.0,0.0700152207001522,0.0945652177818998,2013-10-31,0.96,amc,3154604651.0,2025-04-25,2013-09-30,-0.1041666666666666,77.1421875,22474.53125
2013-06-30,ERIE,USD,922621,2013-08-01,2013-08-01 16:27:24,2013,Q2,1387000000.0,1163000000.0,224000000.0,0.1614996395,0,0.0,0.0,-1426000000.0,1387000000.0,-39000000.0,1163000000.0,0.0,0.0,2750000.0,0.0,0.0,263000000.0,0.1896178803,0.0,263000000.0,0.1896178803,86000000.0,44000000.0,0.0317231435,0.95,0.84,52794192,58987059,https://www.sec.gov/Archives/edgar/data/922621/000092262113000018/0000922621-13-000018-index.htm,https://www.sec.gov/Archives/edgar/data/922621/000092262113000018/erie10-q06302013.htm,26.27182929516186,0.8334250100844426,0.8334250100844426,0.5871858025594937,180.7964027558183,131.98421523337265,131.98421523337265,12.25513594374169,0.0,4289528100.0,3924528100.0,24.37231875,3.092666258111031,97.489275,138.3718741935484,6.629873415765069,6.629873415765069,2.829508363374189,0.0,89.19382045454546,126.59768064516128,0.0102575385856546,0.0072269021853476,0.0,0.0,0.0,0.0,0.0,1.0,0.0065275245545075,0.6363636363636364,0.0,0.0,0.0,0.2954545454545454,0.0093727469358327,0.0,0.0,15.159455067505906,0.4338235294117647,0.0027709553498331,12.00889673621674,365000000.0,6968000000.0,-8546000000.0,365000000.0,0.0,0.0,0.0,0.0,0.0,0.0,0.0,0.0,0.0,0.0680061823802163,0.2462392075249489,2013-08-01,0.92,bmo,1562904761.0,2025-04-25,2013-06-30,-0.0869565217391305,77.75,27146.890625
2013-03-31,ERIE,USD,922621,2013-04-29,2013-04-29 16:24:18,2013,Q1,1535000000.0,1135000000.0,400000000.0,0.2605863192,0,0.0,0.0,-1571000000.0,1535000000.0,-36000000.0,1135000000.0,0.0,0.0,2750000.0,0.0,0.0,436000000.0,0.2840390879,0.0,436000000.0,0.2840390879,146000000.0,37000000.0,0.0241042345,0.78,0.69,53623188,59060965,https://www.sec.gov/Archives/edgar/data/922621/000092262113000009/0000922621-13-000009-index.htm,https://www.sec.gov/Archives/edgar/data/922621/000092262113000009/erie10-q03312013.htm,28.62567589230241,0.6900000052216216,2.368378396301242,2.2564865035626007,180.74270407048533,130.85756855784106,130.85756855784106,11.860540630295985,0.0,4050695621.520001,3662695621.520001,27.369565010270275,2.638889655713355,31.895241114330712,33.47682331834711,6.369018272830189,6.369018272830189,2.3861209260716616,0.0,28.84012300409449,30.27021174809918,0.0091342335877895,0.0298714125438522,0.0,0.0,0.0,0.0,0.0,3.4324324324324325,0.0,0.0,0.0,0.0,0.0,0.0472440944881889,0.0039087947882736,0.0,0.0,13.569631339089444,0.6791569086651054,0.0023431068330061,17.119459589012127,388000000.0,7017000000.0,-8386000000.0,388000000.0,0.0,0.0,0.0,0.0,0.0,0.0,0.0,0.0,0.0,0.0581761006289308,0.1118918927386413,2013-04-29,0.72,amc,1639304347.0,2025-04-25,2013-03-31,-0.0416666666666667,72.64483333333332,37279.8
2012-12-31,ERIE,USD,922621,2013-02-26,2013-02-26 16:33:58,2012,Q4,1340000000.0,1207000000.0,133000000.0,0.0992537313,0,0.0,0.0,57000000.0,0.0,57000000.0,1175000000.0,0.0,0.0,2750000.0,0.0,0.0,76000000.0,0.0567164179,89000000.0,165000000.0,0.1231343284,46000000.0,30000000.0,0.0223880597,0.64,0.64,53717809,53193844,https://www.sec.gov/Archives/edgar/data/922621/000144530513000346/0001445305-13-000346-index.htm,https://www.sec.gov/Archives/edgar/data/922621/000144530513000346/erie10-k12312012.htm,24.94517227982995,0.5584740062648497,0.5584740062648497,0.4467792050118798,177.94843419618994,126.41989921815316,126.41989921815316,11.951343734067784,0.0,3718346738.98,3318346738.98,30.986222824833337,2.7748856261044774,123.94489129933334,154.93111412416667,5.791817350436137,5.791817350436137,2.4763781634179103,0.0,110.611557966,138.2644474575,0.0080681017952159,0.0064544814361727,0.0,0.0,0.0,0.0,0.0,1.0,0.0400715722495726,4.966666666666667,0.0,0.0,0.0,0.2,0.0044776119402985,0.0,0.0,12.25465557846469,0.1254281949934123,0.0019428793471925,16.921762389824945,400000000.0,6791000000.0,-8250000000.0,400000000.0,0.0,0.0,0.0,0.0,0.0,0.0,0.0,0.0,0.0,0.0467289719626168,0.1116948012529699,2013-02-26,0.54,amc,1372000000.0,2025-04-25,2012-12-31,0.0,66.14532258064517,35189.32258064516
2012-09-30,ERIE,USD,922621,2012-11-01,2012-11-01 16:55:39,2012,Q3,1419000000.0,1190000000.0,229000000.0,0.1613812544,0,0.0,0.0,-1327000000.0,1419000000.0,92000000.0,1190000000.0,0.0,0.0,-270000000.0,-133000000.0,-0.0937279774,137000000.0,0.096546864,133000000.0,270000000.0,0.1902748414,86000000.0,51000000.0,0.0359408034,1.08,0.96,53294376,59480446,https://www.sec.gov/Archives/edgar/data/922621/000110465912073242/0001104659-12-073242-index.htm,https://www.sec.gov/Archives/edgar/data/922621/000110465912073242/a12-18467_110q.htm,26.62569874164583,0.9569490033995331,0.9569490033995331,0.82560306175646,173.13271479151948,128.40003980907855,128.40003980907855,14.673218052126176,0.0,3430026039.36,3026026039.36,16.813853134117647,2.4172135583932346,67.25541253647059,77.95513725818182,4.386222556726342,4.386222556726342,2.1325060178717408,-22.752075483909778,59.33384390901961,68.77331907636363,0.0148686917868168,0.0128278909533321,0.0,0.0,3.037593984962406,0.0,0.0,1.0,0.0078716603577265,0.5294117647058824,0.0,0.0,0.0,0.1372549019607843,0.0049330514446793,0.0,0.0,17.774538849490277,0.2222927689594356,0.0032810087493566,9.8697093291795,404000000.0,6843000000.0,-8297000000.0,404000000.0,620500000.0,0.0,0.0,0.0,0.0,0.0,0.0,0.0,0.0,0.0652173913043478,0.1313459416430731,2012-11-01,0.83,amc,1303010752.0,2025-04-25,2012-09-30,0.1204819277108434,66.67380952380952,28726.63492063492
2012-06-30,ERIE,USD,922621,2012-08-02,2012-08-02 16:25:56,2012,Q2,1123000000.0,0.0,1123000000.0,1.0,0,0.0,0.0,0.0,1123000000.0,1123000000.0,1123000000.0,0.0,0.0,0.0,11000000.0,0.0097951915,11000000.0,0.0097951915,-81000000.0,-70000000.0,-0.0623330365,-32000000.0,43000000.0,0.0382902939,0.9,0.8,53597905,59783448,https://www.sec.gov/Archives/edgar/data/922621/000110465912053745/0001104659-12-053745-index.htm,https://www.sec.gov/Archives/edgar/data/922621/000110465912053745/a12-12463_110q.htm,20.95231147560711,0.8022701633580641,0.8022701633580641,0.5597233697846958,166.98413865243427,123.08316901565462,123.08316901565462,14.291603375169236,0.0,3838145977.05,3598145977.05,22.314802192151163,3.417761333081033,89.25920876860465,127.938199235,5.010634434791123,5.010634434791123,3.204048065048976,327.1041797318182,83.67781341976745,119.938199235,0.0112033258393808,0.0078162738414285,0.0,0.0,-21.818181818181817,0.0,0.0,1.0,0.0067741039959047,0.6046511627906976,0.0,0.0,0.0,0.3023255813953488,0.0115761353517364,0.0,0.0,16.061720235548492,0.0228790366721401,0.0028586624119133,26.78742760561257,240000000.0,6597000000.0,-8205000000.0,240000000.0,1204000000.0,0.0,0.0,99.45681211041853,0.0,0.0,0.9049153908138596,0.0,0.0,0.0561357702349869,0.2425467935733682,2012-08-02,0.94,amc,1329756097.0,2025-04-25,2012-06-30,-0.1276595744680851,72.47301587301588,46228.857142857145
2012-03-31,ERIE,USD,922621,2012-05-03,2012-05-03 16:24:22,2012,Q1,1499000000.0,0.0,1499000000.0,1.0,0,0.0,0.0,0.0,1499000000.0,1499000000.0,1499000000.0,0.0,0.0,0.0,216000000.0,0.144096064,0.0,0.0,534000000.0,534000000.0,0.3562374917,180000000.0,36000000.0,0.0240160107,0.76,0.67,53857799,60038044,https://www.sec.gov/Archives/edgar/data/922621/000110465912032634/0001104659-12-032634-index.htm,https://www.sec.gov/Archives/edgar/data/922621/000110465912032634/a12-6926_110q.htm,27.83255216203692,0.6684268698020875,1.336853739604175,1.206881848253769,163.82028534066163,123.95604952218712,123.95604952218712,14.408312526844998,0.0,4197676854.06,3998676854.06,29.15053370875,2.8003181147831886,58.3010674175,64.57964390861538,5.409377389252577,5.409377389252577,2.66756294466978,18.51239284287037,55.53717852861111,61.51810544707692,0.0085761723094956,0.0154847555588115,0.0,0.0,-0.9212962962962964,0.0,0.0,2.0,0.0064321292321217,0.75,0.0,0.0,0.0,0.0972222222222222,0.0046697798532354,0.0,0.0,14.72057481665058,0.0,0.0024271844660194,28.63559277645193,199000000.0,6676000000.0,-7957000000.0,199000000.0,1154500000.0,0.0,0.0,70.0667111407605,0.0,0.0,1.284490145672665,0.0,0.0,0.0463917525773195,0.1299718913504059,2012-05-03,0.8,amc,1900000000.0,2025-04-25,2012-03-31,-0.2,76.71725806451613,35461.22580645161
2011-12-31,ERIE,USD,922621,2012-02-27,2012-02-27 16:57:12,2011,Q4,1419000000.0,0.0,1419000000.0,1.0,0,0.0,0.0,0.0,1419000000.0,1419000000.0,1419000000.0,0.0,0.0,0.0,170000000.0,0.1198026779,0.0,0.0,425000000.0,425000000.0,0.2995066949,144000000.0,26000000.0,0.0183227625,0.54,0.54,48503383,48503383,https://www.sec.gov/Archives/edgar/data/922621/000110465912013263/0001104659-12-013263-index.htm,https://www.sec.gov/Archives/edgar/data/922621/000110465912013263/a11-32394_110k.htm,29.255691298893524,0.5360450837006565,2.78331101152264,2.659608299899411,177.59585965374828,129.74352737416274,129.74352737416274,16.101969629623568,0.0,3791024415.28,3606024415.28,36.452157839230765,2.671616924087385,28.081662335407405,29.38778616496124,4.8540645522151085,4.8540645522151085,2.54124342162086,21.21190832517647,26.71129196503703,27.953677637829458,0.0068583045509295,0.0340277418103814,0.0,0.0,-1.088235294117647,0.0,0.0,0.0,0.006594523606663,0.9615384615384616,0.0,0.0,0.0,0.0518518518518518,0.0049330514446793,0.0,0.0,13.93578441645042,0.0,0.0018120992472818,29.18353138377997,185000000.0,6293000000.0,-7870000000.0,185000000.0,1187000000.0,0.0,0.0,72.43128964059197,0.0,0.0,1.2425569176882665,0.0,0.0,0.0332906530089628,0.1443198302270998,2012-02-27,0.58,amc,1752340425.0,2025-04-25,2011-12-31,-0.1896551724137931,75.65428571428572,63340.92063492064
2011-09-30,ERIE,USD,922621,2011-11-03,2011-11-03 16:22:44,2011,Q3,756000000.0,0.0,756000000.0,1.0,0,0.0,0.0,0.0,756000000.0,756000000.0,756000000.0,0.0,0.0,0.0,-78000000.0,-0.1031746032,0.0,0.0,-305000000.0,-305000000.0,-0.4034391534,-125000000.0,47000000.0,0.0621693122,0.97,0.87,54613783,60795421,https://www.sec.gov/Archives/edgar/data/922621/000110465911060593/0001104659-11-060593-index.htm,https://www.sec.gov/Archives/edgar/data/922621/000110465911060593/a11-25646_110q.htm,13.84265946198966,0.860588617345918,0.4577599028435734,0.4577599028435734,156.31585162302343,111.65679550160442,111.65679550160442,15.47228471611278,0.0,3887409073.940001,3811409073.940001,20.677707840106383,5.142075494629631,155.4963629576,155.4963629576,4.600484111171598,4.600484111171598,5.041546394100529,-48.86421889666667,152.45636295760002,152.45636295760002,0.0120903149388299,0.006431018584484,0.0,0.0,0.9743589743589745,0.0,0.0,0.0,0.006431018584484,0.5319148936170213,0.0,0.0,0.0,0.0,0.0,0.0,0.0,17.308772992271642,0.0,0.0032952394306948,23.730273363410845,76000000.0,6098000000.0,-8089000000.0,76000000.0,1223500000.0,0.0,0.0,146.66666666666666,0.0,0.0,0.6136363636363636,0.0,0.0,0.0556213017751479,0.0,2011-11-03,0.77,amc,659053763.0,2025-04-25,2011-09-30,0.2077922077922078,71.75125,70618.40625
2011-06-30,ERIE,USD,922621,2011-08-30,2011-08-30 16:16:23,2011,Q2,1207000000.0,0.0,1207000000.0,1.0,0,0.0,0.0,0.0,1207000000.0,1207000000.0,1207000000.0,0.0,0.0,0.0,-15000000.0,-0.0124275062,-15000000.0,-0.0124275062,-159000000.0,-174000000.0,-0.1441590721,-67000000.0,52000000.0,0.0430820215,1.05,0.94,55360461,61547376,https://www.sec.gov/Archives/edgar/data/922621/000110465911049441/0001104659-11-049441-index.htm,https://www.sec.gov/Archives/edgar/data/922621/000110465911049441/a11-13827_310qa.htm,21.802564107983137,0.9392985365493975,0.9392985365493975,0.9392985365493975,156.14031826794218,115.28083192804336,115.28083192804336,15.642933320226506,0.0,3915091801.92,3806091801.92,18.82255674,3.24365517971831,75.29022696,75.29022696,4.520891226235566,4.520891226235566,3.153348634565037,-253.73945346133337,73.19407311384616,73.19407311384616,0.0132819363199858,0.0132819363199858,0.0,0.0,7.266666666666667,0.0,0.0,1.0,0.0066409681599929,0.5,0.0,0.0,0.0,0.0,0.0,0.0,0.0,18.182440662302263,-0.0838557993730407,0.0035318888813421,21.933524000098192,109000000.0,6382000000.0,-8232000000.0,109000000.0,1186500000.0,0.0,0.0,90.59652029826016,0.0,0.0,0.9934156378600824,0.0,0.0,0.0600461893764434,0.0,2011-08-02,0.76,amc,1087586206.0,2025-04-25,2011-06-30,0.1447368421052631,70.47285714285714,55953.69841269841
2011-03-31,ERIE,USD,922621,2011-05-05,2011-05-05 16:15:06,2011,Q1,1293000000.0,0.0,1293000000.0,1.0,0,0.0,0.0,0.0,1293000000.0,1293000000.0,1293000000.0,0.0,0.0,0.0,182000000.0,0.1407579273,0.0,0.0,412000000.0,412000000.0,0.3186388244,138000000.0,44000000.0,0.034029389,0.88,0.78,55899456,62079238,https://www.sec.gov/Archives/edgar/data/922621/000110465911026329/0001104659-11-026329-index.htm,https://www.sec.gov/Archives/edgar/data/922621/000110465911026329/a11-8612_110q.htm,23.130815441209304,0.787127516947571,1.6458120808903758,1.7710369131320347,153.90131882499895,117.19255371644404,117.19255371644404,15.97511074168593,0.0,3975010316.16,3764010316.16,22.58528588727273,3.0742539181438517,43.20663387130435,40.15161935515151,4.451299346203808,4.451299346203808,2.9110675298994586,20.681375363516484,40.91315561043478,38.02030622383838,0.0110691536626011,0.0249055957408526,0.0,0.0,-1.1593406593406594,0.0,0.0,2.090909090909091,0.0065408635279007,0.5909090909090909,0.0,0.0,0.0,0.0760869565217391,0.0054137664346481,0.0,0.0,16.82037776475245,0.0,0.0030234315948601,26.28827013987399,211000000.0,6551000000.0,-7791000000.0,211000000.0,1150500000.0,0.0,0.0,80.60324825986079,0.0,0.0,1.116580310880829,0.0,0.0,0.0492721164613661,0.125224832241659,2011-05-05,0.71,amc,1258636363.0,2025-04-25,2011-03-31,0.0845070422535212,68.26290322580645,58473.75806451613
2010-12-31,ERIE,USD,922621,2011-02-24,2011-02-24 17:14:50,2010,Q4,1331000000.0,0.0,1331000000.0,1.0,0,0.0,0.0,0.0,1331000000.0,1331000000.0,1331000000.0,0.0,0.0,-3000000.0,0.0,0.0,0.0,0.0,417000000.0,417000000.0,0.313298272,163000000.0,12000000.0,0.0090157776,0.24,0.24,50499551,50499551,https://www.sec.gov/Archives/edgar/data/922621/000095012311017950/0000950123-11-017950-index.htm,https://www.sec.gov/Archives/edgar/data/922621/000095012311017950/l41756e10vk.htm,26.35666998306579,0.237625875129068,5.06935200275345,4.9505390651889165,169.64507268589378,125.4268577556264,125.4268577556264,18.05956650980917,0.0,3306205603.97,2876205603.97,68.87928341604166,2.484001205086401,12.914865640507813,13.22482241588,3.6252254429495614,3.6252254429495614,2.1609358406987225,0.0,11.235178140507813,11.50482241588,0.0036295383401415,0.0756153820862825,0.0,0.0,0.0,60.5,0.0,21.33333333333333,0.0072590766802831,2.0,0.0,0.0,0.0,0.0234375,0.0045078888054094,0.0,0.0,9.82633994261153,0.0,0.0008365867261572,28.0051994917737,1547000000.0,6334000000.0,-6437000000.0,1547000000.0,1170000000.0,0.0,0.0,77.2877535687453,0.0,0.0,1.1644794400699912,0.0,0.0,0.0131578947368421,0.118812937564534,2011-02-24,0.67,amc,2933343750.0,2025-04-25,2010-12-31,-0.5223880597014926,60.58171875,46674.09375
2010-09-30,ERIE,USD,922621,2010-11-04,2010-11-04 16:27:28,2010,Q3,1329000000.0,0.0,1329000000.0,1.0,0,0.0,0.0,0.0,1329000000.0,1329000000.0,1329000000.0,0.0,0.0,0.0,184000000.0,0.1384499624,0.0,0.0,405000000.0,405000000.0,0.3047404063,130000000.0,54000000.0,0.0406320542,1.05,0.94,56609951,62788721,https://www.sec.gov/Archives/edgar/data/922621/000095012310100942/0000950123-10-100942-index.htm,https://www.sec.gov/Archives/edgar/data/922621/000095012310100942/l40831e10vq.htm,23.47643791459915,0.9538958972071888,4.469178925804052,4.363190492781031,152.09340138803512,109.98066400022144,109.98066400022144,16.922819806009016,0.0,3173553853.06,2861553853.06,14.692378949351852,2.3879261497817907,12.54369111881423,12.848396166234815,3.31268669421712,3.31268669421712,2.1531631700978178,15.55192311445652,11.31048953778656,11.585238271497976,0.0170156242812556,0.0778307258790765,0.0,0.0,-1.6956521739130437,0.0,0.0,4.685185185185185,0.007562499680558,0.4444444444444444,0.0,0.0,0.0,0.0237154150197628,0.0045146726862302,0.0,0.0,19.058034751723287,0.0,0.0038140980364458,27.835212222670886,312000000.0,6226000000.0,-7620000000.0,312000000.0,1187500000.0,0.0,0.0,81.06094808126412,0.0,0.0,1.1102756892230576,0.0,0.0,0.0563674321503131,0.105988433023021,2010-11-04,0.72,amc,1097797752.0,2025-04-25,2010-09-30,0.2361111111111112,51.03828125,67666.65625
2010-06-30,ERIE,USD,922621,2010-08-17,2010-08-17 16:25:11,2010,Q2,889000000.0,0.0,889000000.0,1.0,0,0.0,0.0,0.0,889000000.0,889000000.0,889000000.0,0.0,0.0,0.0,29000000.0,0.0326209224,0.0,0.0,-51000000.0,-51000000.0,-0.057367829,-20000000.0,49000000.0,0.0551181102,0.96,0.86,57123758,63308003,https://www.sec.gov/Archives/edgar/data/922621/000095012310078550/0000950123-10-078550-index.htm,https://www.sec.gov/Archives/edgar/data/922621/000095012310078550/l40164be10vqza.htm,15.562701599569133,0.8577867023384561,3.238582447604375,3.028512234786794,144.44077716315513,102.74183991886528,102.74183991886528,16.455500004043852,0.0,2599130989.0,2376130989.0,13.260872392857143,2.923656905511811,14.0493566972973,15.023878549132949,2.7650329670212765,2.7650329670212765,2.672813260967379,81.93555134482759,12.843951291891893,13.734861208092486,0.0188524549964495,0.0665607084568526,0.0,0.0,-7.689655172413793,0.0,0.0,3.7755102040816326,0.0096185994879844,0.5102040816326531,0.0,0.0,0.0,0.0648648648648648,0.0134983127109111,0.0,0.0,17.821179938081613,0.0,0.0036109064112011,25.094637506166872,223000000.0,5869000000.0,-7478000000.0,223000000.0,1157500000.0,0.0,0.0,119.25759280089989,0.0,0.0,0.7546689303904923,0.0,0.0,0.052127659574468,0.2100702128175811,2010-07-29,0.74,amc,764943820.0,2025-04-25,2010-06-30,0.2027027027027027,45.3931746031746,78207.66666666667
2010-03-31,ERIE,USD,922621,2010-05-06,2010-05-06 16:24:14,2010,Q1,1213000000.0,0.0,1213000000.0,1.0,0,0.0,0.0,0.0,1213000000.0,1213000000.0,1213000000.0,0.0,0.0,3000000.0,0.0,0.0,0.0,0.0,228000000.0,228000000.0,0.1879637263,66000000.0,47000000.0,0.0387469085,0.92,0.82,57296136,63467943,https://www.sec.gov/Archives/edgar/data/922621/000095012310045541/0000950123-10-045541-index.htm,https://www.sec.gov/Archives/edgar/data/922621/000095012310045541/l39492e10vq.htm,21.170712105263085,0.8202996446392127,0.4712359660693349,0.3141573107128899,140.13161376187742,103.16577020132736,103.16577020132736,16.196554685642326,0.0,2471182345.6800003,2269182345.6800003,13.144586945106385,2.0372484300741966,91.52527206222224,137.28790809333336,2.662912010431034,2.662912010431034,1.870719163792251,0.0,84.04379058074075,126.06568587111111,0.0190192359063114,0.0072839626875235,0.0,0.0,0.0,0.0,0.0,0.1666666666666666,0.0101166148437826,0.5319148936170213,0.0,0.0,0.0,0.3333333333333333,0.0074196207749381,3.0,0.0,17.289755093487283,0.0,0.0034944237918215,23.435262719985165,202000000.0,5911000000.0,-7337000000.0,202000000.0,1129000000.0,29318000.0,0.0,84.36108821104699,0.0,0.0,1.0668425681618294,0.0,0.0,0.0506465517241379,0.1570786553564449,2010-05-06,0.53,amc,838363636.0,2025-04-25,2010-03-31,0.4528301886792452,39.77573770491804,50819.11475409836
2009-12-31,ERIE,USD,922621,2010-02-25,2010-02-25 16:39:46,2009,Q4,286070000.0,0.0,286070000.0,1.0,0,202412000.0,-15392000.0,187020000.0,99050000.0,286070000.0,286070000.0,0.0,0.0,87977000.0,0.0,0.0,-48167000.0,-0.1683748733,88103000.0,39936000.0,0.1396021953,14869000.0,24941000.0,0.0871849547,0.49,0.49,51252693,51252693,https://www.sec.gov/Archives/edgar/data/922621/000095012310017102/0000950123-10-017102-index.htm,https://www.sec.gov/Archives/edgar/data/922621/000095012310017102/l38824e10vk.htm,5.581560367959592,0.486628088010907,1.5656933382993163,1.3831858552291096,15.184685027184816,224.8166745111325,224.8166745111325,17.598626476076095,0.0,1999880080.86,1923375080.86,20.04610962732048,6.990876641591219,24.92186627196371,28.2102364280878,2.2172184887863,2.2172184887863,6.7234420975984905,0.0,23.968485418089376,27.13105965214693,0.0124712477706536,0.0354481254543595,0.0,0.0,0.0,11.342357475632095,0.0,0.0,0.0348600901960183,2.795236758750652,0.707561086447373,0.0,0.0,0.1165665578346584,0.0326982906281679,0.0,0.0,13.88127097774546,-0.0102371506532973,0.0018770979152555,-2.839538597513305,1902487000.0,11522460000.0,321898000.0,1902487000.0,1218075000.0,57653000.0,0.0,352.67591848149056,0.0,0.0,0.2551917930419268,0.0,0.0,0.0276514811353282,0.1825074830702066,2010-02-25,0.48,amc,1417846153.0,2025-04-25,2009-12-31,-0.1874999999999999,37.17953125,69512.25
2009-09-30,ERIE,USD,922621,2009-10-29,2009-10-29 16:46:49,2009,Q3,312158000.0,0.0,312158000.0,1.0,0,202412000.0,0.0,202412000.0,252304000.0,252304000.0,261056000.0,0.0,0.0,7959000.0,56126000.0,0.1797999731,48167000.0,0.1543032695,307833000.0,356000000.0,1.1404481064,104000000.0,40000000.0,0.1281402367,0.77,0.69,57363093,63494300,https://www.sec.gov/Archives/edgar/data/922621/000095012309054889/0000950123-09-054889-index.htm,https://www.sec.gov/Archives/edgar/data/922621/000095012309054889/l37841e10vq.htm,5.441791641186433,0.6973124688377595,0.7754288981593095,4.149009189584669,12.62621944043359,15.30801346433673,15.30801346433673,15.30801346433673,0.0,2148821463.78,2111949463.78,13.430134148625,6.88376227352815,48.30874898900655,9.02866161252101,2.4470843383611487,2.4470843383611487,6.765642603361119,37.62871866478994,47.47981079067468,8.87373724277311,0.0186148550143555,0.1107583873354156,0.0,0.0,-0.656950432954424,9528.15350877193,0.0,1.1208234641939223,0.0111689130086133,0.6,0.6484280396465892,0.0,0.0,0.0899260358355252,0.0128140236675017,0.0,0.0,15.49759803617683,0.0105893973454977,0.0147629803504731,-2.1045500457933817,2172191000.0,878115000.0,341054000.0,2172191000.0,1306065000.0,54369500.0,0.0,379.1781725920848,0.0,0.0,0.2373554347412842,0.0,0.0,0.045552120166493,0.0697312468837759,2009-10-29,0.65,amc,1282272727.0,2025-04-25,2009-09-30,0.0153846153846153,37.25875,113822.25
2009-06-30,ERIE,USD,922621,2009-08-05,2009-08-05 16:40:25,2009,Q2,316597000.0,0.0,316597000.0,1.0,0,0.0,0.0,0.0,244074000.0,244074000.0,270872000.0,0.0,0.0,0.0,47589000.0,0.1503141217,47589000.0,0.1503141217,210411000.0,258000000.0,0.8149161237,-13000000.0,33000000.0,0.1042334577,0.63,0.57,57351093,63500702,https://www.sec.gov/Archives/edgar/data/922621/000095012309030340/0000950123-09-030340-index.htm,https://www.sec.gov/Archives/edgar/data/922621/000095012309030340/l37028e10vq.htm,5.52033071104678,0.5754031575300579,4.06269502134859,3.975512724753127,11.767500228809938,14.456847404808832,14.456847404808832,14.456847404808832,0.0,2050875085.68,2024458085.68,15.536932467272726,6.477872770999093,8.802038994334763,8.995066165263157,2.4735683374582083,2.4735683374582083,6.394432308834259,42.540462831326565,8.68866131193133,8.879202130175438,0.016090692324666,0.111172056061329,0.0,0.0,-0.5551072726890668,11.30706812218587,0.0,0.0,0.0112147249535551,0.696969696969697,0.0,0.0,0.0,0.0214592274678111,0.0157929481327997,0.0,0.0,13.680884547600993,0.0172018043741331,0.0125202600571834,-2.7723621588170952,1909137000.0,829116000.0,287751000.0,1909137000.0,1246719500.0,49717500.0,0.0,368.696481647015,0.0,0.0,0.2441032244136378,0.0,0.0,0.0398014270620757,0.0871822965954633,2009-08-05,0.71,amc,1471982142.0,2025-04-25,2009-06-30,-0.2112676056338027,34.74587301587301,175816.0
2009-03-31,ERIE,USD,922621,2009-04-30,2009-04-30 16:21:52,2009,Q1,281502000.0,0.0,281502000.0,1.0,0,0.0,0.0,182627000.0,673373000.0,238160000.0,266190000.0,0.0,0.0,-11000000.0,0.0,0.0,13752000.0,0.0488522284,-353752000.0,-340000000.0,-1.2078066941,-89000000.0,11000000.0,0.0390760989,0.22,0.19,57380640,63519860,https://www.sec.gov/Archives/edgar/data/922621/000095015209004475/0000950152-09-004475-index.htm,https://www.sec.gov/Archives/edgar/data/922621/000095015209004475/l36246ae10vq.htm,4.905870690881105,0.1917022884373544,0.9628857398592976,0.9500939689762958,12.126964774181674,13.540246326984152,13.540246326984152,13.540246326984152,0.0,1961270275.2,1883682275.2,44.57432443636363,6.967162845024192,35.49746204050605,35.97538887319552,2.524326306522444,2.524326306522444,6.691541357432629,0.0,34.09317976507213,34.5521997762166,0.0056086099601332,0.0277967808360531,0.0,0.0,0.0,11.260867854975388,0.0,4.9645969988318805,0.0117270935530058,2.090909090909091,0.0,0.0,0.0,0.013284827423938,0.0026074415101846,0.0,0.0,7.642196324028045,0.0036546893721768,0.0043265626561004,-3.0025588770010234,1825983000.0,776948000.0,238453000.0,1825983000.0,1272266500.0,49349500.0,0.0,382.5241383720187,0.0,0.0,0.2352792699122995,0.0,0.0,0.0141579616653881,0.0127917708830016,2009-04-30,0.54,bmo,1426344827.0,2025-04-25,2009-03-31,-0.462962962962963,34.43459016393443,136323.09836065574
2008-12-31,ERIE,USD,922621,2009-02-26,2009-02-26 16:32:36,2008,Q4,243302000.0,0.0,243302000.0,1.0,0,195297000.0,-8039000.0,187258000.0,56044000.0,243302000.0,246883000.0,0.0,0.0,8252000.0,0.0,0.0,-19643000.0,-0.0807350536,16062000.0,-3581000.0,-0.0147183336,-685000.0,-6302000.0,-0.0259019655,-0.12,-0.12,51376513,51376513,https://www.sec.gov/Archives/edgar/data/922621/000095015209001857/0000950152-09-001857-index.htm,https://www.sec.gov/Archives/edgar/data/922621/000095015209001857/l35096ae10vk.htm,4.73566588686157,-0.1226630542247972,1.3820517558285823,1.5484896765959963,13.231396221849469,15.413171384363904,15.413171384363904,15.413171384363904,0.0,1933298184.19,1872225184.19,-76.69383466320217,7.946084225324905,27.227634450954163,24.3010983984866,2.441418385717443,2.441418385717443,7.695066971048327,0.0,26.367511924371524,23.533425312861382,-0.0032597144359499,0.0411504033110814,0.0,0.0,0.0,12.039303597478892,0.0,-11.267058076801016,0.0359634124567961,-11.032688035544272,0.8026937715267446,0.0,0.0,0.1204281388634603,0.0351456214909865,1.036233640329617,0.0,,-0.005402530952833,-0.0024114309941202,-2.5434287453490665,1959929000.0,791875000.0,315959000.0,1959929000.0,1339445500.0,53152000.0,0.0,498.6669242340795,0.0,0.0,0.1804811902017248,0.0,0.0,-0.0079583267561168,0.1664379207674137,2009-02-26,0.51,bmo,402196551.0,2025-04-25,2008-12-31,-0.4313725490196078,36.52046875,108170.734375
2008-09-30,ERIE,USD,922621,2008-11-05,2008-11-05 16:31:19,2008,Q3,263379000.0,0.0,263379000.0,1.0,0,195297000.0,0.0,195297000.0,68082000.0,263379000.0,243736000.0,0.0,0.0,-92000.0,19551000.0,0.0742314308,19643000.0,0.0745807373,0.0,19643000.0,0.0745807373,6011000.0,4248000.0,0.0161288485,0.08,0.07,57498913,63655991,https://www.sec.gov/Archives/edgar/data/922621/000095015208008748/0000950152-08-008748-index.htm,https://www.sec.gov/Archives/edgar/data/922621/000095015208008748/l34204ae10vq.htm,4.580590940910483,0.0738796575163081,1.136508441472624,1.0828030783816731,11.891598715961813,16.240011354649436,16.240011354649436,16.240011354649436,0.5217489937592386,2430479052.51,2442321052.51,143.0366674028955,9.228066977663367,37.192860569719045,39.03756910552522,2.602830692473519,2.602830692473519,9.27302880073962,124.92051826044704,37.374074990971415,39.2277714826534,0.001747803584488,0.0256163491455328,0.0321273786307953,0.0109692181799434,0.6056979182650504,7.0563408703706765,0.0,15.383239171374765,0.0093738721905344,5.363229755178907,0.7415055870057977,0.0,0.0,0.0472546979249556,0.0117245490339017,0.3323288850624193,0.0,5.195733416102607,0.0046130793252017,0.0015532412942799,-2.0744087805625124,1830741000.0,933783000.0,331883000.0,1830741000.0,1326640500.0,51037500.0,0.0,454.7573268939437,0.0,0.0,0.1979077514038369,0.0,0.0,0.0045492368141206,0.0537053630909509,2008-11-05,0.78,bmo,436077777.0,2025-04-25,2008-09-30,-0.3076923076923076,45.3021875,105306.3125
2008-06-30,ERIE,USD,922621,2008-07-30,2008-07-30 16:25:18,2008,Q2,298330000.0,0.0,298330000.0,1.0,0,0.0,0.0,201338000.0,96992000.0,298330000.0,298330000.0,0.0,0.0,0.0,61603000.0,0.20649281,61603000.0,0.20649281,560000.0,62163000.0,0.2083699259,20288000.0,41315000.0,0.1384875809,0.8,0.71,57877296,64020422,https://www.sec.gov/Archives/edgar/data/922621/000095015208005783/0000950152-08-005783-index.htm,https://www.sec.gov/Archives/edgar/data/922621/000095015208005783/l32557ae10vq.htm,5.154525532775408,0.7138377715503502,0.48801519683988,0.4559127986905262,12.89056420327584,16.786098645658914,16.786098645658914,16.786098645658914,1.2958449199147106,2671037210.4,2729836210.4,16.162635909475977,8.953297390138438,94.56672722251726,101.2254977981582,2.7492987485769924,2.7492987485769924,9.150391212415782,44.3133647776894,96.648476204638,103.45382993140562,0.0154677740314268,0.0098789338827849,0.0771975041532257,0.0267403321220557,0.9544827362303784,6.478586730475308,0.0,0.0,0.0086509464974992,0.5592883940457462,0.0,0.0,0.0,0.0657815542573906,0.0062280025475144,0.0,0.0,16.419726037009085,0.0226467731544473,0.0147303576216364,-1.6465696669726937,1749247000.0,971534000.0,235317000.0,1749247000.0,1323476500.0,58017500.0,0.0,398.960077766232,0.0,0.0,0.2255864809930554,0.0,0.0,0.0425255317878736,0.0321023981493537,2008-07-30,0.92,bmo,340611494.0,2025-04-25,2008-06-30,-0.0543478260869565,51.59953125,85357.875
2008-03-31,ERIE,USD,922621,2008-04-30,2008-04-30 17:09:13,2008,Q1,263381000.0,0.0,263381000.0,1.0,0,0.0,0.0,181119000.0,82262000.0,263381000.0,263381000.0,0.0,0.0,0.0,44228000.0,0.167924034,44228000.0,0.167924034,253000.0,44481000.0,0.1688846196,14251000.0,29977000.0,0.1138161067,0.57,0.51,58950278,65087665,https://www.sec.gov/Archives/edgar/data/922621/000095015208003270/0000950152-08-003270-index.htm,https://www.sec.gov/Archives/edgar/data/922621/000095015208003270/l31213ae10vq.htm,4.467850007424901,0.5085132931858268,-0.2332983060741461,-0.2944515376161585,13.54765451657412,16.89491608504374,16.89491608504374,16.89491608504374,1.2722586312485245,3017664730.82,3061463730.82,25.16650040714548,11.45741238289778,-219.4186527172253,-173.84864217190918,3.029905549238925,3.029905549238925,11.623707597814573,69.22003551641494,-222.6033396946121,-176.37191674271227,0.0099338404607506,-0.0057521300569673,0.0753042290855054,0.0263069651022323,0.9903002622772904,6.457945261313656,0.0,0.0,0.007833209487648,0.7885378790405978,0.0,0.0,0.0,-0.2621246273540318,0.0136873958258188,0.0,0.0,13.903381310722052,0.0160055597877692,0.0105147185715949,-1.0685488200751148,1794365000.0,995960000.0,268131000.0,1794365000.0,1319590500.0,54994000.0,0.0,452.5915309001029,0.0,0.0,0.1988548036261531,0.0,0.0,0.0300985983372826,0.0611532315420124,2008-04-30,0.8,bmo,278358974.0,2025-04-25,2008-03-31,-0.025,50.49573770491803,74607.16393442624
2007-12-31,ERIE,USD,922621,2008-02-27,2008-02-27 17:25:18,2007,Q4,263426000.0,0.0,263426000.0,1.0,0,0.0,0.0,0.0,263426000.0,263426000.0,263426000.0,0.0,0.0,7421000.0,0.0,0.0,-64292000.0,-0.2440609507,116423000.0,52131000.0,0.1978961834,19370000.0,32601000.0,0.1237577156,0.59,0.59,55183547,55183547,https://www.sec.gov/Archives/edgar/data/922621/000095015208001475/0000950152-08-001475-index.htm,https://www.sec.gov/Archives/edgar/data/922621/000095015208001475/l29838ae10vk.htm,4.773632981584167,0.590773913101309,1.298847281418862,1.298847281418862,17.265037348904013,19.050587668820928,19.050587668820928,19.050587668820928,0.0,2863474253.83,2832404253.83,21.95848481511303,10.87012767847517,39.950809261667246,39.950809261667246,2.723800488576296,2.723800488576296,10.752181841693682,0.0,39.51732478311824,39.51732478311824,0.0113851206995819,0.0250307820662721,0.0,0.0,0.0,57.918552256618845,0.0,2.198552191650563,0.0242495632384765,2.129934664580841,0.0,0.0,0.0,0.0013951866062085,0.0003796132500208,0.0134752728742757,0.0,15.913148024188988,-0.011191677548668,0.0113252065310393,2.0190981924376845,2336905000.0,1051279000.0,550618000.0,2336905000.0,1317447000.0,44013000.0,0.0,449.1670526068042,0.0,0.0,0.2003708853480511,0.0,0.0,0.0310107973240215,0.001812134330546,2008-02-27,0.64,bmo,256185507.0,2025-04-25,2007-12-31,0.0781249999999998,55.02421875,83493.078125
2007-09-30,ERIE,USD,922621,2007-10-31,2007-10-31 16:25:15,2007,Q3,307122000.0,0.0,307122000.0,1.0,0,0.0,0.0,200913000.0,106209000.0,307122000.0,307122000.0,0.0,0.0,5057000.0,0.0,0.0,77165000.0,0.2512519455,-643000.0,76522000.0,0.2491583149,23669000.0,53496000.0,0.1741848516,0.97,0.87,61325147,67511819,https://www.sec.gov/Archives/edgar/data/922621/000095015207008424/0000950152-07-008424-index.htm,https://www.sec.gov/Archives/edgar/data/922621/000095015207008424/l28392ae10vq.htm,5.00809235728371,0.8723338241651504,1.3886309966774315,1.3821573065287556,15.65654624521324,17.060554294309316,17.060554294309316,17.060554294309316,0.4748622942558947,3740833967.0,3737797967.0,17.481839609503513,12.180286553877613,43.928156685220415,44.13390553438492,3.575499303697714,3.575499303697714,12.17040123143246,0.0,43.89250530778083,44.09808717452602,0.0143005544945106,0.0226583165004714,0.0278339311879385,0.010128240264772,0.0,1128.8821782178218,0.0,1.591827579116586,0.0061539753442898,0.4303312397188575,0.0,0.0,0.0,0.0273491627328025,0.0075833056570353,0.4605497330433063,0.0,18.29907696643387,0.0232714099118623,0.0186058288247053,1.978054777430864,2278322000.0,1046241000.0,451355000.0,2278322000.0,1328093000.0,46193500.0,0.0,386.8761599624905,0.0,0.0,0.2326325819836661,0.0,0.0,0.051131622637614,0.0379778951039448,2007-10-31,0.88,bmo,336600000.0,2025-04-25,2007-09-30,-0.0454545454545455,56.26952380952381,78263.92063492064
2007-06-30,ERIE,USD,922621,2007-08-01,2007-08-01 16:55:40,2007,Q2,301745000.0,-16360000.0,318105000.0,1.0542179655,0,0.0,0.0,195969000.0,122136000.0,318105000.0,318105000.0,0.0,0.0,9980000.0,74272000.0,0.2461416096,64292000.0,0.2130673251,36540000.0,100832000.0,0.3341629522,31505000.0,70486000.0,0.2335945915,1.22,1.11,63507836,69726514,https://www.sec.gov/Archives/edgar/data/922621/000095015207006276/0000950152-07-006276-index.htm,https://www.sec.gov/Archives/edgar/data/922621/000095015207006276/l26996ae10vq.htm,4.751303445451991,1.1098787872413098,1.3087361376948825,1.2823456935298505,17.600473743114158,18.958164469656943,18.958164469656943,18.958164469656943,0.4131301214546186,3431963457.44,3430908457.44,12.172500416536618,11.373721047374438,41.291745863442216,42.141522580581785,2.850486928019455,2.850486928019455,11.370224717692093,46.193834250323135,41.27905260711063,42.1285680993136,0.0205380974693062,0.0237295650172067,0.0217916730343723,0.0086825445676597,-0.0142045454545454,495.9078415521423,0.0,1.1791703316970743,0.0067459925745449,0.3284623896944074,0.0,0.0,0.0,0.0201648318594718,0.0055543588129049,0.1679358717434869,0.0,21.75841109256012,0.0179227364020166,0.0233257550938013,4.7543424405139545,2448804000.0,1203992000.0,635934000.0,2448804000.0,1324867000.0,44469000.0,0.0,398.4773898490448,-249.85452322738385,0.0,0.2258597408352196,-0.3602096085252543,0.0,0.0585435783626469,0.0263904441650318,2007-08-01,0.81,bmo,251397247.0,2025-04-25,2007-06-30,0.345679012345679,54.15904761904762,45670.76190476191
2007-03-31,ERIE,USD,922621,2007-05-02,2007-05-02 17:07:12,2007,Q1,291280000.0,0.0,291280000.0,1.0,0,0.0,0.0,179886000.0,111394000.0,291280000.0,291280000.0,0.0,0.0,8447000.0,0.0,0.0,80953000.0,0.2779215875,-1270000.0,79683000.0,0.2735615216,24592000.0,56361000.0,0.1934942324,0.97,0.88,63866489,70081658,https://www.sec.gov/Archives/edgar/data/922621/000095015207003853/0000950152-07-003853-index.htm,https://www.sec.gov/Archives/edgar/data/922621/000095015207003853/l25715ae10vq.htm,4.560764253065485,0.8824815780933253,0.1759764811871841,0.1641862604972695,17.252725447299913,18.4951923691938,18.4951923691938,18.4951923691938,0.0,3370234624.53,3359656624.53,14.949320560893172,11.57042922456056,299.86961691698554,321.4032638308221,2.8531738922540457,2.8531738922540457,11.534113651915684,0.0,298.9284299786458,320.394490227923,0.0167231680517969,0.0031113560829499,0.0,0.0,0.0,317.76124704025256,0.0,0.1994109401891378,0.0069030802279068,0.41278543673817,0.0,0.0,0.0,0.066998843313462,0.002585141444658,0.0891440748194625,0.0,19.163441688665426,0.0230721518450167,0.0189108978994042,4.51037006277267,2408019000.0,1181223000.0,616499000.0,2408019000.0,1339018000.0,42621500.0,0.0,405.9238533369953,0.0,0.0,0.2217164605137963,0.0,0.0,0.047714106481164,0.0117902206899145,2007-05-02,0.71,bmo,250811627.0,2025-04-25,2007-03-31,0.2112676056338028,54.50475409836066,46447.04918032787
2006-12-31,ERIE,USD,922621,2007-02-26,2007-02-26 17:31:07,2006,Q4,279041000.0,0.0,279041000.0,1.0,0,0.0,0.0,0.0,279041000.0,279041000.0,279041000.0,0.0,0.0,7019000.0,69080000.0,0.2475621862,130495000.0,0.4676552908,-70146000.0,60349000.0,0.2162728775,16542000.0,45519000.0,0.1631265656,0.79,0.79,57873922,57873922,https://www.sec.gov/Archives/edgar/data/922621/000095012807000016/0000950128-07-000016-index.htm,https://www.sec.gov/Archives/edgar/data/922621/000095012807000016/l24094ae10vk.htm,4.821532572131538,0.7865200495656749,1.6540437677612378,1.640393405513454,19.82976028477904,20.075501363118263,20.075501363118263,20.075501363118263,0.0,3355529997.56,3295288997.56,18.42928226432917,12.025222091233903,35.05348596577732,35.34517988497514,2.888097236092845,2.888097236092845,11.809336253668816,47.7025043074696,34.42417940329691,34.71063661371871,0.0135653682229333,0.028292400922964,0.0,0.0,-0.8720469021424435,62.94034465402776,0.0,2.1029899602363846,0.0062419349596726,0.4601375249895648,0.0,0.0,0.0,0.0082527213087353,0.0028311251751534,0.1125516455335517,0.0,18.84861128469283,0.0316000755430857,0.0149765032847364,5.068388142072003,2584337000.0,1161848000.0,748547000.0,2584337000.0,1360076000.0,41594000.0,0.0,440.0275945112009,0.0,0.0,0.2045326273230099,0.0,0.0,0.0391781024712354,0.013650362247784,2007-02-26,0.68,bmo,287571014.0,2025-04-25,2006-12-31,0.014705882352941,54.05126984126984,50365.07936507936
2006-09-30,ERIE,USD,922621,2006-11-01,2006-11-01 16:41:00,2006,Q3,303158000.0,0.0,303158000.0,1.0,0,0.0,0.0,0.0,234434000.0,234434000.0,223586000.0,0.0,0.0,9679000.0,0.0,0.0,80206000.0,0.2645683109,-634000.0,79572000.0,0.2624769922,27421000.0,52785000.0,0.174117127,0.91,0.82,64049122,64129350,https://www.sec.gov/Archives/edgar/data/922621/000095015206008658/0000950152-06-008658-index.htm,https://www.sec.gov/Archives/edgar/data/922621/000095015206008658/l22868ae10vq.htm,4.73321086275,0.8241330771091601,1.1633883131138003,1.134863331928266,16.821276644510444,18.07998242349052,18.07998242349052,18.07998242349052,0.0,3354252519.14,3316608519.14,15.88639063720754,11.064370787312226,45.01506454008643,46.14652577682392,2.8965736123702186,2.8965736123702186,10.94019791376114,0.0,44.50987088520278,45.62863399424931,0.015736740063188,0.021670103722136,0.0,0.0,0.0,62.446521162426144,0.0,1.4116510372264848,0.0062791933164889,0.3990148716491427,0.0,0.0,0.0,0.0245188823576777,0.0060265604074443,0.1887591693356752,0.0,18.310024845611007,0.0204532620406462,0.0176338179111617,4.042186557998407,2547880000.0,1158007000.0,753956000.0,2547880000.0,1346752500.0,38090000.0,0.0,402.52257898521566,0.0,0.0,0.2235899417789073,0.0,0.0,0.0455826260117598,0.0285249811855344,2006-11-01,0.77,bmo,291301204.0,2025-04-25,2006-09-30,0.0779220779220778,50.74190476190476,41088.269841269845
2006-06-30,ERIE,USD,922621,2006-08-02,2006-08-02 17:10:31,2006,Q2,311535000.0,0.0,311535000.0,1.0,0,0.0,0.0,0.0,240653000.0,240653000.0,226595000.0,0.0,0.0,9618000.0,0.0,0.0,86270000.0,0.2769191263,-1330000.0,84940000.0,0.272649943,30015000.0,56255000.0,0.1805736113,0.95,0.86,65471615,65554096,https://www.sec.gov/Archives/edgar/data/922621/000095015206006395/0000950152-06-006395-index.htm,https://www.sec.gov/Archives/edgar/data/922621/000095015206006395/l21298ae10vq.htm,4.758321602422668,0.8592273155320821,1.4031729628175509,1.3979493250624715,16.019873650588885,17.16082610761931,17.16082610761931,17.16082610761931,0.0,3404523980.0,3388812980.0,15.129872811305662,10.928223088898518,37.05886685244045,37.19734261302799,3.0301571540843417,3.0301571540843417,10.877792158184471,0.0,36.88784974093264,37.0256864716037,0.0165236022217708,0.0268836408665859,0.0,0.0,0.0,73.18634595995967,0.0,1.6330637276686517,0.0064355546116611,0.3894764909785796,0.0,0.0,0.0,0.0037227326163626,0.0010977899754441,0.0355583281347473,0.0,18.21437996054652,0.0222121172876102,0.0193326315782238,4.0594118535185055,2505949000.0,1123547000.0,754364000.0,2505949000.0,1325382500.0,35114500.0,0.0,386.4333381482016,0.0,0.0,0.2328991603863224,0.0,0.0,0.0500691114835427,0.005223637755079,2006-08-02,0.84,bmo,314372413.0,2025-04-25,2006-06-30,0.0357142857142857,51.18063492063492,84867.66666666667
2006-03-31,ERIE,USD,922621,2006-05-03,2006-05-03 16:46:22,2006,Q1,297504000.0,0.0,297504000.0,1.0,0,0.0,0.0,0.0,227708000.0,227708000.0,223566000.0,0.0,0.0,9735000.0,0.0,0.0,46702000.0,0.156979402,27236000.0,73938000.0,0.2485277509,25077000.0,49466000.0,0.1662700333,0.81,0.73,67429595,67505125,https://www.sec.gov/Archives/edgar/data/922621/000095012806000070/0000950128-06-000070-index.htm,https://www.sec.gov/Archives/edgar/data/922621/000095012806000070/j1996701e10vq.htm,4.412068617644819,0.7335947961722149,0.1235807511523686,0.0942316204034741,17.446686429007915,18.66938397005054,18.66938397005054,18.66938397005054,0.0,3549493880.8,3542361880.8,17.939058549306594,11.930911452619124,425.95630394815794,558.6235254642745,2.819589552844657,2.819589552844657,11.906938665698611,0.0,425.1004297131885,557.5010829084042,0.0139360713558551,0.0017901143693669,0.0,0.0,0.0,253.32297839801183,0.0,0.1684591436542271,0.0001267786380571,0.009097157643634,0.0,0.0,0.0,0.2374894995799832,0.0066520114015273,0.2032871083718541,0.0,17.554334675054648,0.0116716886963021,0.0164545782653602,6.138573129498998,2639803000.0,1258869000.0,902919000.0,2639803000.0,1324044500.0,35199500.0,0.0,397.2428606001936,0.0,0.0,0.2265616551648509,0.0,0.0,0.0392940012026668,0.0293491307488944,2006-05-03,0.85,bmo,356055555.0,2025-04-25,2006-03-31,-0.1529411764705882,52.71806451612903,46572.467741935485
2005-12-31,ERIE,USD,922621,2006-02-22,2006-02-22 17:31:53,2005,Q4,276874000.0,0.0,276874000.0,1.0,0,0.0,0.0,0.0,276874000.0,276874000.0,276874000.0,0.0,0.0,6979000.0,70631000.0,0.2551015986,40104000.0,0.1448456699,22834000.0,62938000.0,0.2273163966,19492000.0,44160000.0,0.1594949327,0.71,0.71,62415372,62415372,https://www.sec.gov/Archives/edgar/data/922621/000095015206001383/0000950152-06-001383-index.htm,https://www.sec.gov/Archives/edgar/data/922621/000095015206001383/j1821601e10vk.htm,4.435990544124291,0.7075180133509418,1.1487554700467058,1.1408567748342509,20.350916117266756,20.48537017451406,20.48537017451406,20.48537017451406,0.0,3320497790.4,3288831790.4,18.798107961956525,11.99281185810152,46.31098731380754,46.631620351931694,2.596975282691565,2.596975282691565,11.87844214480233,46.56357393212612,45.86934156764296,46.186916881767246,0.0132992107772733,0.0214446762186889,0.0,0.0,-0.4483300533759963,78.24236777984807,0.0,0.0,0.0061228771357052,0.4603940217391304,0.0,0.0,0.0,0.0068758716875871,0.001780593338486,0.0706404929072933,0.0,18.058510159871812,0.0090281578606377,0.0142393690824474,7.1901077510200535,2694600000.0,1278602000.0,906826000.0,2694600000.0,1329192500.0,49466500.0,0.0,433.9398787896299,0.0,0.0,0.2074020029019531,0.0,0.0,0.0345377216678841,0.007898695212455,2006-02-22,0.72,bmo,305301492.0,2025-04-25,2005-12-31,-0.0694444444444443,52.75174603174603,45814.09523809524
2005-09-30,ERIE,USD,922621,2005-11-03,2005-11-03 15:26:25,2005,Q3,304071000.0,0.0,304071000.0,1.0,0,0.0,0.0,0.0,233688000.0,233688000.0,225656000.0,0.0,0.0,10024000.0,0.0,0.0,52165000.0,0.1715553275,26250000.0,78415000.0,0.2578838495,25930000.0,53005000.0,0.1743178402,0.84,0.76,69238572,69320147,https://www.sec.gov/Archives/edgar/data/922621/000095015205008712/0000950152-05-008712-index.htm,https://www.sec.gov/Archives/edgar/data/922621/000095015205008712/j1685001e10vqza.htm,4.391641699369536,0.765541496147552,1.125196516184649,1.1164586121158016,18.678129294752065,18.953004981096377,18.953004981096377,18.953004981096377,0.0,3652334673.0,3609599673.0,17.22636861145175,12.01145348619237,46.88069971889561,47.247609026933326,2.783199817264469,2.783199817264469,11.870910652446304,0.0,46.332161076668335,46.69477727613774,0.0145126349980578,0.0211650921728114,0.0,0.0,0.0,43.84597489382963,0.0,1.4698047354023205,0.0056010748826576,0.3859447221960192,0.0,0.0,0.0,0.0077656693236807,0.0019896668870099,0.0603551476456504,0.0,18.06819070268829,0.0083214704211733,0.0170138338309677,6.971352615417891,2744199000.0,1312279000.0,1005120000.0,2744199000.0,1323894500.0,61193500.0,0.0,391.7110806357726,0.0,0.0,0.2297611797295193,0.0,0.0,0.0403915630746205,0.0087379040688476,2005-11-02,0.83,bmo,350058108.0,2025-04-25,2005-09-30,-0.108433734939759,53.2628125,25156.828125
2005-06-30,ERIE,USD,922621,2005-08-03,2005-08-03 16:26:06,2005,Q2,299915000.0,-25130000.0,325045000.0,1.0837904073,0,0.0,0.0,0.0,233373000.0,233373000.0,325045000.0,0.0,0.0,9996000.0,76538000.0,0.255198973,66542000.0,0.2218695297,45775000.0,112317000.0,0.3744961072,37581000.0,76168000.0,0.2539652902,1.21,1.1,69441804,69525438,https://www.sec.gov/Archives/edgar/data/922621/000095015205006455/0000950152-05-006455-index.htm,https://www.sec.gov/Archives/edgar/data/922621/000095015205006455/j1518701e10vq.htm,4.318940216472487,1.096860905284085,0.497409312695851,0.4887113819796502,18.05264160476015,18.881076303835652,18.881076303835652,18.881076303835652,0.0,3767217867.0,3733946867.0,12.36483125131289,12.5609518263508,109.06510717697807,111.00621348380824,2.8732472199680275,2.8732472199680275,12.45001706150076,48.78552963233949,108.10187507599665,110.02583808232902,0.0202186341987849,0.009008504736952,0.0,0.0,-0.4346991037131882,47.155282058314334,0.0,0.4534844028988551,0.0054493795487193,0.2695226341770822,0.0,0.0,0.0,0.0174864653600069,0.0020139039394495,0.0604241696678671,0.0,21.586409499165647,0.0163427580899899,0.0247651846399151,6.94698614108585,2692653000.0,1311136000.0,986520000.0,2692653000.0,1295063500.0,59842500.0,0.0,397.42270309921145,-208.9339434938321,0.0,0.2264591310414711,-0.4307581549220933,0.0,0.0580931345032094,0.0086979307162008,2005-08-03,0.89,bmo,304626732.0,2025-04-25,2005-06-30,0.1348314606741573,51.8065625,42795.84375
2005-03-31,ERIE,USD,922621,2005-04-25,2005-04-25 17:22:26,2005,Q1,296136000.0,0.0,296136000.0,1.0,0,0.0,0.0,0.0,212461000.0,212461000.0,210350000.0,0.0,0.0,9856000.0,0.0,0.0,57482000.0,0.1941067618,28304000.0,85786000.0,0.2896844693,28729000.0,57771000.0,0.1950826647,0.91,0.83,69769083,69845958,https://www.sec.gov/Archives/edgar/data/922621/000095015205003489/0000950152-05-003489-index.htm,https://www.sec.gov/Archives/edgar/data/922621/000095015205003489/j1354101e10vq.htm,4.244516156246457,0.8280315222145029,0.8953679382599883,0.8910537064103308,17.83324284196196,18.19129541949118,18.19129541949118,18.19129541949118,0.0,3636364605.96,3583057605.96,15.736115897076388,12.279373686279277,58.210706205638,58.492546100244496,2.865106568724934,2.865106568724934,12.09936517667558,0.0,57.35737095135187,57.63507923626303,0.0158870207639006,0.0170961954414875,0.0,0.0,0.0,136.71864355076517,0.0,1.0813210780495404,0.0056682984886105,0.3567880078239947,0.0,0.0,0.0,0.004818389921401,0.0010164248858632,0.0305397727272727,0.0,18.409691356408924,0.0142407541938512,0.0194083528046213,6.967470104200739,2669450000.0,1269190000.0,981704000.0,2669450000.0,1281107000.0,47181000.0,0.0,384.6827133479212,0.0,0.0,0.2339590443686006,0.0,0.0,0.0455180075481212,0.0043142318496575,2005-04-25,0.78,bmo,298200000.0,2025-04-25,2005-03-31,0.0,52.84836065573771,27812.737704918032
2004-12-31,ERIE,USD,922621,2005-02-24,2005-02-24 09:21:26,2004,Q4,295495000.0,0.0,295495000.0,1.0,0,0.0,0.0,0.0,295495000.0,295495000.0,295495000.0,0.0,0.0,9783000.0,0.0,0.0,0.0,0.0,83616000.0,83616000.0,0.282969255,23275000.0,61320000.0,0.2075162016,0.87,0.87,69902482,70186000,https://www.sec.gov/Archives/edgar/data/922621/000095015205001462/0000950152-05-001462-index.htm,https://www.sec.gov/Archives/edgar/data/922621/000095015205001462/j1220601e10vk.htm,4.227246179899592,0.8772220705982944,0.6058153986578044,0.5943422724246044,17.556844405038436,18.079772904201025,18.079772904201025,18.123548173868848,0.0,3674773478.74,3624712478.74,14.981953191210046,12.435992076820252,86.77560873571362,88.45071676551294,2.9006461370404955,2.9006461370404955,12.26657804274184,0.0,85.59347498677624,87.24576322004526,0.0166867428304792,0.0113057308811984,0.0,0.0,0.0,55.13040285568587,0.0,0.6906066536203522,0.0037188686810392,0.2228636660143509,0.0,0.0,0.0,0.0445593652592802,0.0063858948543968,0.192885617908617,0.0,18.91331462892098,0.0,0.0205789490640806,6.919418111648739,2653743000.0,1263821000.0,986845000.0,2667324000.0,1294544500.0,46208000.0,0.0,394.865767610281,0.0,0.0,0.227925556942244,0.0,0.0,0.0484023361310178,0.0269947496284895,2005-02-23,0.78,bmo,302660526.0,2025-04-25,2004-12-31,-0.0256410256410256,51.33,22670.734375
2004-09-30,ERIE,USD,922621,2004-10-27,2004-10-27 16:30:43,2004,Q3,306737000.0,0.0,306737000.0,1.0,0,0.0,0.0,0.0,224414000.0,224414000.0,220569000.0,0.0,0.0,9651000.0,0.0,0.0,87707000.0,0.2859355083,-1539000.0,86168000.0,0.2809181807,29141000.0,58566000.0,0.190932297,0.92,0.83,70186000,70259227,https://www.sec.gov/Archives/edgar/data/922621/000095015204007666/0000950152-04-007666-index.htm,https://www.sec.gov/Archives/edgar/data/922621/000095015204007666/j1008201e10vq.htm,4.370344513150771,0.8344399167925227,1.1347847149004076,1.114025589148833,17.689225771521386,17.6467101701194,17.6467101701194,17.6467101701194,0.0,3580889720.0,3501722720.0,15.285702113854455,11.674136866436069,44.9600698089044,45.797870800240446,2.8911904546599576,2.8911904546599576,11.416042798879822,0.0,43.96608392135198,44.78536264691965,0.0163551532103591,0.0218350762279269,0.0,0.0,0.0,413.9836541399328,0.0,1.3599357989277054,0.0038370352270999,0.2346071099272615,0.0,0.0,0.0,0.0182934485096552,0.0047499975549086,0.150968811522122,0.0,18.20206542498308,0.02124926312817,0.0196398587926144,6.661830706978599,2703391000.0,1238552000.0,966492000.0,2703391000.0,1282717000.0,52781000.0,0.0,379.27328623543946,0.0,0.0,0.2372959110653819,0.0,0.0,0.0472858628462914,0.0207591257515743,2004-10-27,0.83,bmo,310600000.0,2025-04-25,2004-09-30,0.0,48.50078125,29025.890625
2004-06-30,ERIE,USD,922621,2004-07-28,2004-07-28 16:35:31,2004,Q2,316961000.0,38000.0,316923000.0,0.9998801114,0,0.0,0.0,0.0,234556000.0,234556000.0,233053000.0,0.0,0.0,9873000.0,0.0,0.0,85244000.0,0.2689416048,-1374000.0,83870000.0,0.2646066866,28289000.0,56955000.0,0.1796908768,0.89,0.81,70623000,70623000,https://www.sec.gov/Archives/edgar/data/922621/000095015204005673/0000950152-04-005673-index.htm,https://www.sec.gov/Archives/edgar/data/922621/000095015204005673/j0878201e10vq.htm,4.488070458632457,0.8064653158319528,0.7645526244991009,0.7622021154581369,16.592144202313694,16.916103818869207,16.916103818869207,16.916103818869207,0.0,3303743940.0,3232478940.0,14.501553594943376,10.42318752149318,61.18610871376979,61.374796856712926,2.765412207261277,2.765412207261277,10.198349134436098,0.0,59.866264283729976,60.05088223819874,0.0172395321896526,0.0162933329512213,0.0,0.0,0.0,56.54713833889346,0.0,0.9480291458168728,0.0041897920212303,0.2430339741901501,0.0,0.0,0.0,0.00307435873692,0.0005237237388827,0.0168135318545528,0.0,17.520007069089193,0.0218466950871838,0.0198370060209344,6.37049190773544,2564167000.0,1194666000.0,933846000.0,2564167000.0,1249340500.0,49368000.0,0.0,361.4069554298478,109331.05263157896,0.0,0.2490267512780886,0.0008231879034703,0.0,0.0476744127647392,0.0023505090409639,2004-07-28,0.81,bmo,330646153.0,2025-04-25,2004-06-30,-0.037037037037037,46.69129032258065,33655.967741935485
2004-03-31,ERIE,USD,922621,2004-04-22,2004-04-22 16:27:45,2004,Q1,265911000.0,-17539000.0,283450000.0,1.0659581589,0,0.0,0.0,0.0,211176000.0,211176000.0,210758000.0,0.0,0.0,9674000.0,83681000.0,0.3146955184,54735000.0,0.2058395478,17957000.0,72692000.0,0.2733696613,24435000.0,49572000.0,0.186423277,0.77,0.7,70858047,70926223,https://www.sec.gov/Archives/edgar/data/922621/000095015204003101/0000950152-04-003101-index.htm,https://www.sec.gov/Archives/edgar/data/922621/000095015204003101/j0709201e10vq.htm,3.7527283245613594,0.6995959118094237,0.6293004378175989,0.6255746789069702,16.945062005448726,17.028623439198093,17.028623439198093,17.028623439198093,0.0,3419609348.22,3338718348.22,17.245669673505205,12.85997701569322,76.68833056491219,77.14506617231032,2.8340517465968844,2.8340517465968844,12.555773729631342,39.89816503411766,74.8742649462896,75.3201964540799,0.0144963927022259,0.0129625917717979,0.0,0.0,-0.9666590982421338,143.54161807984897,0.0,0.899519890260631,0.0001254529264353,0.0086540789155168,0.0,0.0,0.0,0.0059204772263461,0.0009928133849295,0.0272896423402935,0.0,16.37211028519583,0.0139664687817921,0.0173831567268384,6.703465874525161,2567032000.0,1206615000.0,939930000.0,2567032000.0,1210108000.0,49445500.0,0.0,414.9109288446135,-269.77934887963966,0.0,0.2169140259829249,-0.3336059649256286,0.0,0.0410835270570977,0.0037257589106287,2004-04-22,0.72,bmo,305086567.0,2025-04-25,2004-03-31,-0.0694444444444443,45.23096774193549,42451.70967741936
2003-12-31,ERIE,USD,922621,2004-03-08,2004-03-08 10:20:57,2003,Q4,236198000.0,0.0,236198000.0,1.0,0,0.0,0.0,0.0,236198000.0,236198000.0,169179000.0,0.0,0.0,-25297000.0,22374000.0,0.0947256116,47671000.0,0.2018264338,19348000.0,67019000.0,0.2837407599,26130000.0,43130000.0,0.1826010381,0.61,0.61,70997000,70997000,https://www.sec.gov/Archives/edgar/data/922621/000095012804000224/0000950128-04-000224-index.htm,https://www.sec.gov/Archives/edgar/data/922621/000095012804000224/j0499101e10vk.htm,3.326872966463372,0.607490457343268,0.8361198360494105,0.8280209022916462,16.281758384157076,16.397453413524516,16.397453413524516,16.397453413524516,0.0,3008852860.0,2921660860.0,17.44060317644331,12.738688981278418,50.68651426838719,51.18228281762975,2.584547669154849,2.584547669154849,12.36954106300646,130.58285778135337,49.21769583235066,49.69909775970878,0.014334366619709,0.0195380109082502,0.0,0.0,-3.897023330651649,53.980288015199605,0.0,1.3763505680500812,0.0040743102339673,0.2842337120333874,0.0,0.0,0.0,0.0350897880799164,0.0088188723020516,-0.0823417796576669,0.0,14.970944213794803,0.0107390939580329,0.0156574059384877,6.497028043438455,2453888000.0,1164170000.0,909768000.0,2467756000.0,1199858500.0,48489000.0,0.0,455.0845477099722,0.0,0.0,0.1977654491959535,0.0,0.0,0.03704785383578,0.0293392678563883,2004-02-25,0.66,bmo,269260869.0,2025-04-25,2003-12-31,0.0454545454545453,40.48234375,30760.296875
2003-09-30,ERIE,USD,922621,2003-10-29,2003-10-29 16:46:01,2003,Q3,303095000.0,0.0,303095000.0,1.0,0,0.0,0.0,0.0,290349000.0,290349000.0,290349000.0,0.0,0.0,10360000.0,93721000.0,0.309213283,63719000.0,0.2102278164,17634000.0,81353000.0,0.268407595,27124000.0,56237000.0,0.1855424867,0.79,0.79,70997106,70997106,https://www.sec.gov/Archives/edgar/data/922621/000095015203009169/0000950152-03-009169-index.htm,https://www.sec.gov/Archives/edgar/data/922621/000095015203009169/j0368601e10vq.htm,4.269117673613344,0.7921027090878887,1.0487469728695702,1.0434368972729675,16.01807544099051,15.985552988596464,15.985552988596464,15.985552988596464,0.0,2761787423.4,2679685423.4,12.27744822536764,9.111953095234169,37.091882986381584,37.28064447564153,2.4334472525129347,2.4334472525129347,8.841074327851004,28.59215568976003,35.98922108302667,36.17237109920222,0.020362537508686,0.0268235706239837,0.0,0.0,-0.8760256506012527,49.18969226821421,0.0,1.3240037697601224,0.0044384299443689,0.2179703753756423,0.0,0.0,0.0,0.0050632571382524,0.0012438344413467,0.0363899613899613,0.0,16.87896608628749,0.0157244061593176,0.0204361742487561,5.977233072007189,2441338000.0,1134928000.0,875091000.0,2455501000.0,1165067500.0,58263000.0,0.0,357.9223345815669,0.0,0.0,0.2514511984987344,0.0,0.0,0.0495511609547037,0.0053100755966024,2003-10-29,0.74,bmo,276741025.0,2025-04-25,2003-09-30,0.0540540540540541,41.10640625,47092.65625
2003-06-30,ERIE,USD,922621,2003-07-24,2003-07-24 13:53:33,2003,Q2,304414000.0,0.0,304414000.0,1.0,0,0.0,0.0,0.0,223586000.0,223586000.0,225006000.0,0.0,0.0,9932000.0,0.0,0.0,80980000.0,0.2660193027,-1572000.0,79408000.0,0.2608552826,26522000.0,54458000.0,0.1788945318,0.77,0.77,70997000,70997000,https://www.sec.gov/Archives/edgar/data/922621/000095015203007039/0000950152-03-007039-index.htm,https://www.sec.gov/Archives/edgar/data/922621/000095015203007039/j0215101e10vq.htm,4.287702297280167,0.7670464949223207,1.0016338718537403,0.9814499204191728,15.788779807597503,15.509993380001973,15.509993380001973,15.509993380001973,0.0,2928626250.0,2788806250.0,13.444426209188732,9.620537327455374,41.182712724818245,42.02965341561424,2.659575603248565,2.659575603248565,9.161228622862286,0.0,39.216546201116536,40.02305180826636,0.0185950665435714,0.023792725343495,0.0,0.0,0.0,36.26621118955439,0.0,1.3058320173344595,0.0041842143564751,0.2250174446362334,0.0,0.0,0.0,0.0201510272383389,0.004707405047074,0.1442811115585984,0.0,16.360927122690068,0.0229310886438645,0.0205398257558356,5.836105750947223,2322809000.0,1101163000.0,838500000.0,2322809000.0,1104763500.0,56932000.0,0.0,332.5329321253293,0.0,0.0,0.2706498854858671,0.0,0.0,0.0494549853200661,0.0201839514345676,2003-07-24,0.75,bmo,294121621.0,2025-04-25,2003-06-30,-0.0133333333333333,39.195238095238096,88227.87301587302
2003-03-31,ERIE,USD,922621,2003-04-24,2003-04-24 14:30:26,2003,Q1,273824000.0,0.0,273824000.0,1.0,0,0.0,0.0,0.0,205225000.0,205225000.0,206551000.0,0.0,0.0,9298000.0,0.0,0.0,68360000.0,0.2496494098,-1087000.0,67273000.0,0.2456797067,22460000.0,45900000.0,0.1676259203,0.65,0.65,70997000,70997000,https://www.sec.gov/Archives/edgar/data/922621/000095012803000576/0000950128-03-000576-index.htm,https://www.sec.gov/Archives/edgar/data/922621/000095012803000576/j0030501e10vq.htm,3.8568390213671,0.6465061904024114,0.2875896164626674,0.2844908939814358,14.318112032902798,14.518543037029731,14.518543037029731,14.518543037029731,0.0,2577191100.0,2478338100.0,14.0369885620915,9.41185250379806,126.22152512488978,127.59635112387365,2.500250879679619,2.500250879679619,9.050843242374665,0.0,121.38006171025566,122.70215367858204,0.0178100878898735,0.0078372147102323,0.0,0.0,0.0,206.9530525143811,0.0,0.4448366013071895,0.0001664602985785,0.0093464052287581,0.0,0.0,0.0,0.0133705553923009,0.0009969907677924,0.0293611529361152,0.0,14.53245949087524,0.0203635398525928,0.0184705350700733,5.2940018592334885,2219762000.0,1030773000.0,776274000.0,2219762000.0,1048834500.0,43569000.0,0.0,356.5419758677106,0.0,0.0,0.2524246963656057,0.0,0.0,0.0445296879138277,0.0038452328971646,2003-04-24,0.68,bmo,273150769.0,2025-04-25,2003-03-31,-0.0441176470588235,35.722131147540985,145365.22950819673
2002-12-31,ERIE,USD,922621,2003-03-27,2003-03-27 11:15:51,2002,Q4,245484000.0,0.0,245484000.0,1.0,0,0.0,0.0,0.0,245484000.0,245484000.0,245484000.0,0.0,0.0,-2909000.0,-3986000.0,-0.0162373108,0.0,0.0,47965000.0,47965000.0,0.1953895162,15639000.0,33937000.0,0.1382452624,0.48,0.48,70996184,71006000,https://www.sec.gov/Archives/edgar/data/922621/000095012803000435/0000950128-03-000435-index.htm,https://www.sec.gov/Archives/edgar/data/922621/000095012803000435/j9926901e10vk.htm,3.4577069663349795,0.478011606933691,0.741039828281475,0.7123481453594745,13.91424079919563,13.907395360854888,13.907395360854888,13.907395360854888,0.0,2574321631.84,2488609631.84,18.96397465774817,10.486718612373922,48.93124312102032,50.9020767951912,2.607245933488087,2.607245933488087,10.137563473953495,-624.3375895233315,47.30207811750394,49.2072929141456,0.0131828904283974,0.0196455638543705,0.0,0.0,21.503261414952338,54.273103553999846,0.0,1.5502548840498571,0.0042352905189267,0.3212717682765124,0.0,0.0,0.0,0.0321795822166467,0.0068965798178292,1.5719591457753015,0.0,12.230194974155117,0.0,0.0143942594317454,5.31330669828677,2085056000.0,987372000.0,753891000.0,2099434000.0,1014955000.0,40091500.0,0.0,371.3499046781053,0.0,0.0,0.2423590227605258,0.0,0.0,0.0343710374610582,0.0238463520799934,2003-02-26,0.49,bmo,194138000.0,2025-04-25,2002-12-31,0.0204081632653061,39.34125,35240.5625
2002-09-30,ERIE,USD,922621,2002-11-06,2002-11-06 13:42:54,2002,Q3,262251000.0,0.0,262251000.0,1.0,0,0.0,0.0,0.0,193261000.0,193261000.0,192352000.0,0.0,0.0,8642000.0,0.0,0.0,69899000.0,0.266534732,0.0,69899000.0,0.266534732,23737000.0,46162000.0,0.1760222077,0.65,0.65,71006149,71006149,https://www.sec.gov/Archives/edgar/data/922621/000095012802000748/0000950128-02-000748-index.htm,https://www.sec.gov/Archives/edgar/data/922621/000095012802000748/j9708001e10vq.htm,3.693356190884257,0.650112710661157,0.8784450484703796,0.8770508030227072,12.735249168350194,13.495648102250977,13.495648102250977,13.495648102250977,0.0,2958116167.34,2881926167.34,16.020298986937306,11.279713584848102,47.42470809362725,47.50009903237201,3.086921034422305,3.086921034422305,10.989190383792623,0.0,46.20322512769538,46.27667427805253,0.0156052018881698,0.0210525876865748,0.0,0.0,0.0,1.60334176182708,0.0,1.35121961786751,0.0036868058531341,0.236254928296001,0.0,0.0,0.0,0.0015871743486973,0.0003775009437523,0.0114556815551955,0.0,14.050198515408184,0.0254843387967342,0.0210334944798582,6.064643781765999,739697000.0,958274000.0,729281000.0,739697000.0,508508000.0,41268000.0,0.0,349.0222725556814,0.0,0.0,0.2578631997923336,0.0,0.0,0.0481720259549982,0.0013942454476724,2002-11-05,0.72,bmo,274539130.0,2025-04-25,2002-09-30,-0.0416666666666667,42.37140625,45498.265625
2002-06-30,ERIE,USD,922621,2002-07-24,2002-07-24 09:30:52,2002,Q2,263117000.0,0.0,263117000.0,1.0,0,0.0,0.0,0.0,263117000.0,263117000.0,191545000.0,0.0,0.0,975000.0,72547000.0,0.2757214471,71572000.0,0.2720158713,0.0,71572000.0,0.2720158713,23746000.0,47826000.0,0.1817670466,0.67,0.67,71144000,71144000,https://www.sec.gov/Archives/edgar/data/922621/000095012802000524/0000950128-02-000524-index.htm,https://www.sec.gov/Archives/edgar/data/922621/000095012802000524/j9488301e10vq.htm,3.698372315304172,0.6722422129764983,0.8364584504666591,0.8303300348588778,12.048085572922524,12.926487124704824,12.926487124704824,12.926487124704824,0.0,2919038320.0,2884671320.0,15.258637142976625,11.094069634421189,49.05204792552387,49.41408630000169,3.174102879163849,3.174102879163849,10.963454736866108,39.76279267233655,48.47453864121393,48.83231459380766,0.0163841631239702,0.0202371444030923,0.0,0.0,-0.4737204846513295,192.4653523326176,0.0,1.2443073706220595,0.0037433561338105,0.2284740517710032,0.0,0.0,0.0,0.0073266228637685,0.0016570575067365,0.0,0.0511103425472318,13.982808444346404,0.0229615094890384,0.0229015638819362,-4.378977847745418,980877000.0,919642000.0,-182687000.0,980877000.0,0.0,39668500.0,0.0,0.0,0.0,0.0,0.0,0.0,0.0,0.052005019344484,0.0061284156077814,2002-07-24,0.7,bmo,254397260.0,2025-04-25,2002-06-30,0.0428571428571429,41.9603125,32429.6875
2002-03-31,ERIE,USD,922621,2002-04-22,2002-04-22 00:00:00,2002,Q1,236737000.0,0.0,236737000.0,1.0,0,0.0,0.0,0.0,236737000.0,236737000.0,170771000.0,0.0,0.0,7440000.0,0.0,0.0,65966000.0,0.2786467684,0.0,65966000.0,0.2786467684,21764000.0,44202000.0,0.186713526,0.62,0.62,71184000,71184000,https://www.sec.gov/Archives/edgar/data/922621/000095012802000360/0000950128-02-000360-index.htm,https://www.sec.gov/Archives/edgar/data/922621/000095012802000360/j9393701e10-q.htm,3.325705214654979,0.6209541469993257,0.183889638120926,0.1676219375140481,11.60384356035064,12.514624072825354,12.514624072825354,12.514624072825354,0.0,2890070400.0,2853570400.0,16.34581240667843,12.207937077854329,220.7845989304813,242.2117331545424,3.24420452134556,3.24420452134556,12.053757545292878,0.0,217.9962108479756,239.15273214884343,0.0152944371182099,0.0041286191505923,0.0,0.0,0.0,63.72415669205658,0.0,0.2961404461336591,0.0037819147934943,0.2472738790099995,0.0,0.0,0.0,0.0884644766997708,0.0048915040741413,0.1556451612903225,0.0,13.222997905678053,0.0222675389236096,0.0221038071835123,-3.974165542818611,922296000.0,890841000.0,-171905000.0,922296000.0,394876000.0,42004500.0,0.0,0.0,0.0,0.0,0.0,0.0,0.0,0.0496182820503322,0.0162677006068779,2002-04-22,0.57,bmo,219058298.0,2025-04-25,2002-03-31,0.0701754385964913,39.10316666666667,23811.666666666668
2001-12-31,ERIE,USD,922621,2002-03-12,2002-03-12 00:00:00,2001,Q4,181736000.0,0.0,181736000.0,1.0,0,0.0,0.0,0.0,181736000.0,181736000.0,172216000.0,0.0,0.0,-2306000.0,-2350000.0,-0.0129308447,0.0,0.0,9520000.0,9520000.0,0.0523836774,3604000.0,5916000.0,0.0325527138,0.0829,0.0829,71229158,71346000,https://www.sec.gov/Archives/edgar/data/922621/000092262102000003/0000922621-02-000003-index.htm,https://www.sec.gov/Archives/edgar/data/922621/000092262102000003/form10k.txt,2.551427043402647,0.0830558743934611,0.6741621177102781,0.6673109908164294,11.819373184223236,12.14748319782188,12.14748319782188,12.14748319782188,0.0,2741610291.42,2653397291.42,115.85574253803247,15.085675328058285,57.09309228279884,57.67925379575865,3.1685575829321992,3.1685575829321992,14.60028443137298,-1129.1052303914894,55.256086868388174,55.82338827358412,0.0021578559208485,0.0173372561916453,0.0,0.0,37.53744680851064,0.0,0.0,8.116970926301555,0.0035778243285333,1.658045977011494,0.0,0.0,0.0,0.0549562682215743,0.0145210635207113,59.97727272727273,0.0,4.764524779050574,0.0,0.0029812988505167,4.423511506341265,2303605000.0,865255000.0,1184490000.0,2318240000.0,821043000.0,41137500.0,0.0,391.1040190165955,0.0,0.0,0.2301178091350196,0.0,0.0,0.0068372907408798,0.0370494341657106,2002-02-26,0.5,bmo,232323000.0,2025-04-25,2001-12-31,-0.3,38.848125,16737.5
2001-09-30,ERIE,USD,922621,2001-10-24,2001-10-24 00:00:00,2001,Q3,216059000.0,0.0,216059000.0,1.0,0,0.0,0.0,0.0,216059000.0,216059000.0,216059000.0,0.0,0.0,773000.0,0.0,0.0,0.0,0.0,51449000.0,51449000.0,0.2381247715,17019000.0,34430000.0,0.1593546207,0.48,0.48,71345939,71345939,https://www.sec.gov/Archives/edgar/data/922621/000092262101500003/0000922621-01-500003-index.htm,https://www.sec.gov/Archives/edgar/data/922621/000092262101500003/a10q0901.txt,3.028329334904402,0.4825782726049761,0.7656497449700675,0.7584313943923283,11.39265964387966,11.99444582262769,11.99444582262769,11.99444582262769,0.0,2776783945.88,2719329945.88,20.16253228202149,12.851970738918537,50.83264280525758,51.3164411280516,3.2448351991866837,3.2448351991866837,12.586052633215928,0.0,49.78087258594809,50.2546607137181,0.0123992361923169,0.0194869320244688,0.0,0.0,0.0,0.8664085188770572,0.0,1.5865814696485625,0.0035407868208788,0.2855649143189079,0.0,0.0,0.0,0.0094277450298392,0.0023836081810986,0.666235446313066,0.0,11.412091231829375,0.0,0.0181489733943324,5.7571391694767655,-138000000.0,855755000.0,-146322000.0,-123810000.0,824286500.0,36191000.0,0.0,355.0421875506228,0.0,0.0,0.2534910023535374,0.0,0.0,0.0402334780398595,0.0072183505777392,2001-10-24,0.57,bmo,232516981.0,2025-04-25,2001-09-30,-0.0701754385964911,35.85271186440678,41086.4406779661
2001-06-30,ERIE,USD,922621,2001-07-19,2001-07-19 00:00:00,2001,Q2,222961000.0,0.0,222961000.0,1.0,0,0.0,0.0,0.0,222961000.0,222961000.0,222961000.0,0.0,0.0,786000.0,0.0,0.0,0.0,0.0,70049000.0,70049000.0,0.3141760218,22920000.0,47129000.0,0.2113777746,0.66,0.66,71388000,71388000,https://www.sec.gov/Archives/edgar/data/922621/000092262101500002/0000922621-01-500002-index.htm,https://www.sec.gov/Archives/edgar/data/922621/000092262101500002/a10q0601.txt,3.123227993500308,0.6601809827982293,0.7181318989185858,0.7029192581386228,11.126379783717152,11.76609514204068,11.76609514204068,11.76609514204068,0.0,2123793000.0,2083887000.0,11.265850113518216,9.525401303366955,41.42693012913042,42.3234954165006,2.5284514225711283,2.5284514225711283,9.346419328940936,0.0,40.648519486599305,41.52823834196892,0.0221909574049825,0.0236275380886932,0.0,0.0,0.0,0.0,0.0,1.0877572671334603,0.0046318073371557,0.2087249888603619,0.0,0.0,0.0,0.021183630476339,0.0048708070021214,1.381679389312977,0.0,13.220227899995615,0.0,0.0260442081215665,5.909259959657085,821000000.0,839958000.0,-148619000.0,835448000.0,777333500.0,32438000.0,0.0,321.40827319576067,0.0,0.0,0.2800176831328282,0.0,0.0,0.0561087578188433,0.015212640779963,2001-07-19,0.56,bmo,198887500.0,2025-04-25,2001-06-30,0.1428571428571427,31.70269841269841,54914.28571428572
2001-03-31,ERIE,USD,922621,2001-04-20,2001-04-20 00:00:00,2001,Q1,197110000.0,0.0,197110000.0,1.0,0,0.0,0.0,0.0,197110000.0,197110000.0,197110000.0,0.0,0.0,747000.0,0.0,0.0,0.0,0.0,51858000.0,51858000.0,0.2630916747,17073000.0,34785000.0,0.1764750647,0.49,0.49,71416000,71416000,https://www.sec.gov/Archives/edgar/data/922621/000092262101000005/0000922621-01-000005-index.htm,https://www.sec.gov/Archives/edgar/data/922621/000092262101000005/0000922621-01-000005-0001.txt,2.760025764534558,0.4870757253276577,-0.0742830738209925,-0.0888176319032149,10.54668421642209,11.273524140248684,11.273524140248684,11.273524140248684,0.0,2043925920.0,2036664920.0,14.68970763260026,10.369468418649484,-385.2829255419415,-322.23331546586786,2.538691507992697,2.538691507992697,10.332631119679366,0.0,-383.9142167766258,-321.0885889957433,0.0170187185649076,-0.003103341436171,0.0,0.0,0.0,0.0,0.0,-0.1525082650567773,0.0048132859922829,0.2828230559149058,0.0,0.0,0.0,-0.1956644674835061,0.0052660950738166,1.3895582329317269,0.0,11.11525298053247,0.0,0.0201578437105035,5.622017475075613,751000000.0,805110000.0,-169521000.0,765147000.0,731209000.0,29540500.0,0.0,346.29658566282785,0.0,0.0,0.2598928309608822,0.0,0.0,0.0432052762976487,0.0145345580822224,2001-04-19,0.52,bmo,211562615.0,2025-04-25,2001-03-31,-0.0769230769230769,27.776129032258066,34841.93548387097
2000-12-31,ERIE,USD,922621,2001-03-23,2001-03-23 00:00:00,2000,Q4,181872000.0,0.0,181872000.0,1.0,0,0.0,0.0,0.0,181872000.0,181872000.0,181872000.0,0.0,0.0,738000.0,48707000.0,0.2678092285,47969000.0,0.2637514296,0.0,47969000.0,0.2637514296,15472000.0,32497000.0,0.1786806105,0.45,0.45,71540000,71871000,https://www.sec.gov/Archives/edgar/data/922621/000092262101000002/0000922621-01-000002-index.htm,https://www.sec.gov/Archives/edgar/data/922621/000092262101000002/0000922621-01-000002-0001.txt,2.54224210232038,0.4542493709812692,0.4790466871680179,0.4707995526977914,10.829885378809058,10.889222812412635,10.889222812412635,10.889222812412635,0.0,2132607400.0,2093829400.0,16.406186724928453,11.725869842526611,62.22775524495929,63.31781716694872,2.7375691097090558,2.7375691097090558,11.512653954429489,42.98826452050013,61.096244638323945,62.166485555654525,0.0152381540080935,0.0157933429284733,0.0,0.0,-0.7961483975609255,0.0,0.0,1.0545896544296396,0.0041057721172682,0.269440256023633,0.0,0.0,0.0,0.0172157217472498,0.0032440397642297,0.7994579945799458,0.0,10.549621263002756,0.0114134891798914,0.019336557977245,5.607750908582611,1897646000.0,779015000.0,996062000.0,1911502000.0,704510500.0,30422000.0,0.0,348.3719319081552,0.0,0.0,0.258344578758221,0.0,0.0,0.0417154997015461,0.0082471344702264,2001-02-21,0.5,bmo,202372500.0,2025-04-25,2000-12-31,-0.0999999999999999,27.46,49768.25396825397
2000-09-30,ERIE,USD,922621,2000-10-20,2000-10-20 00:00:00,2000,Q3,199426000.0,0.0,199426000.0,1.0,0,0.0,0.0,0.0,199426000.0,199426000.0,199426000.0,0.0,0.0,727000.0,0.0,0.0,0.0,0.0,60661000.0,60661000.0,0.3041779908,19469000.0,41192000.0,0.2065528066,0.57,0.57,71871000,71871000,https://www.sec.gov/Archives/edgar/data/922621/000092262100000004/0000922621-00-000004-index.htm,https://www.sec.gov/Archives/edgar/data/922621/000092262100000004/0000922621-00-000004-0001.txt,2.774777031069555,0.5731379833312462,0.560712944024711,0.5571927481181561,10.77040809227644,10.79841660753294,10.79841660753294,10.79841660753294,0.0,2111569980.0,2077177980.0,12.815413065643815,10.588238143471765,52.3975776073848,52.72861159666384,2.720769263477444,2.720769263477444,10.41578319777762,0.0,51.54415692697089,51.86979923088448,0.0195077598138613,0.0189650356745458,0.0,0.0,0.0,2.2575056306306305,0.0,0.9782972835190444,0.004161358649359,0.2133181200233055,0.0,0.0,0.0,0.0062780714161641,0.001268640999669,0.3480055020632737,0.0,11.800513173005294,0.0,0.024573152435034,5.60233265155626,1116665000.0,776093000.0,1104457000.0,1130668000.0,693114000.0,28949500.0,-621426500.0,318.17711832960595,0.0,0.0,0.2828613209915592,0.0,0.0,0.0530761133008544,0.0035201959065547,2000-10-20,0.54,bmo,191842105.0,2025-04-25,2000-09-30,0.0555555555555553,30.625714285714288,21290.47619047619
2000-06-30,ERIE,USD,922621,2000-07-19,2000-07-19 00:00:00,2000,Q2,202173000.0,0.0,202173000.0,1.0,0,0.0,0.0,0.0,200749000.0,200749000.0,200749000.0,0.0,0.0,701000.0,0.0,0.0,0.0,0.0,62378000.0,62378000.0,0.3085377375,19860000.0,42518000.0,0.2103050358,0.59,0.59,72107000,72107000,https://www.sec.gov/Archives/edgar/data/922621/000092262100000003/0000922621-00-000003-index.htm,https://www.sec.gov/Archives/edgar/data/922621/000092262100000003/0000922621-00-000003-0001.txt,2.803791587501907,0.5896514901465877,0.4712718598749081,0.4649201880538643,10.443146989890025,10.403636262776152,10.403636262776152,10.403636262776152,0.0,2271370500.0,2233524500.0,13.35534655910438,11.234786544197297,66.84040080042375,67.75356461042836,3.0277875162462093,3.0277875162462093,11.047590429978284,0.0,65.72669354364075,66.62464204748836,0.0187190949252884,0.014759371049329,0.0,0.0,0.0,0.8243559718969555,0.0,0.7992379698010255,0.0038773947271041,0.2071358013076814,0.0,0.0,0.0,0.0134777235006768,0.0022653865748641,0.6533523537803139,0.0,11.74847613816376,0.0,0.026268883192499,-3.132826910008737,-150000000.0,750175000.0,-164394000.0,-135521000.0,669413500.0,25485500.0,-621426500.0,303.24390497247407,0.0,0.0,0.2967907962013925,0.0,0.0,0.0566774419302162,0.0063516718210437,2000-07-19,0.52,bmo,179267796.0,2025-04-25,2000-06-30,0.1346153846153845,28.956031746031748,31034.92063492064
2000-03-31,ERIE,USD,922621,2000-04-19,2000-04-19 00:00:00,2000,Q1,182331000.0,0.0,182331000.0,1.0,0,0.0,0.0,0.0,181339000.0,181339000.0,181339000.0,0.0,0.0,579000.0,0.0,0.0,0.0,0.0,52930000.0,52930000.0,0.2902962195,16745000.0,36185000.0,0.1984577499,0.5,0.5,72300000,72300000,https://www.sec.gov/Archives/edgar/data/922621/000092262100000002/0000922621-00-000002-index.html,https://www.sec.gov/Archives/edgar/data/922621/000092262100000002/,2.5218672199170125,0.5004840940525588,0.3706085753803596,0.3700691562932227,10.321562932226833,10.071507607192254,10.071507607192254,10.071507607192254,0.0,2345412000.0,2320975000.0,16.204311178665193,12.863484541849711,87.53170367605895,87.65929137389745,3.220967631185025,3.220967631185025,12.72945906071924,0.0,86.61970516887479,86.74596352220063,0.0154279930349124,0.0114078038314803,0.0,0.0,0.0,0.0,0.0,0.7405002072682051,0.0037746033532701,0.2446593892496891,0.0,0.0,0.0,0.0014554954282515,0.0002138967043453,0.0673575129533678,0.0,10.649608472235215,0.0,0.0229026669881964,5.362302904564316,1905302000.0,728170000.0,1053525000.0,1920023000.0,642226000.0,23813500.0,0.0,324.6112838738338,0.0,0.0,0.2772546872861639,0.0,0.0,0.0496930661796009,0.0005394190871369,2000-04-19,0.45,bmo,165330000.0,2025-04-25,2000-03-31,0.111111111111111,30.293809523809525,25177.777777777777
1999-12-31,ERIE,USD,922621,2000-03-23,2000-03-23 00:00:00,1999,Q4,163738000.0,0.0,163738000.0,1.0,0,0.0,0.0,0.0,163738000.0,163738000.0,163738000.0,0.0,0.0,-16434000.0,0.0,0.0,0.0,0.0,208755000.0,208755000.0,1.2749331249,13449000.0,32006000.0,0.1954708131,0.43,0.43,72605000,73846154,https://www.sec.gov/Archives/edgar/data/922621/000092262100000001/0000922621-00-000001-index.html,https://www.sec.gov/Archives/edgar/data/922621/000092262100000001/,2.2551890365677294,0.4408236347358997,0.4353556917567661,0.3756077405137387,9.987177191653467,9.608139935266166,9.608139935266166,9.608139935266166,0.0,2350949900.0,2326735900.0,18.36335296506905,14.357998143375392,74.37596570596982,86.20695610722012,3.370059160061869,3.370059160061869,14.210115550452551,0.0,73.60991806131165,85.31905320670309,0.0136140714865935,0.0115999919862179,0.0,0.0,0.0,0.0,0.0,0.9875960757357996,0.0033811864727529,0.2483596825595201,0.0,0.0,0.0,0.1372393938435255,0.0264935445650979,-0.2639649507119386,0.0,9.762102299688918,0.0,0.0210732989464008,5.151718201225811,1724097000.0,697599000.0,902902000.0,1739358000.0,380061000.0,12093500.0,0.0,344.53810355568044,0.0,0.0,0.2612192935155434,0.0,0.0,0.0458802263191317,0.0597479512430273,2000-02-15,0.44,bmo,168783000.0,2025-04-25,1999-12-31,0.0,31.92890625,32812.5
1999-09-30,ERIE,USD,922621,1999-10-27,1999-10-27 00:00:00,1999,Q3,185800000.0,0.0,185800000.0,1.0,0,0.0,0.0,0.0,183874000.0,183874000.0,183874000.0,0.0,0.0,340000.0,0.0,0.0,0.0,0.0,56816000.0,56816000.0,0.3057911733,18400000.0,38425000.0,0.2068083961,0.52,0.52,73322000,74081633,https://www.sec.gov/Archives/edgar/data/922621/000092262199000008/0000922621-99-000008-index.html,https://www.sec.gov/Archives/edgar/data/922621/000092262199000008/,2.5340279861433133,0.5240582635498213,0.7760290226671395,0.7562532391369575,0.4500695562041406,9.30007364774556,9.30007364774556,9.30007364774556,0.0,2415226680.0,2382226680.0,15.713901626545216,12.999067168998923,42.446866080843584,43.55683823264202,3.5419074351077864,3.5419074351077864,12.82145683530678,0.0,41.86690123022847,42.96170748422002,0.0159094797677541,0.0229585075633563,0.0,0.0,0.0,0.0,0.0,1.4808453050176973,0.0033069359767092,0.2078594664931685,0.0,0.0,0.0,0.0254833040421792,0.0078040904198062,4.264705882352941,0.0,10.47186994052482,0.0,0.0253229207855542,-9.581367120373148,672000000.0,681900000.0,-163500000.0,687300000.0,132550000.0,0.0,0.0,64.56942949407966,0.0,0.0,1.393848462115529,0.0,0.0,0.0563499046781052,0.0197757835301819,1999-10-20,0.49,bmo,174424489.0,2025-04-25,1999-09-30,0.0612244897959184,27.6425,33012.5
1999-06-30,ERIE,USD,922621,1999-08-16,1999-08-16 00:00:00,1999,Q2,187200000.0,0.0,187200000.0,1.0,0,0.0,0.0,0.0,185630000.0,185630000.0,185630000.0,0.0,0.0,497000.0,0.0,0.0,0.0,0.0,57877000.0,57877000.0,0.3091720085,18700000.0,39225000.0,0.2095352564,0.53,0.53,73678000,74222222,https://www.sec.gov/Archives/edgar/data/922621/000092262199000005/0000922621-99-000005-index.html,https://www.sec.gov/Archives/edgar/data/922621/000092262199000005/,2.540785580498928,0.532384158093325,0.1397974972176226,0.119737234995521,0.2307337332718043,9.199489671272293,9.199489671272293,9.199489671272293,0.0,2099823000.0,2082823000.0,13.3831931166348,11.217003205128204,203.86631067961164,238.0211970074813,3.097997934493951,3.097997934493951,11.12619123931624,0.0,202.21582524271844,236.09419632736345,0.0186801458980114,0.0042013064910709,0.0,0.0,0.0,0.0,0.0,0.2625876354365838,0.0038303228414966,0.2050478011472275,0.0,0.0,0.0,0.1434951456310679,0.0078952991452991,2.9738430583501008,0.0,10.497495305042632,0.0,0.026158719573191,-9.58020033117077,662000000.0,677800000.0,-159700000.0,676100000.0,130650000.0,0.0,0.0,63.36538461538461,0.0,0.0,1.4203338391502276,0.0,0.0,0.0578710534080849,0.0200602622221015,1999-07-20,0.48,bmo,167700000.0,2025-04-25,1999-06-30,0.1041666666666667,27.08031746031746,24049.20634920635
1999-03-31,ERIE,USD,922621,1999-05-14,1999-05-14 00:00:00,1999,Q1,169300000.0,0.0,169300000.0,1.0,0,0.0,0.0,0.0,167885000.0,167885000.0,167885000.0,0.0,0.0,524000.0,0.0,0.0,0.0,0.0,48530000.0,48530000.0,0.2866509155,15122000.0,33408000.0,0.1973301831,0.45,0.45,74353000,74353000,https://www.sec.gov/Archives/edgar/data/922621/000092262199000004/0000922621-99-000004-index.html,https://www.sec.gov/Archives/edgar/data/922621/,2.276976046696165,0.4493161002246043,0.5218350301938052,0.5178002232593171,0.4841768321385821,8.961306201498259,8.961306201498259,8.961306201498259,0.0,2044707500.0,2008707500.0,15.301031938457854,12.077421736562316,52.6986469072165,53.10928571428571,3.068749061984091,3.068749061984091,11.864781453041935,0.0,51.7708118556701,52.17422077922078,0.0163387672808947,0.0188290990276115,0.0,0.0,0.0,0.0,0.0,1.1613984674329505,0.0039609577408993,0.2424269636015325,0.0,0.0,0.0,0.0077319587628865,0.0017720023626698,0.05,0.0,9.518157962334657,0.0,0.0223764233087742,-9.328137398625476,658000000.0,666300000.0,-168700000.0,671200000.0,375024000.0,10126500.0,0.0,68.8422917897224,0.0,0.0,1.3073359073359074,0.0,0.0,0.0501395767672219,0.0040348069344881,1999-04-16,0.45,bmo,169300000.0,2025-04-25,1999-03-31,0.0,28.95229508196721,20878.688524590165
1998-12-31,ERIE,USD,922621,1999-03-30,1999-03-30 00:00:00,1998,Q4,154975945.0,0.0,154975945.0,1.0,0,0.0,0.0,0.0,154975945.0,154975945.0,154975945.0,0.0,0.0,600816.0,0.0,0.0,0.0,0.0,196357457.0,196357457.0,1.2670189364,14105963.0,31651494.0,0.204234883,0.43,0.43,73904348,74375000,https://www.sec.gov/Archives/edgar/data/922621/000092262199000002/0000922621-99-000002-index.html,https://www.sec.gov/Archives/edgar/data/922621/0000922621-99-000002.txt,2.0969800721332392,0.4282764797546147,0.6102278989052173,0.5566554622740194,9.441082451603524,8.865827691220549,8.865827691220549,8.865824782054771,0.0,2309510875.0,2255930832.0,18.241720872638744,14.90238291497432,51.210375756441536,56.13885449419495,3.524770765067771,3.524770765067771,14.556651562924817,0.0,50.02230854932077,54.83644788059989,0.0137048473521476,0.0178129747927686,0.0,0.0,0.0,2.3221252650448143,0.0,1.424845696067301,0.0031269738013249,0.2281655330392935,0.0,0.0,0.0,0.0877908675222975,0.0255474228597218,6.58976458682858,0.0,9.242999790384175,0.0,0.0217770724739788,4.937994419489365,1032579832.0,655223215.0,1015371047.0,1044968482.0,368274000.0,10126500.0,0.0,360.3741212870165,0.0,0.0,0.2497404632679502,0.0,0.0,0.0483064452865665,0.0535724366311979,1999-02-17,0.41,bmo,151960203.0,2025-04-25,1998-12-31,0.048780487804878,26.4575,19418.75
1998-09-30,ERIE,USD,922621,1998-11-13,1998-11-13 00:00:00,1998,Q3,173600000.0,0.0,173600000.0,1.0,0,0.0,0.0,0.0,173600000.0,173600000.0,173600000.0,0.0,0.0,16300000.0,0.0,0.0,51800000.0,0.2983870968,0.0,51800000.0,0.2983870968,16100000.0,35700000.0,0.2056451613,0.48,0.48,74375000,74375000,https://www.sec.gov/Archives/edgar/data/922621/000092262198000005/0000922621-98-000005-index.html,https://www.sec.gov/Archives/edgar/data/922621/,2.3341176470588234,0.48,0.5136134453781512,0.5136134453781512,0.7260504201680672,8.301176470588235,8.301176470588235,8.301176470588235,0.0,2026718750.0,1972718750.0,14.192708333333334,11.674647177419354,53.05546465968587,53.05546465968586,3.282667233560091,3.282667233560091,11.363587269585253,0.0,51.64185209424084,51.64185209424084,0.0176146788990825,0.0188481998303908,0.0,0.0,0.0,0.0,0.0,1.0700280112044818,0.0036018811194202,0.2044817927170868,0.0,0.0,0.0,0.0,0.0,0.0,0.0,9.46851128120746,0.0250403310654415,0.0250403310654415,-8.972100840336134,697000000.0,617400000.0,-111300000.0,708400000.0,112550000.0,0.0,0.0,60.13824884792626,0.0,0.0,1.4965517241379311,0.0,0.0,0.0578231292517006,0.0,1998-10-15,0.46,bmo,166052173.0,2025-04-25,1998-09-30,0.0434782608695651,28.921875,11546.875
1998-06-30,ERIE,USD,922621,1998-08-11,1998-08-11 00:00:00,1998,Q2,175200000.0,0.0,175200000.0,1.0,0,0.0,0.0,0.0,175200000.0,175200000.0,175200000.0,0.0,0.0,-4600000.0,0.0,0.0,52200000.0,0.2979452055,0.0,52200000.0,0.2979452055,16800000.0,35400000.0,0.2020547945,0.48,0.48,73750000,73750000,https://www.sec.gov/Archives/edgar/data/922621/000092262198000004/0000922621-98-000004-index.html,https://www.sec.gov/Archives/edgar/data/922621/,2.375593220338983,0.48,0.672542372881356,0.6698305084745763,0.7050847457627119,8.145084745762713,8.145084745762713,8.145084745762713,0.0,2129900000.0,2077900000.0,15.041666666666666,12.156963470319637,42.94153225806451,43.11538461538461,3.545696687198268,3.545696687198268,11.860159817351596,0.0,41.89314516129032,42.06275303643725,0.0166204986149584,0.0231935771632471,0.0,0.0,0.0,0.0,0.0,1.3971830985915492,0.0033804403962627,0.2033898305084746,0.0,0.0,0.0,0.0040322580645161,0.0011415525114155,-0.0425531914893617,0.0,9.379067930995983,0.0253418283341685,0.0253418283341685,-8.98135593220339,685000000.0,600700000.0,-111200000.0,696200000.0,112000000.0,0.0,0.0,56.0445205479452,0.0,0.0,1.605866177818515,0.0,0.0,0.0589312468786415,0.0027118644067796,1998-08-11,,amc,,2025-04-25,1998-06-30,,30.56079365079365,15188.888888888889
1998-03-31,ERIE,USD,922621,1998-05-14,1998-05-14 00:00:00,1998,Q1,159500000.0,0.0,159500000.0,1.0,0,0.0,0.0,0.0,159500000.0,159500000.0,159500000.0,0.0,0.0,5600000.0,0.0,0.0,46500000.0,0.2915360502,0.0,46500000.0,0.2915360502,14800000.0,31700000.0,0.1987460815,0.43,0.43,73720930,73720930,https://www.sec.gov/Archives/edgar/data/922621/000092262198000003/0000922621-98-000003-index.html,https://www.sec.gov/Archives/edgar/data/922621/,2.163564675594841,0.4300000013564669,0.2387381711001204,0.2373817042188697,0.5832807589377942,7.769842295803919,7.769842295803919,7.769842295803919,0.0,2322209295.0,2279209295.0,18.31395343059937,14.55930592476489,131.94370994318183,132.697674,4.0541363390363125,4.0541363390363125,14.289713448275862,0.0,129.500528125,130.24053114285715,0.013650793693856,0.0075359271180593,0.0,0.0,0.0,0.0,0.0,0.555205047318612,0.0031435581692476,0.2302839116719243,0.0,0.0,0.0,0.0056818181818181,0.0006269592476489,0.0178571428571428,0.0,8.670249387938183,0.0235372735372735,0.0235372735372735,-8.746837567024723,675000000.0,572800000.0,-99000000.0,685600000.0,366909572.0,8520560.0,0.0,64.83385579937304,0.0,0.0,1.3881636205395995,0.0,0.0,0.0553421787709497,0.0013564668812506,1998-07-16,0.45,bmo,163520000.0,2025-04-25,1998-03-31,0.0666666666666666,29.25688524590164,17272.131147540982
1997-12-31,ERIE,USD,922621,1998-03-26,1998-03-26 00:00:00,1997,Q4,112056808.0,0.0,112056808.0,1.0,0,0.0,0.0,0.0,112056808.0,112056808.0,112056808.0,0.0,0.0,588660.0,0.0,0.0,0.0,0.0,174919624.0,174919624.0,1.5609906004,13038434.0,27781190.0,0.2479205904,0.37,0.37,74651163,74651163,https://www.sec.gov/Archives/edgar/data/922621/000092262198000001/0000922621-98-000001-index.html,https://www.sec.gov/Archives/edgar/data/922621/,1.5010725017103883,0.3721467808880619,0.4166800991432645,0.4166800991432645,7.612121220402153,7.225381766657808,7.225381766657808,7.225381766657808,0.0,2202209308.5,2149060813.5,19.81744940101558,19.652615024515065,70.79771762715549,70.7977176271555,4.0828292473251,4.0828292473251,19.17831546210025,0.0,69.08907343661703,69.08907343661703,0.0126151451148495,0.0141247491235004,0.0,0.0,0.0,2.258241203753351,0.0,1.1196660042280406,0.0029275836656922,0.2320689646483826,0.0,0.0,0.0,0.0,0.0,0.0,0.0,7.778194373751052,0.0,0.0214934228212421,3.7411665106945486,938647938.0,539383152.0,931487309.0,948778168.0,367009572.0,8520560.0,0.0,497.0936077351052,0.0,0.0,0.1810524186984915,0.0,0.0,0.0515054834341581,0.0,1998-03-26,,amc,,2025-04-25,1997-12-31,,30.4128125,8953.125
1997-09-30,ERIE,USD,922621,1997-11-12,1997-11-12 00:00:00,1997,Q3,164000000.0,0.0,164000000.0,1.0,0,0.0,0.0,0.0,163900000.0,163900000.0,163900000.0,0.0,0.0,500000.0,0.0,0.0,48000000.0,0.2926829268,0.0,48000000.0,0.2926829268,15900000.0,32100000.0,0.1957317073,0.43,0.43,74651163,74651163,https://www.sec.gov/Archives/edgar/data/922621/000092262197000004/0000922621-97-000004-index.html,https://www.sec.gov/Archives/edgar/data/922621/,2.1968847290430022,0.4299999987943925,0.6376323969661397,0.6376323969661397,0.7233644839531836,6.983146397866568,6.983146397866568,6.983146397866568,0.0,2426162797.5,2372162797.5,18.89534889018692,14.793675594512194,50.96980667016807,50.96980667016807,4.65406253117207,4.65406253117207,14.464407301829269,0.0,49.83535288865546,49.83535288865546,0.0132307691936736,0.0196194583681889,0.0,0.0,0.0,0.0,0.0,1.482866043613707,0.0026379103688321,0.1993769470404984,0.0,0.0,0.0,0.0,0.0,0.0,0.0,8.219607120169007,0.0248837209302325,0.0248837209302325,-8.417484400075589,687000000.0,521300000.0,-81700000.0,696800000.0,112100000.0,0.0,0.0,63.16463414634146,0.0,0.0,1.424847958297133,0.0,0.0,0.061576827162862,0.0,1997-10-15,0.43,bmo,164000000.0,2025-04-25,1997-09-30,0.0,34.65078125,14615.625
1997-06-30,ERIE,USD,922621,1997-08-06,1997-08-06 00:00:00,1997,Q2,162500000.0,0.0,162500000.0,1.0,0,0.0,0.0,0.0,162500000.0,162500000.0,162500000.0,0.0,0.0,400000.0,0.0,0.0,44700000.0,0.2750769231,0.0,44700000.0,0.2750769231,14300000.0,30400000.0,0.1870769231,0.41,0.41,74146341,74146341,https://www.sec.gov/Archives/edgar/data/922621/000092262197000003/0000922621-97-000003-index.html,https://www.sec.gov/Archives/edgar/data/922621/,2.191611855802837,0.4100000025625,0.3101973703597862,0.3101973703597862,0.2427631594120066,6.561348725218956,6.561348725218956,6.561348725218956,0.0,2910243884.25,2892243884.25,23.9329266796875,17.909193133846152,126.53234279347826,126.53234279347826,5.982001817574512,5.982001817574512,17.798423903076923,0.0,125.74973409782608,125.74973409782608,0.010445859937898,0.0079031177161728,0.0,0.0,0.0,0.0,0.0,0.7540983606557377,0.0021991284079785,0.2105263157894736,0.0,0.0,0.0,0.0,0.0,0.0,0.0,7.780002722907469,0.0245557350565428,0.0245497859969312,-8.793083936535721,658000000.0,486500000.0,-93800000.0,667600000.0,108650000.0,0.0,0.0,60.424615384615386,0.0,0.0,1.4894592117323555,0.0,0.0,0.0624871531346351,0.0,1997-07-16,0.41,bmo,162500000.0,2025-04-25,1997-06-30,0.0,29.07890625,12304.6875
1997-03-31,ERIE,USD,922621,1997-05-13,1997-05-13 00:00:00,1997,Q1,150700000.0,0.0,150700000.0,1.0,0,0.0,0.0,0.0,150700000.0,150700000.0,150700000.0,0.0,0.0,400000.0,0.0,0.0,41300000.0,0.2740544127,0.0,41300000.0,0.2740544127,13100000.0,28200000.0,0.1871267419,0.38,0.38,74210526,74210526,https://www.sec.gov/Archives/edgar/data/922621/000092262197000002/0000922621-97-000002-index.html,https://www.sec.gov/Archives/edgar/data/922621/,2.030709228499472,0.3800000016170213,0.2317730506316583,0.2317730506316583,0.3099290793330315,6.084042579081032,6.084042579081032,6.084042579081032,0.0,2152105254.0,2129105254.0,19.07894728723404,14.28072497677505,125.1223984883721,125.1223984883721,4.766567561461794,4.766567561461794,14.128103875248838,0.0,123.78518918604652,123.78518918604652,0.0131034483316214,0.0079921741597123,0.0,0.0,0.0,0.0,0.0,0.6099290780141844,0.0029738322454743,0.226950354609929,0.0,0.0,0.0,0.0,0.0,0.0,0.0,7.212389636763839,0.0236775818639798,0.0236676458245908,-8.568191525822092,650000000.0,451500000.0,-90000000.0,659800000.0,352675793.5,10162845.5,-466792605.5,64.61844724618447,0.0,0.0,1.3927911275415896,0.0,0.0,0.0624584717607973,0.0,1997-05-13,,amc,,2025-04-25,1997-03-31,,30.32540983606557,10226.22950819672
1996-12-31,ERIE,USD,922621,1997-03-21,1997-03-21 00:00:00,1996,Q4,111585056.0,0.0,111585056.0,1.0,0,0.0,0.0,0.0,111585056.0,111585056.0,111585056.0,0.0,0.0,728376.0,0.0,0.0,0.0,0.0,152047791.0,152047791.0,1.362617867,11615432.0,25932359.0,0.2323999282,0.35,0.35,74871795,74871795,https://www.sec.gov/Archives/edgar/data/922621/000092262197000001/0000922621-97-000001-index.html,https://www.sec.gov/Archives/edgar/data/922621/,1.4903483481329651,0.3463568490644574,0.3757149003840498,0.3432864405080711,6.150695692550179,5.82006469859578,5.82006469859578,5.82006469859578,0.0,2321025645.0,2302306021.0,22.375766556756368,20.80050616276072,82.50937071782964,90.30359589536758,5.3264012696421466,5.3264012696421466,20.632745132108013,0.0,81.84391301397287,89.57527591120419,0.0111728015827244,0.0110737561454216,0.0,0.0,0.0,0.0,0.0,1.0847624390823836,0.0024116683122645,0.215851708670237,0.0,0.0,0.0,0.0863113489585608,0.0217589799838429,3.333411589618549,0.0,6.7346814017465295,0.0,0.022537350446007,-3.6501836539380417,608000000.0,435758691.0,-106880514.0,617841538.0,357125793.5,10162845.5,-466792605.5,481.63835513959856,0.0,0.0,0.1868621945067358,0.0,0.0,0.0595108245356832,0.0324284598759786,1997-04-18,0.36,bmo,142327777.0,2025-04-25,1996-12-31,0.0555555555555556,31.9259375,5271.875
1996-09-30,ERIE,USD,922621,1996-11-12,1996-11-12 00:00:00,1996,Q3,152800000.0,0.0,152800000.0,1.0,0,0.0,0.0,0.0,152800000.0,152800000.0,152800000.0,0.0,0.0,200000.0,0.0,0.0,42800000.0,0.280104712,0.0,42800000.0,0.280104712,13600000.0,29200000.0,0.1910994764,0.39,0.39,74871795,74871795,https://www.sec.gov/Archives/edgar/data/922621/000092262196000006/0000922621-96-000006-index.html,https://www.sec.gov/Archives/edgar/data/922621/,2.040821914313661,0.3899999993321917,0.2604452050334842,0.2644520543416916,0.320547944656596,5.490719168680275,5.490719168680275,5.490719168680275,0.0,2732820517.5,2708820517.5,23.397435937500003,17.88495103075916,140.14464192307693,138.02123825757576,6.647580923133058,6.647580923133058,17.727882967931937,0.0,138.9138726923077,136.80911704545454,0.0106849314885532,0.007245261762786,0.0,0.0,0.0,0.0,0.0,0.6678082191780822,0.0020857571741353,0.1952054794520548,0.0,0.0,0.0,0.0153846153846153,0.0019633507853403,1.5,0.0,6.941257855941357,0.0257996112387347,0.0257996112387347,-8.132234575116037,622000000.0,411100000.0,-98700000.0,630400000.0,61350000.0,0.0,0.0,68.97251308900523,0.0,0.0,1.304867634500427,0.0,0.0,0.0710289467282899,0.0040068493082074,1996-11-12,,amc,,2025-04-25,1996-09-30,,39.9865625,9371.875
1996-06-30,ERIE,USD,922621,1996-08-08,1996-08-08 00:00:00,1996,Q2,151400000.0,0.0,151400000.0,1.0,0,0.0,0.0,0.0,151400000.0,151400000.0,151400000.0,0.0,0.0,300000.0,0.0,0.0,39700000.0,0.2622192867,0.0,39700000.0,0.2622192867,13200000.0,26500000.0,0.1750330251,0.36,0.36,73611111,73611111,https://www.sec.gov/Archives/edgar/data/922621/000092262196000004/0000922621-96-000004-index.html,https://www.sec.gov/Archives/edgar/data/922621/,2.0567547200856677,0.3600000005433962,0.4129811326988394,0.4129811326988394,0.4483018874691349,5.253283026797408,5.253283026797408,5.253283026797408,0.0,3312499995.0,3279499995.0,31.24999995283019,21.879128104359317,108.963815625,108.963815625,8.56607187742436,8.56607187742436,21.661162450462356,0.0,107.87828930921052,107.87828930921052,0.0080000000120754,0.0091773585044186,0.0,0.0,0.0,0.0,0.0,1.147169811320755,0.0016905660402876,0.2113207547169811,0.0,0.0,0.0,0.0,0.0,0.0,0.0,6.523158175399998,0.0246856078248719,0.0246856078248719,-8.824754730301516,593000000.0,386700000.0,-93800000.0,601800000.0,5450000.0,0.0,0.0,3.3289299867899604,0.0,0.0,27.035714285714285,0.0,0.0,0.0685285751228342,0.0,1996-08-08,,amc,,2025-04-25,1996-06-30,,35.45460317460317,30030.15873015873
1996-03-31,ERIE,USD,922621,1996-05-09,1996-05-09 00:00:00,1996,Q1,141500000.0,0.0,141500000.0,1.0,0,0.0,0.0,0.0,141500000.0,141500000.0,141500000.0,0.0,0.0,200000.0,0.0,0.0,31900000.0,0.2254416961,0.0,31900000.0,0.2254416961,8400000.0,23500000.0,0.1660777385,0.11,0.11,74997000,74997000,https://www.sec.gov/Archives/edgar/data/922621/000092262196000002/0000922621-96-000002-index.html,https://www.sec.gov/Archives/edgar/data/922621/,1.8867421363521208,0.31334586716802,0.3386802138752217,0.3386802138752217,0.0,4.894862461165113,4.894862461165113,4.894862461165113,0.0,1850175990.0,1850175990.0,19.682723297872343,13.075448692579506,72.84157440944882,72.84157440944882,5.039978180332335,5.039978180332335,13.075448692579506,0.0,72.84157440944882,72.84157440944882,0.012701494412972,0.0137284237484889,0.0,0.0,0.0,0.0,0.0,1.0808510638297872,0.003026739094155,0.2382978723404255,0.0,0.0,0.0,0.0,0.0,0.0,0.0,5.8745349396904905,1.7537313432835822,0.022609197614008,-8.91135645425817,5300000.0,367100000.0,-667000000.0,13400000.0,5150000.0,2919872.5,0.0,3.371024734982332,0.0,0.0,26.69811320754717,0.0,0.0,0.0640152546989921,0.0,1996-05-09,,amc,,2025-04-25,1996-03-31,,20.445238095238093,5990.476190476191
1995-12-31,ERIE,USD,922621,1995-12-31,1995-12-30 19:00:00,1995,Q4,200900000.0,0.0,200900000.0,1.0,0,0.0,0.0,-368700000.0,200900000.0,-167800000.0,200900000.0,0.0,0.0,100000.0,0.0,0.0,33100000.0,0.1647585864,0.0,33100000.0,0.1647585864,10000000.0,23100000.0,0.1149825784,0.31,0.31,73783784,73783784,,,2.722820504841552,0.3130769221594816,0.3483150172943149,0.3483150172943149,5.1495952823455085,4.798242619272549,4.798242619272549,4.799157495094044,0.0,1500024328.7199998,1443167345.7199998,16.234029531601728,7.466522293280238,58.36670539766536,58.36670539766536,4.236160205365716,4.236160205365716,7.183510929417619,0.0,56.154371428793766,56.154371428793766,0.0153997502291924,0.0171330554497941,0.0,0.0,0.0,66.53201997689968,0.0,1.1125541125541123,0.0028666201725336,0.1861471861471861,0.0,0.0,0.0,0.0,0.0,0.0,0.0,5.8143247926358255,0.0590958660968106,0.022593896713615,-3.858041178804275,382690286.0,354032497.0,-279837472.0,390890286.0,4900000.0,2919872.5,0.0,2.2399203583872573,0.0,0.0,40.18,0.0,0.0,0.0652358090934764,0.0,1995-12-30,,amc,,2025-04-25,1995-12-31,,19.53333333333333,9380.952380952382
1995-09-30,ERIE,USD,922621,1995-09-30,1995-09-29 20:00:00,1995,Q3,120800000.0,0.0,120800000.0,1.0,0,0.0,0.0,-201100000.0,120800000.0,-80300000.0,120800000.0,0.0,0.0,400000.0,0.0,0.0,40500000.0,0.3352649007,0.0,40500000.0,0.3352649007,13200000.0,27300000.0,0.2259933775,0.12,0.12,75075000,75075000,,,1.609057609057609,0.3636363636363636,0.7312687312687313,0.7379287379287379,0.0,4.436896436896437,4.436896436896437,4.436896436896437,0.0,1213962750.0000002,1213962750.0000002,11.116875,10.049360513245036,22.11225409836066,21.912685018050546,3.644439357550285,3.644439357550285,10.049360513245036,0.0,22.11225409836066,21.912685018050546,0.0224883341766458,0.0456356671570029,0.0,0.0,0.0,0.0,0.0,2.010989010989011,0.0036244934204117,0.1611721611721611,0.0,0.0,0.0,0.0091074681238615,0.0041390728476821,1.25,0.0,6.025104143352509,2.1496062992125986,0.0274509803921568,-8.761904761904763,4800000.0,333100000.0,-656600000.0,12700000.0,4600000.0,0.0,0.0,3.576158940397351,0.0,0.0,25.166666666666668,0.0,0.0,0.0819573701591113,0.0066600066600066,1995-09-29,,amc,,2025-04-25,1995-09-30,,,
1995-06-30,ERIE,USD,922621,1995-06-30,1995-06-29 20:00:00,1995,Q2,138500000.0,0.0,138500000.0,1.0,0,0.0,0.0,-242200000.0,138500000.0,-103700000.0,138500000.0,0.0,0.0,100000.0,0.0,0.0,34800000.0,0.2512635379,0.0,34800000.0,0.2512635379,11700000.0,23100000.0,0.1667870036,0.1,0.1,75075000,75075000,,,1.8448218448218447,0.3076923076923077,0.1345321345321345,0.1345321345321345,0.0,4.117216117216117,4.117216117216117,4.117216117216117,0.0,1213962750.0000002,1213962750.0000002,13.138125,8.765074007220218,120.19433168316831,120.19433168316834,3.9274110320284703,3.9274110320284703,8.765074007220218,0.0,120.19433168316834,120.19433168316834,0.0190285904571618,0.0083198598968543,0.0,0.0,0.0,0.0,0.0,0.4372294372294372,0.0036244934204117,0.1904761904761904,0.0,0.0,0.0,0.0,0.0,0.0,0.0,5.33889538092097,1.8934426229508192,0.0243183492999263,-8.491508491508492,4400000.0,309100000.0,-636400000.0,12200000.0,47300000.0,0.0,0.0,2.859205776173285,0.0,0.0,31.477272727272727,0.0,0.0,0.0747330960854092,0.0,1995-06-29,,amc,,2025-04-25,1995-06-30,,,
1995-03-31,ERIE,USD,922621,1995-03-31,1995-03-30 19:00:00,1995,Q1,133700000.0,0.0,133700000.0,1.0,0,0.0,0.0,0.0,133700000.0,133700000.0,133700000.0,0.0,0.0,200000.0,0.0,0.0,29700000.0,0.2221391174,0.0,29700000.0,0.2221391174,9600000.0,20100000.0,0.1503365744,0.09,0.09,75075000,75075000,,,1.780885780885781,0.2677322677322677,0.281052281052281,0.281052281052281,0.0,3.762903762903763,3.762903762903763,3.762903762903763,0.0,1213962750.0000002,1213962750.0000002,15.09903917910448,9.079751308900525,57.53377962085309,57.53377962085309,4.297213274336284,4.297213274336284,9.079751308900525,0.0,57.53377962085309,57.53377962085309,0.0165573449432447,0.0173810934478837,0.0,0.0,0.0,0.0,0.0,1.0497512437810943,0.0036244934204117,0.2189054726368159,0.0,0.0,0.0,0.0,0.0,0.0,0.0,4.761054720149877,0.205311542390194,0.0220685111989459,-7.467865467865468,90200000.0,282500000.0,-538100000.0,97900000.0,46800000.0,0.0,0.0,60.718025430067314,0.0,0.0,1.482261640798226,0.0,0.0,0.0711504424778761,0.0,1995-03-30,,amc,,2025-04-25,1995-03-31,,,
1994-12-31,ERIE,USD,922621,1994-12-31,1994-12-30 19:00:00,1994,Q4,119300000.0,0.0,119300000.0,1.0,0,0.0,0.0,-212200000.0,119300000.0,-92900000.0,119300000.0,0.0,0.0,0.0,26400000.0,0.2212908634,26400000.0,0.2212908634,0.0,26400000.0,0.2212908634,8500000.0,17900000.0,0.1500419111,0.24,0.24,75075000,75357143,,,1.589077589077589,0.2384282384282384,0.356976356976357,0.356976356976357,0.0,3.475191475191475,3.475191475191475,3.475191475191475,0.0,1213962750.0000002,1213962750.0000002,16.954787011173185,10.175714585079634,45.29711753731343,45.29711753731344,4.652981027213492,4.652981027213492,10.175714585079634,45.98343750000001,45.29711753731344,45.29711753731344,0.0147450982330388,0.0220764599243263,0.0,0.0,0.0,0.0,0.0,1.4972067039106145,0.0029654946167005,0.2011173184357542,0.0,0.0,0.0,0.0,0.0,0.0,0.0,4.317769688935658,1.6126126126126126,0.0205865439907993,-8.072594072594073,3400000.0,260900000.0,-605200000.0,11100000.0,40850000.0,0.0,0.0,2.5649622799664717,0.0,0.0,35.088235294117645,0.0,0.0,0.068608662322729,0.0,1994-12-30,,amc,,2025-04-25,1994-12-31,,,
1994-09-30,ERIE,USD,922621,1994-09-30,1994-09-29 20:00:00,1994,Q3,131500000.0,0.0,131500000.0,1.0,0,0.0,0.0,0.0,131500000.0,131500000.0,131500000.0,0.0,0.0,200000.0,0.0,0.0,30500000.0,0.2319391635,0.0,30500000.0,0.2319391635,9400000.0,21100000.0,0.1604562738,0.0933,0.0933,75075000,75075000,,,1.7515817515817516,0.281052281052281,0.6566766566766566,0.6566766566766566,0.0,3.335331335331335,3.335331335331335,3.335331335331335,0.0,1213962750.0000002,1213962750.0000002,14.383444905213272,9.231655893536123,24.62399087221096,24.62399087221096,4.848094049520768,4.848094049520768,9.231655893536123,0.0,24.62399087221096,24.62399087221096,0.0173810934478837,0.0406108012787048,0.0,0.0,0.0,0.0,0.0,2.3364928909952605,0.0029654946167005,0.1706161137440758,0.0,0.0,0.0,0.0,0.0,0.0,0.0,4.592554386923523,0.2497041420118343,0.0242751955821445,-7.46020646020646,78300000.0,250400000.0,-540500000.0,84500000.0,76800000.0,0.0,0.0,53.5893536121673,0.0,0.0,1.6794380587484037,0.0,0.0,0.0842651757188498,0.0,1994-09-29,,amc,,2025-04-25,1994-09-30,,,
1994-06-30,ERIE,USD,922621,1994-06-30,1994-06-29 20:00:00,1994,Q2,131300000.0,0.0,131300000.0,1.0,0,0.0,0.0,0.0,131300000.0,131300000.0,131300000.0,0.0,0.0,300000.0,0.0,0.0,29700000.0,0.226199543,0.0,29700000.0,0.226199543,8700000.0,21000000.0,0.1599390708,0.0933,0.0933,75075000,75075000,,,1.748917748917749,0.2797202797202797,0.1638361638361638,0.1625041625041625,0.0,3.1022311022311024,3.1022311022311024,3.1022311022311024,0.0,1213962750.0000002,1213962750.0000002,14.4519375,9.24571782178218,98.69615853658536,99.50514344262297,5.21237762988407,5.21237762988407,9.24571782178218,0.0,98.6961585365854,99.50514344262297,0.0172987185974198,0.0100497317565963,0.0,0.0,0.0,0.0,0.0,0.5857142857142857,0.0029654946167005,0.1714285714285714,0.0,0.0,0.0,0.008130081300813,0.0007616146230007,0.3333333333333333,0.0,4.418657195647033,0.2576687116564417,0.0249791840133222,-7.343656343656344,75300000.0,232900000.0,-532500000.0,81500000.0,73200000.0,0.0,0.0,51.61462300076161,0.0,0.0,1.7436918990703851,0.0,0.0,0.090167453842851,0.0013320013320013,1994-06-29,,amc,,2025-04-25,1994-06-30,,,
1994-03-31,ERIE,USD,922621,1994-03-31,1994-03-30 19:00:00,1994,Q1,122100000.0,0.0,122100000.0,1.0,0,0.0,0.0,0.0,122100000.0,122100000.0,122100000.0,0.0,0.0,200000.0,0.0,0.0,18500000.0,0.1515151515,0.0,18500000.0,0.1515151515,6800000.0,11700000.0,0.0958230958,0.0533,0.0533,75075000,75075000,,,1.6263736263736264,0.1558441558441558,0.1292041292041292,0.1252081252081252,0.0,2.8864468864468864,2.8864468864468864,2.8864468864468864,0.0319680319680319,1213962750.0000002,1216362750.0000002,25.939375,9.942364864864867,125.15079896907216,129.14497340425535,5.602043147208122,5.602043147208122,9.962020884520886,0.0,125.39822164948455,129.40029255319152,0.0096378575042767,0.0077432359436069,0.0110752191970466,0.0028860028860028,0.0,0.0,0.0,0.8290598290598291,0.002553620364381,0.2649572649572649,0.0,0.0,0.0,0.0309278350515463,0.0024570024570024,1.5,0.0,3.181400204967053,0.1511627906976744,0.014069264069264,-7.480186480186481,71100000.0,216700000.0,-543800000.0,77400000.0,36850000.0,0.0,0.0,52.4078624078624,0.0,0.0,1.7172995780590716,0.0,0.0,0.0539916935856022,0.0039960039960039,1994-03-30,,amc,,2025-04-25,1994-03-31,,,
1993-12-31,ERIE,USD,922621,1993-12-31,1993-12-30 19:00:00,1993,Q4,115900000.0,0.0,115900000.0,1.0,0,0.0,0.0,-216700000.0,115900000.0,-100800000.0,115900000.0,0.0,0.0,0.0,15100000.0,0.1302847282,15100000.0,0.1302847282,0.0,2000000.0,0.0172562554,-15100000.0,15100000.0,0.1302847282,0.2,0.2,75500000,75500000,,,1.5350993377483444,0.2,,,0.0,2.7841059602649008,2.7841059602649008,2.7841059602649008,0.0317880794701986,1220835000.0000002,1223235000.0000002,20.2125,10.533520276100088,0.0,0.0,5.807968601332065,5.807968601332065,10.554227782571184,81.00894039735101,0.0,0.0,0.0123685837971552,,0.011417697431018,0.0029368575624082,0.1589403973509933,0.0,0.0,0.0,,,0.0,0.0,0.0,0.0,,0.0,,3.539558845561414,12.295714285714286,0.0184777288301517,-8.013907284768212,2600000.0,210200000.0,-604400000.0,10500000.0,,,,2.018981880931838,0.0,0.0,44.57692307692308,0.0,0.0,0.071836346336822,,1993-12-30,,amc,,2025-04-25,1993-12-31,,,
1993-09-30,ERIE,USD,922621,1993-09-30,1993-09-29 20:00:00,1993,Q3,115900000.0,0.0,115900000.0,1.0,0,0.0,0.0,-216700000.0,115900000.0,-100800000.0,115900000.0,0.0,0.0,0.0,15100000.0,0.1302847282,15100000.0,0.1302847282,0.0,0.0,0.0,-15100000.0,15100000.0,0.1302847282,0.0667,0.0667,226500000,226500000,,,0.5116997792494481,0.0666666666666666,,,,,,,,3662505000.000001,,60.63750000000001,31.600560828300264,0.0,0.0,0.0,0.0,,,0.0,0.0,0.0041228612657184,,0.0,0.0,,0.0,0.0,0.0,,,0.0,0.0,0.0,0.0,,0.0,,,0.0,0.0,,,,,,,,,,0.0,0.0,0.0,0.0,0.0,0.0,,1993-09-29,,amc,,2025-04-25,1993-09-30,,,
1993-06-30,ERIE,USD,922621,1993-06-30,1993-06-29 20:00:00,1993,Q2,115800000.0,0.0,115800000.0,1.0,0,0.0,0.0,-216500000.0,115800000.0,-100700000.0,115800000.0,0.0,0.0,0.0,15100000.0,0.1303972366,15100000.0,0.1303972366,0.0,0.0,0.0,-15100000.0,15100000.0,0.1303972366,0.0667,0.0667,226500000,226500000,,,0.5112582781456954,0.0666666666666666,,,,,,,,3662505000.000001,,60.63750000000001,31.627849740932646,0.0,0.0,0.0,0.0,,,0.0,0.0,0.0041228612657184,,0.0,0.0,,0.0,0.0,0.0,,,0.0,0.0,0.0,0.0,,0.0,,,0.0,0.0,,,,,,,,,,0.0,0.0,0.0,0.0,0.0,0.0,,1993-06-29,,amc,,2025-04-25,1993-06-30,,,
1993-03-31,ERIE,USD,922621,1993-03-31,1993-03-30 19:00:00,1993,Q1,115800000.0,0.0,115800000.0,1.0,0,0.0,0.0,-216500000.0,115800000.0,-100700000.0,115800000.0,0.0,0.0,0.0,15100000.0,0.1303972366,15100000.0,0.1303972366,0.0,0.0,0.0,-15100000.0,15100000.0,0.1303972366,0.0667,0.0667,226500000,226500000,,,0.5112582781456954,0.0666666666666666,,,,,,,,3662505000.000001,,60.63750000000001,31.627849740932646,0.0,0.0,0.0,0.0,,,0.0,0.0,0.0041228612657184,,0.0,0.0,,0.0,0.0,0.0,,,0.0,0.0,0.0,0.0,,0.0,,,0.0,0.0,,,,,,,,,,0.0,0.0,0.0,0.0,0.0,0.0,,1993-03-30,,amc,,2025-04-25,1993-03-31,,,
