date,symbol,reportedCurrency,cik,fillingDate,acceptedDate,calendarYear,period,revenue,costOfRevenue,grossProfit,grossProfitRatio,researchAndDevelopmentExpenses,generalAndAdministrativeExpenses,sellingAndMarketingExpenses,sellingGeneralAndAdministrativeExpenses,otherExpenses,operatingExpenses,costAndExpenses,interestIncome,interestExpense,depreciationAndAmortization,ebitda,ebitdaratio,operatingIncome,operatingIncomeRatio,totalOtherIncomeExpensesNet,incomeBeforeTax,incomeBeforeTaxRatio,incomeTaxExpense,netIncome,netIncomeRatio,eps,epsdiluted,weightedAverageShsOut,weightedAverageShsOutDil,link,finalLink,revenuePerShare,netIncomePerShare,operatingCashFlowPerShare,freeCashFlowPerShare,cashPerShare,bookValuePerShare,tangibleBookValuePerShare,shareholdersEquityPerShare,interestDebtPerShare,marketCap,enterpriseValue,peRatio,priceToSalesRatio,pocfratio,pfcfRatio,pbRatio,ptbRatio,evToSales,enterpriseValueOverEBITDA,evToOperatingCashFlow,evToFreeCashFlow,earningsYield,freeCashFlowYield,debtToEquity,debtToAssets,netDebtToEBITDA,currentRatio,interestCoverage,incomeQuality,dividendYield,payoutRatio,salesGeneralAndAdministrativeToRevenue,researchAndDdevelopementToRevenue,intangiblesToTotalAssets,capexToOperatingCashFlow,capexToRevenue,capexToDepreciation,stockBasedCompensationToRevenue,grahamNumber,roic,returnOnTangibleAssets,grahamNetNet,workingCapital,tangibleAssetValue,netCurrentAssetValue,investedCapital,averageReceivables,averagePayables,averageInventory,daysSalesOutstanding,daysPayablesOutstanding,daysOfInventoryOnHand,receivablesTurnover,payablesTurnover,inventoryTurnover,roe,capexPerShare,report_date,epsEstimated,time,revenueEstimated,updatedFromDate,fiscalDateEnding,surprise(%),QuarterAvgPrice,QuarterAvgVolume
2025-03-31,ESS,USD,920522,2025-04-30,2025-04-30 16:19:14,2025,Q1,464583000.0,64926000.0,399657000.0,0.8602488683,0,16292000.0,0.0,16292000.0,126284000.0,142576000.0,207502000.0,4289000.0,62732000.0,151287000.0,512824000.0,1.1038372045,257081000.0,0.5533586033,41724000.0,298805000.0,0.6431681745,0.0,203110000.0,0.4371877576,3.1580551809620347,3.1580551809620347,64314899,64314899,https://www.sec.gov/Archives/edgar/data/920522/000092052225000040/0000920522-25-000040-index.htm,https://www.sec.gov/Archives/edgar/data/920522/000092052225000040/ess-20250331.htm,7.223567279488381,-0.1503228668679088,4.376948489027402,3.942927749913749,2.717068715290994,89.86954951138149,89.86954951138149,86.60514261244506,0.0,19717018586.43,19618283586.43,-509.8525699842263,42.44024982926624,70.04194835021296,77.75186852122924,3.5398590747883167,3.5398590747883167,42.22772590996657,38.25539285686707,69.6912060845888,77.36251803678392,-0.0004903378245356,0.0128614272430888,0.0,0.0,-0.1925319407828026,0.0,0.0,1.3229892188102153,0.0079916495417033,-16.298252229002898,0.0350680072236823,0.0,0.0,0.0,0.0,0.0,0.0042145321718616,,-0.6025590732867442,-0.0007331875350838,-112.43987182503388,429772000.0,5779951000.0,-6976535000.0,483123000.0,103353000.0,106373500.0,0.0,0.0,0.0,0.0,0.0,0.0,0.0,-0.0017357267978946,0.0,2025-04-29,3.92,amc,466061540.0,2025-05-11,2025-03-31,0.0127551020408163,292.1875,460936.68333333335
2024-12-31,ESS,USD,920522,2025-02-21,2025-02-21 16:51:05,2024,Q4,454469000.0,388552000.0,65917000.0,0.145041796,0,31528000.0,0.0,31528000.0,-270107000.0,-238579000.0,149973000.0,2659000.0,61244000.0,148435000.0,268409000.0,0.5905991388,304496000.0,0.6700038947,-245766000.0,58730000.0,0.1292277361,0.0,257453000.0,0.5664918839,4.01,4.01,64228356,64251234,https://www.sec.gov/Archives/edgar/data/920522/000092052225000024/0000920522-25-000024-index.htm,https://www.sec.gov/Archives/edgar/data/920522/000092052225000024/ess-20241231.htm,7.075831117333908,4.008400900063517,3.297982591987876,2.7941552793286504,2.126615228949656,89.5436121703006,89.5436121703006,86.20874555780316,104.55403840633878,18333341936.64,24920636936.64,17.802610512054628,40.34013747173074,86.54988073419442,102.15609780591092,3.311032983406676,3.311032983406676,54.83462444443956,92.84575754404658,117.64784413777475,138.8614816154772,0.0140428843191687,0.0097889408608767,1.2017400613973588,0.5147292652737501,24.54200492531919,0.6641997277947226,4.97185030370322,0.7021177156911165,0.0085906323322993,0.6117427258567584,0.0693732685837758,0.0,0.0,0.1834541883828083,0.0855063821734815,0.2617980934415737,0.0039782691448701,88.176427116112,0.0242920082949722,0.0199153593553021,-107.18788287216942,-178136000.0,5751239000.0,-6823774000.0,-126580000.0,203500500.0,229551500.0,37074000.0,40.93467321203426,49.278423479997535,0.0,2.1986251003841204,1.8263571284201423,0.0,0.046496453162932,0.6050287197137663,2025-02-04,1.4,amc,449859880.0,2025-05-04,2024-12-31,1.8,295.43390625,343589.8125
2024-09-30,ESS,USD,920522,2024-10-30,2024-10-30 16:25:59,2024,Q3,450698000.0,61106000.0,389592000.0,0.8644191898,0,29067000.0,0.0,29067000.0,0.0,260802000.0,321908000.0,11449000.0,59232000.0,146439000.0,416454000.0,0.9240200755,128790000.0,0.2857567595,81993000.0,210783000.0,0.4676812411,0.0,118424000.0,0.2627568793,1.84,1.84,64227662,64271459,https://www.sec.gov/Archives/edgar/data/920522/000092052224000092/0000920522-24-000092-index.htm,https://www.sec.gov/Archives/edgar/data/920522/000092052224000092/ess-20240930.htm,7.017194553960255,1.8438161426458275,4.923096842603425,4.353980688258589,2.4211997628062503,88.16040976238556,88.16040976238556,84.60273705743796,100.87044737826514,18974135908.04,25313313908.04,40.05551220200298,42.09944554455534,60.00694470267142,67.8505535857477,3.4918492034062125,3.4918492034062125,56.1646910082583,60.782977010762295,80.05500937080762,90.51913457743004,0.0062413382392723,0.0147382732660571,1.1813829125501762,0.5075681281763822,15.221796404885051,0.9678066327070386,2.1743314424635334,2.51977495676843,0.0082908123332953,1.3283709383233129,0.0644932970636656,0.0,0.0,0.115601251110851,0.0811030889864166,0.2496124666243282,0.0041025254161323,59.24371339405389,2.79656048465898,0.0093634707463095,-103.41816194399227,-14302000.0,5662337000.0,-6555159000.0,38168000.0,217035500.0,215060000.0,33174000.5,39.99696027051373,362.8455470821197,109.20891565476386,2.250170997778277,0.2480394226241699,0.8241085396774019,0.0217938119589917,0.5691161543448366,2024-10-29,3.88,amc,447750000.0,2025-04-25,2024-09-30,0.0077319587628866,290.0890625,387547.203125
2024-06-30,ESS,USD,920522,2024-07-31,2024-07-31 16:27:37,2024,Q2,442355000.0,283769000.0,158586000.0,0.3585039165,0,21136000.0,0.0,21136000.0,155265000.0,165942000.0,303338000.0,9568000.0,59120000.0,145613000.0,283063000.0,0.6399000803,139017000.0,0.3142656916,-38464000.0,98986000.0,0.2237705011,133870000.0,92914000.0,0.2100439692,1.45,1.45,64209878,64227650,https://www.sec.gov/Archives/edgar/data/920522/000092052224000075/0000920522-24-000075-index.htm,https://www.sec.gov/Archives/edgar/data/920522/000092052224000075/ess-20240630.htm,6.889204804282606,1.4470359217938398,3.5107838080614324,2.972019351913424,2.31182496562289,88.59055922828571,88.59055922828571,85.37064966857592,99.61845745914673,17517738915.96,23790956916.96,47.13428255149924,39.601087171977255,77.70914272008234,91.79617212934868,3.195711887623391,3.195711887623391,53.7824980320331,84.04827517888243,105.5372999550187,124.66898763295656,0.0053039950216034,0.0108937004322022,1.156108419397921,0.5066061204880147,22.161914489000683,0.7714609231663528,2.3514377537212447,2.4261898099317647,0.008981239003206,1.6932970273586327,0.0477806286805846,0.0,0.0,0.1534598783641711,0.0782041572944806,0.237574941797779,0.0043155384250206,52.72119048911359,-0.0040773251916441,0.007427498868856,-101.24917229246256,-113229000.0,5688389000.0,-6438853000.0,-59856000.0,208408000.0,200150000.0,-7799999.5,47.563246713612365,58.28247623947647,-2.4738428440033973,1.8922173362535075,1.5442034348403386,-36.38064568982637,0.0169500399424332,0.5387644561480088,2024-07-30,3.84,amc,431820000.0,2025-04-25,2024-06-30,0.0260416666666666,256.66253968253966,348534.8253968254
2024-03-31,ESS,USD,920522,2024-05-01,2024-05-01 16:46:09,2024,Q1,426928000.0,277330000.0,149598000.0,0.350405689,0,17171000.0,0.0,17171000.0,134519000.0,-134519000.0,142811000.0,57275000.0,55933000.0,139733000.0,272092000.0,0.6373252633,284117000.0,0.6654916051,152781000.0,285140000.0,0.6678877937,12409000.0,272731000.0,0.6388220028,4.25,4.25,64205085,64212006,https://www.sec.gov/Archives/edgar/data/920522/000092052224000045/0000920522-24-000045-index.htm,https://www.sec.gov/Archives/edgar/data/920522/000092052224000045/ess-20240331.htm,6.649442174245233,4.247809967076595,4.903895073108306,4.492899588872128,9.33204901138282,89.6493634421635,89.6493634421635,86.41108410650028,103.93292057786388,15388032721.95,21497251721.95,14.105503886567718,36.043624971775095,48.87339480697463,53.344170119805725,2.7736025126662054,2.7736025126662054,50.35334230116084,79.00729062945621,68.27667250623301,74.52239501208109,0.017723578116062,0.0187461909662124,1.1926914251200111,0.5135424132443578,22.452769651441425,1.9553951762894224,5.07959523000733,1.1544525558150704,0.0096392438643842,0.543865567170582,0.0402198965633549,0.0,0.0,0.0838100077813596,0.0618090169771015,0.1888458703384311,0.0037289660083199,90.87795083244028,0.0210865063990275,0.021166246351915,-99.62910258587772,382181000.0,5755945000.0,-6347035000.0,445039000.0,178830500.0,196468500.0,-6049999.5,38.58636585091632,70.27094075649947,-2.5312804240435582,2.3324300699300697,1.2807570103816457,-35.555128205128206,0.0491581607961455,0.4109954842361785,2024-04-30,1.29,amc,426928000.0,2025-04-25,2024-03-31,2.294573643410853,238.03573770491803,419327.08196721313
2023-12-31,ESS,USD,920522,2024-02-23,2024-02-23 16:05:20,2023,Q4,421748000.0,259049000.0,162699000.0,0.3857730232,0,19739000.0,0.0,19739000.0,-25886000.0,25886000.0,284935000.0,17204000.0,55099000.0,138016000.0,268357000.0,0.6362970305,136813000.0,0.3243951364,-59992000.0,70349000.0,0.1668033992,4958000.0,65391000.0,0.1550475639,1.02,1.02,64187383,64188581,https://www.sec.gov/Archives/edgar/data/920522/000092052224000033/0000920522-24-000033-index.htm,https://www.sec.gov/Archives/edgar/data/920522/000092052224000033/ess-20231231.htm,6.570574781028228,1.018751613537508,3.1731158131186,2.455420249802052,7.604749986457619,87.65247525358683,87.55744100051562,84.48305175489084,98.55402579662736,15914619741.02,21785111741.02,60.84407541183037,37.7349026931248,78.13770899093649,100.97660472580532,2.9347898170078404,2.9347898170078404,51.654333253554256,81.17959189072765,106.96069081483157,138.22426504546118,0.0041088634893018,0.0099032840598614,1.156393089405257,0.5072898137084011,21.875680530040206,1.8787827245538689,2.4830396195938222,3.114709975378875,0.0093176590087031,2.2676973895490207,0.0468028301260468,0.0,0.0004934705354001,0.2261800720759645,0.1092287337462181,0.3337801414328774,0.0049508237146352,44.00582937597048,0.0100054660240002,0.0052925349527373,-95.31934413808396,309995000.0,5620083000.0,-6072494000.0,379852000.0,169612000.0,195201000.0,-7749999.0,37.263697753160656,61.28605036609309,-1.493925517928753,2.415219246253314,1.4685234154001394,-60.2439672660389,0.0120586507278784,0.7176955633165477,2024-02-06,3.81,amc,419740000.0,2025-04-25,2023-12-31,0.005249343832021,220.5957142857143,434262.0
2023-09-30,ESS,USD,920522,2023-10-27,2023-10-27 16:10:14,2023,Q3,419183000.0,123896000.0,295287000.0,0.7044345787,0,14611000.0,0.0,14611000.0,-19615000.0,14611000.0,138507000.0,4406000.0,54161000.0,137357000.0,269141000.0,0.642060866,131784000.0,0.3143829783,-137511000.0,-5727000.0,-0.0136622907,137396586.0,-5727000.0,-0.0136622907,-0.0892,-0.0892,64184180,64186020,https://www.sec.gov/Archives/edgar/data/920522/000092052223000042/0000920522-23-000042-index.htm,https://www.sec.gov/Archives/edgar/data/920522/000092052223000042/ess-20230930.htm,6.530939555510408,-0.0892275947125911,4.488068555210957,3.891675487635738,7.644921225136786,89.37415730792229,89.37415730792229,86.18452397459934,98.5449529775094,13612822736.2,19483191736.2,-594.2388133490483,32.47465363862561,47.256408272495946,54.498377542997154,2.4608826529285937,2.4608826529285937,46.478964405045055,72.3902777213431,67.63517611147562,78.00015908224707,-0.0004207062789975,0.0183491701053125,1.1336271438547725,0.5017637320049126,21.81150029166868,3.0449951440746093,2.4331899337161427,3.0971518885269167,0.010892744500792,-25.89156626506024,0.0348558982592328,0.0,0.0,0.1328841260418727,0.0913181116600625,0.2786825571321447,0.0051242536076129,,0.2681237557631834,-0.000458246260276,-95.86014418973647,440085000.0,5736407000.0,-6105954000.0,504721000.0,157533500.0,193473500.0,-10149999.5,35.34081773354358,155.4536869632595,-8.135855152708723,2.5466303773321264,0.5789505656515623,-11.062143844834273,-0.0010353087839632,0.5963930675752187,2023-10-26,3.77,amc,419540000.0,2025-04-25,2023-09-30,0.0026525198938991,234.4415873015873,397308.6190476191
2023-06-30,ESS,USD,920522,2023-07-28,2023-07-28 16:13:15,2023,Q2,416043000.0,130675000.0,285368000.0,0.6859098699,0,13813000.0,0.0,13813000.0,-10946000.0,150547000.0,281222000.0,4468000.0,52600000.0,136718000.0,271550000.0,0.6526969568,134832000.0,0.3240818858,-27343000.0,107489000.0,0.2583603137,1733000.0,99620000.0,0.2394464034,1.55,1.55,64182554,64183674,https://www.sec.gov/Archives/edgar/data/920522/000092052223000037/0000920522-23-000037-index.htm,https://www.sec.gov/Archives/edgar/data/920522/000092052223000037/ess-20230630.htm,6.482182058383031,1.5521351799119742,3.2938545885849293,2.7494543143297165,2.6680926408755874,90.26378102685038,90.26378102685038,87.02174737390476,94.439448451989,15037972402.2,20977623402.2,37.73833668490263,36.14523595445663,71.13246614224627,85.21690968963036,2.692430421941397,2.692430421941397,50.42176746682434,77.251421109188,99.22814369465678,118.87561641666714,0.0066245632945453,0.0117347601977367,1.0758220092178044,0.4907007789863076,21.873139385011967,9.344128496325771,2.563346007604563,1.99901660425886,0.0098603053679169,1.488446095161614,0.0332008950997853,0.0,0.0,0.1652775675471127,0.0839841074119742,0.2555698591260844,0.0043841622140019,55.12770718178043,0.0108626359687018,0.0081353841600754,-96.1689682838112,287280000.0,5793360000.0,-6130204000.0,352785000.0,135525000.0,190509000.0,-6050000.0,32.54894325826898,119.11337287162809,-6.267457432561699,2.765066726924713,0.7555826674222011,-14.35989010989011,0.0178361757463102,0.5444002742552128,2023-07-27,3.73,amc,413660000.0,2025-04-25,2023-06-30,0.0107238605898123,218.59725806451613,392169.8870967742
2023-03-31,ESS,USD,920522,2023-04-28,2023-04-28 16:42:56,2023,Q1,412421000.0,131844000.0,280577000.0,0.6803169577,0,15311000.0,0.0,15311000.0,136365000.0,151676000.0,283520000.0,3283000.0,50012000.0,136347000.0,323732000.0,0.7849551793,143055000.0,0.3468664302,48091000.0,160694000.0,0.3896358333,-900000.0,153532000.0,0.3722700832,2.38,2.38,64458535,64459689,https://www.sec.gov/Archives/edgar/data/920522/000092052223000011/0000920522-23-000011-index.htm,https://www.sec.gov/Archives/edgar/data/920522/000092052223000011/ess-20230331.htm,6.398237254383768,2.381872315279893,4.296079642517473,3.9689856432511226,2.857030492548427,90.4002084440796,90.4002084440796,87.16892185030268,93.4723229437343,13480858009.9,19378777009.9,21.95121865458015,32.68712798305615,48.681592848089146,52.69356425000488,2.3992495898843536,2.3992495898843536,46.98785224297502,59.86055443978353,69.97994724052883,75.74716911251393,0.0113888893338428,0.0189776496282448,1.0634116189970744,0.4865787432244274,18.218523346471773,666.8402625820569,2.860413500759817,1.7136712996769683,0.0105430232924064,0.9257288382877836,0.037124685697382,0.0,0.0,0.0761377875840949,0.0511225180095097,0.1546348654535853,0.0047790970876846,68.34886932810763,0.011433911041923,0.0125028359642449,-95.86953069907656,304289000.0,5827065000.0,-6147963000.0,370662000.0,111815500.0,186766500.0,-6193000.0,26.314712393403827,142.03513242923455,-2.047874761081278,3.420139983082614,0.6336460455996001,-43.948,0.0273247880634607,0.3270939992663501,2023-04-27,3.62,amc,411290000.0,2025-04-25,2023-03-31,0.0082872928176795,220.5635483870968,550549.5645161291
2022-12-31,ESS,USD,920522,2023-02-23,2023-02-23 16:23:20,2022,Q4,415183000.0,127778000.0,287405000.0,0.6922369172,0,16036000.0,0.0,16036000.0,135441000.0,151477000.0,279255000.0,5488000.0,51101000.0,135758000.0,279448000.0,0.6730718743,143690000.0,0.3460883514,-9791000.0,191847000.0,0.4620781679,-2373000.0,185165000.0,0.44598406,2.86,2.86,64727333,64731222,https://www.sec.gov/Archives/edgar/data/920522/000092052223000005/0000920522-23-000005-index.htm,https://www.sec.gov/Archives/edgar/data/920522/000092052223000005/ess-20221231.htm,6.414338128221659,2.8606925609000453,2.578725126833203,1.7121978438382437,2.4012112471867177,91.49559738541986,91.38127164918104,88.31465371823677,93.90130441493704,13717016409.36,19701215409.36,18.519990831636647,33.03848281206118,82.18014312376434,123.77074341183476,2.399601777029207,2.399601777029207,47.451883649764085,70.50047024619965,118.03213277112764,177.76708903470305,0.013498926769064,0.0080794537742461,1.0543190681082335,0.4871030691660528,21.414356159285447,4.963589576171913,2.8118823506389305,0.8594068582020389,0.0103871713605865,0.769481273458807,0.0386239320974124,0.0,0.0005980810488725,0.3360293324706136,0.1350922364354995,0.4131469232015793,0.0014860916752371,75.39512013704883,0.0115261529618726,0.0149743176683847,-96.1359592863188,206396000.0,5914866000.0,-6192170000.0,281035000.0,150294000.0,193894500.0,-10122000.0,22.33725851010277,116.54189297062092,-6.610997198265743,4.029142607598622,0.7722544889732323,-13.613679948860003,0.0323920486630331,0.8665272829949598,2023-02-07,1.45,amc,412328979.0,2025-04-25,2022-12-31,0.9724137931034482,218.57698412698412,572828.0476190476
2022-09-30,ESS,USD,920522,2022-10-27,2022-10-27 17:12:16,2022,Q3,409748000.0,130227000.0,279521000.0,0.6821778264,0,15172000.0,0.0,15172000.0,135510000.0,150682000.0,280909000.0,5275000.0,49763000.0,135511000.0,264119000.0,0.6445888693,128608000.0,0.3138709646,-28153000.0,100455000.0,0.2451628806,1755000.0,92842000.0,0.2265831682,1.43,1.43,65059678,65067790,https://www.sec.gov/Archives/edgar/data/920522/000092052222000062/0000920522-22-000062-index.htm,https://www.sec.gov/Archives/edgar/data/920522/000092052222000062/ess-20220930.htm,6.298033015164938,1.4270282739487274,4.598700903499707,3.9142677589028336,3.001367452202884,90.84636109019785,90.84636109019785,87.664620780939,96.60064717811852,15759405801.94,21940880801.94,42.436089813715775,38.46121470254888,52.67357131568568,61.88386051236742,2.763144331683099,2.763144331683099,53.54725539097201,83.07195166549926,73.33427187385942,86.15720821774829,0.0058912119636243,0.0161593021463189,1.0932091414432574,0.4938910817445361,23.404128442103747,2.1185296221540817,2.5844101038924503,3.031306990881459,0.0090927286092449,1.5434393916546392,0.0370276364985308,0.0,0.0,0.1488318459841572,0.1086741118931636,0.3286006302071418,0.0043953844802171,53.05419475203016,0.0101533329525973,0.0073542120651155,-98.00077322854256,245496000.0,5910435000.0,-6248918000.0,312027000.0,186444000.0,196972000.0,-124942500.0,43.389766393002525,153.65108618028518,-7.503973830311686,2.074221814997241,0.585742686481235,-11.9936452385338,0.0162782689440322,0.684433144596873,2022-10-26,3.68,amc,405487116.0,2025-04-25,2022-09-30,0.0027173913043477,270.56578125,395356.875
2022-06-30,ESS,USD,920522,2022-07-27,2022-07-27 16:40:21,2022,Q2,399978000.0,123696000.0,276282000.0,0.6907429909,0,13127000.0,0.0,13127000.0,0.0,147643000.0,271339000.0,4571000.0,48194000.0,130699000.0,263145000.0,0.6578986844,128628000.0,0.3215876873,-66948000.0,54826000.0,0.137072539,-6864000.0,57054000.0,0.1426428454,0.87,0.87,65262517,65289603,https://www.sec.gov/Archives/edgar/data/920522/000092052222000057/0000920522-22-000057-index.htm,https://www.sec.gov/Archives/edgar/data/920522/000092052222000057/ess-20220630.htm,6.128755346656336,0.8742231011408892,2.978769574578314,2.4017308434487745,3.1101466711742054,92.54620075410207,92.54620075410207,89.29853257115413,93.88801231800484,17066800820.67,23097511820.67,74.7835419982385,42.669348865862624,87.79128208902172,108.88397453583254,2.9284915717022084,2.9284915717022084,57.74695563423488,87.77484588599441,118.8131388600426,147.3591281312084,0.0033429815347057,0.0091840879639355,1.0431251884272186,0.4840873287975301,22.91782477341389,5.9884606252473285,2.668962941444993,3.151272491489707,0.0084230783209173,2.519630525467101,0.0328193050617783,0.0,0.0,0.1937171428277486,0.0941526783973118,0.279957180133366,0.0062303426688467,41.91066572619569,0.011545098434211,0.0045432353897444,-96.58287849976732,315146000.0,6039798000.0,-6139892000.0,382491000.0,190382500.0,102440500.0,-124736500.0,39.45479501372576,124.86612339930151,-173.91370779976717,2.281091562348513,0.7207719559947791,-0.5174980232358688,0.0097898932487417,0.5770387311295395,2022-07-26,3.55,amc,390867129.0,2025-04-25,2022-06-30,0.0366197183098592,302.6754838709677,432935.5161290322
2022-03-31,ESS,USD,920522,2022-04-27,2022-04-27 16:26:15,2022,Q1,381905000.0,126272000.0,255633000.0,0.6693627996,0,12242000.0,0.0,12242000.0,133471000.0,145713000.0,271985000.0,4785000.0,47833000.0,159559000.0,243383000.0,0.6372867598,109850000.0,0.2876369778,-34229000.0,75621000.0,0.1980099763,-2754000.0,73254000.0,0.1918120999,1.12,1.12,65275775,65339378,https://www.sec.gov/Archives/edgar/data/920522/000092052222000030/0000920522-22-000030-index.htm,https://www.sec.gov/Archives/edgar/data/920522/000092052222000030/ess-20220331.htm,5.850639077054236,1.1222233669381942,4.827870676372666,4.446151730867999,4.262760572356283,94.6437633256748,94.6437633256748,91.25870968211407,94.40336786503109,22551474747.0,28557341747.0,76.96328783069866,59.04995940613503,71.55949758363664,77.70315115461743,3.785720850135044,3.785720850135044,74.77603526269623,117.33498948981646,90.6170904859064,98.39691050078216,0.0032483019767806,0.0128694909426536,1.0264289825906838,0.4787999906971652,24.676608473065087,5.512918367346939,2.296531683147618,4.02096331738437,0.0060480301856154,1.8619051519370955,0.0320550922349799,0.0,0.0,0.0790656939865394,0.065243974286799,0.1865980693910868,0.0060119663267042,48.00296626191644,0.0089543282224888,0.0057362782600034,-94.44941863961016,442266000.0,6177945000.0,-6052090000.0,510424000.0,273226500.0,107008000.0,-10332000.0,48.40942119113392,23.709531804358843,-7.445356056766346,1.8591422451562647,3.795941680444912,-12.088071989278191,0.0122971645210335,0.3817189455046684,2022-04-26,3.34,amc,374798165.0,2025-04-25,2022-03-31,0.0089820359281437,334.0224193548387,339619.12903225806
2021-12-31,ESS,USD,920522,2022-02-25,2022-02-25 16:34:46,2021,Q4,371596000.0,121024000.0,250572000.0,0.6743129635,0,17092000.0,0.0,17092000.0,132179000.0,149271000.0,270295000.0,49988000.0,47849000.0,132179000.0,233441000.0,0.6282118214,101262000.0,0.2725056244,53140000.0,154402000.0,0.415510393,10277000.0,136874000.0,0.3683408863,2.1,2.1,65164191,65331744,https://www.sec.gov/Archives/edgar/data/920522/000092052222000019/0000920522-22-000019-index.htm,https://www.sec.gov/Archives/edgar/data/920522/000092052222000019/ess-20211231.htm,5.702457044237685,2.1004480819841684,3.15176167843471,2.5359019649304018,3.843629394555056,95.31575401588276,95.31575401588276,91.97694175317852,98.30451205939164,22952782995.93,29252229995.93,41.923197604968806,61.7681110559048,111.75654631822653,138.89732524012103,3.829546767767235,3.829546767767235,78.72051904737941,125.30887888558566,142.4284016901676,177.01803325827535,0.0059632855860777,0.0071995626861153,1.0608118355520044,0.4891634962120341,26.98517826774217,0.9454272081940558,2.116282471942988,1.4250268863833475,0.005927037258363,0.993921416777474,0.0459961894100044,0.0,0.0,0.195401739198177,0.1079990096771763,0.3036185778376293,0.0051372996480048,65.93055281942699,0.0076825193214037,0.0105304921812976,-96.45736643918436,-37893000.0,6211174000.0,-6130235000.0,31079000.0,277509000.0,199289500.0,-10630000.0,82.59768673505636,134.41623149127446,-7.598658117398203,1.0896188931862898,0.6695619941245138,-11.84419651595224,0.022836681041437,0.6158597135043079,2022-02-02,3.23,amc,368155629.0,2025-04-25,2021-12-31,0.0061919504643962,340.3709375,272401.390625
2021-09-30,ESS,USD,920522,2021-10-27,2021-10-27 17:05:39,2021,Q3,362857000.0,124399000.0,238458000.0,0.6571679753,0,12712000.0,0.0,12712000.0,130564000.0,143276000.0,267675000.0,11998000.0,47359000.0,130564000.0,268535000.0,0.740057378,137971000.0,0.3802351891,-9928000.0,128043000.0,0.3528745484,3041000.0,118390000.0,0.326271782,1.82,1.82,65048486,65147781,https://www.sec.gov/Archives/edgar/data/920522/000092052221000065/0000920522-21-000065-index.htm,https://www.sec.gov/Archives/edgar/data/920522/000092052221000065/ess-20210930.htm,5.578254350147366,1.8200269872537849,4.178513855034228,3.686281030430132,3.752462432407728,94.76926180879906,94.76926180879906,91.4584237979036,95.42388119532866,20798602913.64,26897470913.64,43.9196784222485,57.31900697420747,76.52002867353922,86.73782529344793,3.496014765206669,3.496014765206669,74.12691752850296,100.16374369687378,98.95834129356967,112.17234843273404,0.0056922092551879,0.0115289955289614,1.0353975101324002,0.481663376116352,22.711631630886103,1.18743093576485,2.913300534217361,2.17441320938865,0.0065331792026707,1.147740518624884,0.0350330846586947,0.0,0.0,0.1178009315467649,0.0882413733233753,0.2452360528170092,0.0044728364066285,61.19867636875215,0.010905856684379,0.0092574339994374,-95.69760393808396,82264000.0,6164597000.0,-6102877000.0,152020000.0,226420000.0,187574500.0,-10531500.0,53.07504058072464,157.59387133337086,-7.988649426442335,1.6957123162838517,0.5710881980278018,-11.265984423111757,0.019900047602783,0.492232824604096,2021-10-26,3.1,amc,354260000.0,2025-04-25,2021-09-30,0.0064516129032258,323.51140625,290945.484375
2021-06-30,ESS,USD,920522,2021-07-30,2021-07-30 16:42:44,2021,Q2,350978000.0,116598000.0,234380000.0,0.6677911436,0,12222000.0,0.0,12222000.0,128736000.0,140958000.0,257556000.0,22371000.0,48338000.0,128736000.0,222117000.0,0.6328516317,93381000.0,0.2660594111,-21924000.0,71457000.0,0.2035939575,1842000.0,64846000.0,0.184758019,1.0,1.0,65001677,65080746,https://www.sec.gov/Archives/edgar/data/920522/000092052221000049/0000920522-21-000049-index.htm,https://www.sec.gov/Archives/edgar/data/920522/000092052221000049/ess-20210630.htm,5.399522230787984,0.9976050310209688,3.5815229813224665,3.084243503440688,3.599260985220428,94.94722728461298,94.94722728461298,91.58925238190392,96.16442665010013,19501153116.77,25645488116.77,75.18255989872159,55.562323327302565,83.76604074985502,97.27182684029908,3.2756026738708868,3.2756026738708868,73.06864851007755,115.45936653551956,110.15866547870536,127.91979348052934,0.0033252392620944,0.0102804689958357,1.041833859498392,0.4865783455643863,27.6626057438197,1.2534133858549004,1.931834167735529,3.3441786971198737,0.0069674341402486,2.095318138358573,0.0348226954396002,0.0,0.0,0.1388458151672,0.0920969405489802,0.251087496892866,0.0068095436181185,45.34118135516348,0.007329325764247,0.0050870783456036,-94.8803405487523,106406000.0,6171729000.0,-6049173000.0,176957000.0,252875500.0,156497000.0,-9969500.0,61.248710745402846,121.43338650748728,-7.735038336849689,1.4694186849762407,0.7411470814449438,-11.635365731962878,0.0108921626181771,0.4972794778817783,2021-07-29,2.99,amc,348757000.0,2025-04-25,2021-06-30,0.0167224080267557,294.9350793650794,348099.7301587302
2021-03-31,ESS,USD,920522,2021-04-28,2021-04-28 16:33:58,2021,Q1,355125000.0,119426000.0,235699000.0,0.6637071454,0,9812000.0,0.0,9812000.0,128587000.0,138437000.0,257863000.0,5356000.0,48805000.0,128587000.0,325968000.0,0.9178965153,197381000.0,0.5558071102,-19924000.0,177457000.0,0.4997029215,508000.0,168444000.0,0.4743231257,2.59,2.59,64989620,65114933,https://www.sec.gov/Archives/edgar/data/920522/000092052221000019/0000920522-21-000019-index.htm,https://www.sec.gov/Archives/edgar/data/920522/000092052221000019/ess-20210331.htm,5.464334150592048,2.5918600539593863,3.0045721147469395,2.74730026118017,4.287223098088587,96.12693534752164,96.12693534752164,92.70982042978557,95.68781907018382,17666778300.8,23723328300.8,26.220551490109468,49.74805575726857,90.47544529411162,98.94804868661296,2.9321597079985717,2.9321597079985717,66.80275480689897,72.77808956952829,121.49236580254626,132.8695591096972,0.0095345057900212,0.0101063134975727,1.0240215389558744,0.4823934004492813,18.58019805625092,1.8818809146506432,4.044278250179285,1.1035157022644944,0.0076450837668509,0.8018332502196576,0.0276297078493488,0.0,0.0,0.0856267860252168,0.0470820133755719,0.130028696524532,0.0039028511087645,73.5292105498791,0.0158036152379242,0.0131697664869145,-93.38588223780968,296618000.0,6247253000.0,-5909986000.0,367965000.0,231000000.0,152714000.0,24010000.0,67.63995776135164,117.31591110813392,-7.474251837958234,1.3305744559678676,0.7671593661071605,-12.041338979632991,0.0279566937131795,0.2572718535667695,2021-04-27,0.96,amc,355360000.0,2025-04-25,2021-03-31,1.6979166666666663,259.29590163934427,469552.2786885246
2020-12-31,ESS,USD,920522,2021-02-19,2021-02-19 16:24:21,2020,Q4,362073000.0,119275000.0,242798000.0,0.6705774802,0,23144000.0,0.0,23144000.0,130127000.0,153271000.0,272546000.0,28303000.0,52625000.0,130127000.0,231165000.0,0.6384486001,111931000.0,0.3091393172,18000.0,101544000.0,0.2804517321,-105000.0,95745000.0,0.2644356249,1.47,1.47,65133112,65145117,https://www.sec.gov/Archives/edgar/data/920522/000092052221000015/0000920522-21-000015-index.htm,https://www.sec.gov/Archives/edgar/data/920522/000092052221000015/ess-20201231.htm,5.558969760265716,1.4699896421347105,2.2979249018533,1.901567362542112,3.5590039057246337,95.4265934660085,95.4265934660085,92.12533864495836,97.92556818105052,15463903451.04,21705434451.04,40.3778355293749,42.70935267484734,103.31930334560468,124.85489847838195,2.5771411371956248,2.5771411371956248,59.94767478116292,93.89585123630307,145.02097568025872,175.24875419676235,0.0061915156353075,0.0080092972897907,1.0541899636858147,0.4889831052868247,27.00032876949365,1.494775779841251,2.12695486935867,1.4724296353136774,0.0087646046439125,1.4155830591675806,0.0639208115490522,0.0,0.0,0.1724849837309832,0.0713005388416148,0.1983908028310804,0.008931900473109,55.19985602961687,0.0089066348861397,0.0074013365772592,-96.934413328815,176157000.0,6215431000.0,-6188555000.0,248300000.0,135268000.0,175987500.0,45408000.0,48.496739607758656,112.9989520016768,43.71762733179627,1.855794858126948,0.796467563687356,2.058666160378336,0.0159564096453409,0.3963575393111878,2021-02-04,3.12,amc,365910000.0,2025-04-25,2020-12-31,-0.032051282051282,230.69484375,523408.5
2020-09-30,ESS,USD,920522,2020-10-30,2020-10-30 16:12:18,2020,Q3,370811000.0,121014000.0,249797000.0,0.6736504581,0,13310000.0,0.0,13310000.0,130202000.0,143512000.0,264526000.0,6512000.0,52453000.0,130202000.0,259139000.0,0.6988438854,128937000.0,0.347716222,-50095000.0,78842000.0,0.2126204455,72594000.0,73661000.0,0.198648368,1.13,1.13,65232837,65241428,https://www.sec.gov/Archives/edgar/data/920522/000092052220000061/0000920522-20-000061-index.htm,https://www.sec.gov/Archives/edgar/data/920522/000092052220000061/ess-20200930.htm,5.684422402171471,1.1292012334217505,3.4848553344383904,3.1130180648129717,10.792815894240505,96.54954911741764,96.54954911741764,93.25053576927829,103.28358093639253,13098101341.23,19214054341.23,44.45398970021449,35.3228500266443,57.61788675005608,64.50010755464837,2.1532315964038777,2.1532315964038777,51.816300868178125,74.14574549268924,84.52165533011916,94.6174212035692,0.0056237921879662,0.0155038501161062,1.0989694717916183,0.4988438958701868,23.601051945095104,2.2715289401523626,2.458143480830458,2.883323609243804,0.0103622652218122,1.8425761257653304,0.035894296555388,0.0,0.0,0.1067009198203469,0.0654133777045449,0.1862951413956775,0.0023731766317611,48.674623266933786,0.0007846110333323,0.0054966621252287,-96.97235764864864,480863000.0,6298201000.0,-6243801000.0,553773000.0,60090000.0,181530000.0,28686500.0,18.30819474071697,150.39416926967127,24.45188160047598,4.91583147735709,0.598427455246761,3.680698339315043,0.0121093270307383,0.3718372696254188,2020-10-28,3.16,amc,1053414823.0,2025-04-25,2020-09-30,-0.0031645569620253,217.81578125,406548.75
2020-06-30,ESS,USD,920522,2020-08-05,2020-08-05 16:34:20,2020,Q2,370497000.0,118782000.0,251715000.0,0.6793982138,0,14952000.0,0.0,14952000.0,133609000.0,148561000.0,267343000.0,11405000.0,51659000.0,133609000.0,253345000.0,0.6837977096,119736000.0,0.3231767059,-28024000.0,91712000.0,0.2475377668,1636000.0,84458000.0,0.2279586609,1.29,1.29,65412407,65427935,https://www.sec.gov/Archives/edgar/data/920522/000092052220000055/0000920522-20-000055-index.htm,https://www.sec.gov/Archives/edgar/data/920522/000092052220000055/ess-63020x10q.htm,5.66401722535604,1.2911617821982917,2.433544449755533,2.084038888830371,6.28180522389277,97.62860431049418,97.62860431049418,94.26459417706492,98.55465187208291,14990561312.19,21129124312.19,44.3728282465545,40.46068203572498,94.17128173805156,109.964358740262,2.431135486241326,2.431135486241326,57.029137380842485,83.40059725745525,132.73397019920344,154.9942365296137,0.0056340785539044,0.0090938556042691,1.0371328660668035,0.4853030690171233,24.23005387909767,1.4982517187684454,2.317814901566039,1.7672187930192282,0.0090695736582886,1.6097705368348765,0.0403566020777496,0.0,0.0,0.1436199618052065,0.0617063026151358,0.1711112275370671,0.0071201656153761,52.33062135936091,0.0091720060350121,0.0064093014932902,-96.84053516024872,177267000.0,6386122000.0,-6258244000.0,250936000.0,39807500.0,175352000.0,7012500.0,10.870047530749236,121.86694953780876,18.55963024700712,8.279632609278627,0.7385103208157174,4.849234537660747,0.0136972083046684,0.3495055609251621,2020-08-03,3.3,amc,310183534.0,2025-04-25,2020-06-30,-0.0424242424242423,239.70142857142855,530043.0634920635
2020-03-31,ESS,USD,920522,2020-05-07,2020-05-07 16:36:17,2020,Q1,392367000.0,115902000.0,276465000.0,0.7046081857,0,13982000.0,0.0,13982000.0,131559000.0,145491000.0,261393000.0,3481000.0,53163000.0,131559000.0,262396000.0,0.6687514495,130837000.0,0.3334556678,262059000.0,328765000.0,0.8379017603,322913000.0,315006000.0,0.8028351008,4.77,4.76,66043831,66195415,https://www.sec.gov/Archives/edgar/data/920522/000092052220000041/0000920522-20-000041-index.htm,https://www.sec.gov/Archives/edgar/data/920522/000092052220000041/ess-33120x10q.htm,5.941009085314872,4.769650627929201,4.041649249571849,3.7819580756906728,6.51818638443309,97.67137826998558,97.67137826998558,94.3035088318847,100.31550107988132,14545493339.44,20835203339.44,11.543822450556496,37.07114344335787,54.4926059636004,58.23438430363327,2.335438020579095,2.335438020579095,53.1013141763706,79.40366217259411,78.05610296276872,83.415887656651,0.0216566047399618,0.0171719854508294,1.0552156212945547,0.4885982222226848,23.97029680330493,0.6992693736751969,2.461053740383349,0.8119051602208264,0.0088604076185264,0.4091318895513101,0.03563500498258,0.0,0.0,0.0642537632152731,0.0437116271246052,0.1303673636923357,0.0035808312115952,100.60011320872522,0.0001805422001986,0.0234190561021426,-99.1591137406914,-221609000.0,6450592000.0,-6484956000.0,-147181000.0,84616000.0,173940500.0,-10738500.0,7.997690937311242,147.4328311849666,-8.130144432365274,11.253248056901942,0.6104474781949185,-11.069914040114613,0.0505776581063603,0.2596911738811759,2020-05-06,3.4,amc,124469363.0,2025-04-25,2020-03-31,0.0235294117647059,287.34758064516126,581415.2580645161
2019-12-31,ESS,USD,920522,2020-02-20,2020-02-20 16:07:45,2019,Q4,375365000.0,109740000.0,265625000.0,0.7076445593,0,15531000.0,0.0,15531000.0,122908000.0,138439000.0,248179000.0,14989000.0,52416000.0,122908000.0,318680000.0,0.848986986,116818000.0,0.3112117539,79648000.0,135182000.0,0.3601348021,115981000.0,128818000.0,0.3431806375,1.95,1.95,66085254,66191395,https://www.sec.gov/Archives/edgar/data/1053059/000092052220000026/0000920522-20-000026-index.html,https://www.sec.gov/Archives/edgar/data/920522/000092052220000026/ess-123119x10k.htm,5.680011459137313,1.9492699536268712,3.210277439502616,2.7208944373581434,3.409035849359072,97.4637095289064,97.4637095289064,94.12730712966618,89.85406941161186,19882409518.44,25686928518.44,38.58624089498362,52.96820299825504,93.71775669538822,110.57393328795236,3.196309436384351,3.196309436384351,68.43186902998416,80.60414371294088,121.07794655925942,142.85515634994525,0.0064789933976828,0.0090437227858743,0.9461750776916118,0.4632369452213448,18.21425567967868,1.008240354581904,2.228670634920635,1.569380538829134,0.0075242892397549,1.1613361486748746,0.0413757276251115,0.0,0.0,0.1524425883328934,0.086158805429382,0.2631317733589351,0.0006979872923687,64.25176620982882,0.0013172765402747,0.0101388346140874,-89.94341990423462,3274000.0,6440914000.0,-5863904000.0,78018000.0,175453000.0,173629000.0,-14351000.0,32.21624285695257,129.59294696555494,-9.027063969382176,2.7936218509284414,0.6944822392527387,-9.970019078768056,0.0207088677352856,0.4893830021444723,2020-01-29,3.42,amc,267567871.0,2025-04-25,2019-12-31,0.0087719298245614,315.91234375,362955.203125
2019-09-30,ESS,USD,920522,2019-10-24,2019-10-24 18:42:45,2019,Q3,366932000.0,110726000.0,256206000.0,0.6982383657,0,11345000.0,0.0,11345000.0,120809000.0,132154000.0,242880000.0,8605000.0,52742000.0,120809000.0,244848000.0,0.6672844015,124039000.0,0.3380435612,-16882000.0,107157000.0,0.2920350365,1457000.0,99335000.0,0.2707177352,1.51,1.51,65850524,65973085,https://www.sec.gov/Archives/edgar/data/920522/000092052219000059/0000920522-19-000059-index.htm,https://www.sec.gov/Archives/edgar/data/920522/000092052219000059/ess-93019x10q.htm,5.57219559862576,1.5084921723629716,4.207923994651888,3.791511211057333,4.686674930635328,98.01108036740908,98.01108036740908,94.53379596493416,93.82427997080175,21510073664.6,27543983664.6,54.13518312930991,58.621416678294615,77.62735268392674,86.15298275984988,3.455378012337151,3.455378012337151,75.06563522560037,112.49421545040188,99.40303169538134,110.32023352384918,0.0046180687964578,0.0116072591797254,0.9840221040625854,0.471279188963872,24.643493105926943,0.9412836539339952,2.3518069091046985,2.621513718070009,0.0059586964693169,1.290300498313787,0.0309185353144451,0.0,0.0,0.0989591979617025,0.0747304677705951,0.226978122490874,0.0038890039571364,56.64431615642811,0.0098704410719018,0.0076423930895871,-92.35511550371264,-35350000.0,6454081000.0,-5977114000.0,40128000.0,145478500.0,164714500.0,-17249000.0,53.112538563003504,153.8183443816267,-14.382800787529575,1.6945151264656575,0.5851057646070355,-6.257473862673072,0.0159571733787409,0.4164127835945542,2019-10-23,3.36,amc,325621774.0,2025-04-25,2019-09-30,-0.0029761904761904,312.62078125,299974.5625
2019-06-30,ESS,USD,920522,2019-07-25,2019-07-25 16:23:50,2019,Q2,361635000.0,103659000.0,257976000.0,0.713360156,0,13927000.0,0.0,13927000.0,119465000.0,133392000.0,237051000.0,8347000.0,52137000.0,119465000.0,244025000.0,0.6747825847,124560000.0,0.3444356879,-26499000.0,98061000.0,0.2711601477,74882000.0,92275000.0,0.2551605901,1.4,1.4,65718806,65821815,https://www.sec.gov/Archives/edgar/data/920522/000092052219000041/0000920522-19-000041-index.htm,https://www.sec.gov/Archives/edgar/data/920522/000092052219000041/ess-63019x10q.htm,5.502762786043313,1.4040881996547534,2.6487699730880685,2.2706133766337757,4.114575666514696,97.10988967145872,97.10988967145872,93.65518600566176,90.86613655153748,19323300528.18,25187806528.18,52.35248043397453,53.43315920245551,111.00624176028585,129.49364388749646,3.139495126113197,3.139495126113197,69.64980305606481,103.21813965036368,144.69597141548994,168.7941893834689,0.0047753229250578,0.0077223867518068,0.9617492189565172,0.4671619652367643,24.03239831984428,0.8648625893988674,2.389090281374072,1.7751603593681484,0.0066324590777386,1.3889027363858033,0.0385112060502993,0.0,0.0,0.1427668692624975,0.0687212244390061,0.2080274557401749,0.0089952576492872,54.39442236027482,0.0024094226352491,0.0072822937469344,-90.86262918410294,-60994000.0,6381946000.0,-5898845000.0,15211000.0,72785000.0,157629500.0,-16947500.0,18.519888838193207,121.71562527132232,-14.588892426127977,4.859640399913997,0.7394284817530744,-6.169076950544546,0.0149921030488356,0.3781565964542934,2019-07-24,3.26,amc,317722178.0,2025-04-25,2019-06-30,0.0214723926380368,288.2128571428572,283265.1746031746
2019-03-31,ESS,USD,920522,2019-04-26,2019-04-26 16:22:34,2019,Q1,356223000.0,106469000.0,249754000.0,0.7011169969,0,13459000.0,0.0,13459000.0,120568000.0,134027000.0,240496000.0,12261000.0,51598000.0,120568000.0,236263000.0,0.6632446529,115695000.0,0.3247825098,9810000.0,125505000.0,0.3523214391,106056000.0,118858000.0,0.3336617793,1.81,1.81,65702788,65783869,https://www.sec.gov/Archives/edgar/data/920522/000092052219000025/0000920522-19-000025-index.htm,https://www.sec.gov/Archives/edgar/data/920522/000092052219000025/ess-33119x10q.htm,5.421733397371204,1.8090252121416823,3.892665863737777,3.632783436830717,5.101092513760603,96.71376502318287,96.71376502318287,94.23126762900836,89.28706343481193,18940142696.76,24630827696.76,39.83775323655118,53.16934250949545,74.05464791760993,79.35237676911731,3.059175656374788,3.059175656374788,69.14440588271952,104.25173512890296,96.3048326618418,103.19429746761408,0.0062754543037488,0.0126020169869591,0.9391971614164942,0.4623000904515749,24.08623017569404,1.2085243348613457,2.2422380712430714,2.037839129915143,0.0064690642494979,1.0308519409715795,0.0377825126395544,0.0,0.0,0.0667620689789997,0.0479334574129126,0.1416213257249021,0.0058053522652944,61.931426800464536,0.0014692107084473,0.0094496732827418,-88.9408452499763,78196000.0,6354364000.0,-5770444000.0,155192000.0,71524500.0,147978500.0,-17011000.0,17.9771098441145,147.99040096178229,-14.448149226535422,5.00636647272114,0.6081475515647937,-6.229171542241985,0.0191977170387208,0.2598824269070591,2019-04-24,3.19,amc,230265696.0,2025-04-25,2019-03-31,0.012539184952978,272.854262295082,301694.7213114754
2018-12-31,ESS,USD,920522,2019-02-21,2019-02-21 16:21:22,2018,Q4,353158000.0,106199000.0,246959000.0,0.699287571,0,16912000.0,0.0,16912000.0,120597000.0,137509000.0,243708000.0,7286000.0,52132000.0,120597000.0,235300000.0,0.666274019,109412000.0,0.3098103398,34714000.0,124440000.0,0.3523635313,84526000.0,117820000.0,0.3336183804,1.78,1.78,66020487,66079796,https://www.sec.gov/Archives/edgar/data/920522/000092052219000009/0000920522-19-000009-index.htm,https://www.sec.gov/Archives/edgar/data/920522/000092052219000009/ess-123118x10k.htm,5.349218341876212,1.784597559845325,2.2026041704297032,1.796760451039993,5.467090844089047,97.38369545804774,97.38369545804774,94.92618556418708,85.7017913242597,16188883617.27,21643430617.27,34.35088189031998,45.84034233195906,111.32731123094274,136.47339569282516,2.583164998599825,2.583164998599825,61.2854037492284,91.98228056638334,148.83700404540048,182.45559981850064,0.0072778335298125,0.0073274354677215,0.8945072125376551,0.4526909631095846,23.181245218869527,1.499472948945898,2.0987493286273304,1.1685711989713918,0.0075898995202437,1.0428789679171615,0.0478879141913817,0.0,0.0,0.1842563111603182,0.0758697240328691,0.2221779977943066,-0.0002095379405252,61.73826512199413,0.0029078501248569,0.0095141992681285,-84.03271472384019,157314000.0,6429319000.0,-5482003000.0,157314000.0,70530500.0,149706000.0,-17138500.0,18.32196920358593,102.4467273703142,-14.347592726861834,4.912135753529452,0.8785053686944725,-6.272829297105729,0.0187998448398478,0.40584371938971,2019-01-30,3.19,amc,224195808.0,2025-04-25,2018-12-31,0.0,252.13349206349207,426989.5873015873
2018-09-30,ESS,USD,920522,2018-10-31,2018-10-31 16:23:09,2018,Q3,350917000.0,105536000.0,245381000.0,0.6992565193,0,10601000.0,0.0,10601000.0,120852000.0,131453000.0,236989000.0,6772000.0,53012000.0,120852000.0,234749000.0,0.6689587566,113897000.0,0.3245696276,-27787000.0,86110000.0,0.245385661,74935000.0,80975000.0,0.2307525711,1.23,1.22,66052108,66103812,https://www.sec.gov/Archives/edgar/data/920522/000092052218000058/0000920522-18-000058-index.htm,https://www.sec.gov/Archives/edgar/data/920522/000092052218000058/ess-93018x10q.htm,5.31272976178141,1.2259260522010895,3.900193465437923,3.538130834522344,5.83209244434712,97.99373851929148,97.99373851929148,95.63602421288356,86.09390634436679,16215792514.0,21674838514.0,50.06419423896264,46.20976616692836,62.945595436618845,69.38691967086149,2.5670243197638865,2.5670243197638865,61.76628238016397,92.33197378476584,84.13622800602447,92.74602382531523,0.0049935888073364,0.0144119382261602,0.8918326391440441,0.4500405531395511,23.254821106799177,1.3362315621347465,2.148513544103222,2.99170828010684,0.0075763179563337,1.517209015128126,0.03020942274099,0.0,0.0,0.092831966958574,0.0681500183804147,0.1978866713004335,0.0037131287455438,51.36108065703966,0.0012175539686775,0.0064686111989613,-85.03932985757245,127150000.0,6472693000.0,-5540138000.0,127150000.0,68776000.0,155661000.0,-17010500.0,17.739066502905246,152.24511067313523,-14.79334066100667,5.073547696845271,0.5911519890660184,-6.083818527699314,0.0128186639113333,0.3620626309155795,2018-10-29,3.14,bmo,319261475.0,2025-04-25,2018-09-30,0.0031847133757961,240.8488888888889,349823.4126984127
2018-06-30,ESS,USD,920522,2018-08-03,2018-08-03 16:20:18,2018,Q2,348723000.0,101928000.0,246795000.0,0.7077107045,0,11125000.0,0.0,11125000.0,119330000.0,130455000.0,232383000.0,6201000.0,54050000.0,119330000.0,235602000.0,0.6756135959,116272000.0,0.3334222291,-32106000.0,106410000.0,0.3051419035,75069000.0,100440000.0,0.2880222985,1.52,1.52,66047751,66096349,https://www.sec.gov/Archives/edgar/data/920522/000092052218000039/0000920522-18-000039-index.htm,https://www.sec.gov/Archives/edgar/data/920522/000092052218000039/ess-63018x10q.htm,5.279861838141922,1.5207179423868649,2.349254859563651,2.106581948566273,5.825588217227866,98.5792839486692,98.5792839486692,96.20592531606412,86.98468779050478,15790035831.57,21303552831.57,39.30216007459678,45.27959392288435,101.76418238607144,113.48715874201316,2.484982075839781,2.484982075839781,61.09018571063566,90.42178263159906,137.29789209779392,153.11426191519027,0.0063609735323832,0.0088115696179624,0.8956448387952192,0.4532693398527866,23.401825960730385,1.5783781606845233,2.1511933395004625,1.4581618268959684,0.0077802863343968,1.2231282357626443,0.0319021114179449,0.0,0.0,0.1032978222901078,0.0459619812860063,0.1343166010223749,0.0109427826670451,57.37418171810001,0.0027994811246911,0.0079995832953026,-85.04444761487791,186697000.0,6510940000.0,-5535223000.0,186697000.0,69455500.0,151968500.0,-16899000.0,17.649366402560197,117.2557099128797,-14.722745467388746,5.099333196853157,0.7675532395554083,-6.112990284274919,0.0158069052128636,0.2426729109973782,2018-08-01,3.1,amc,263819078.0,2025-04-25,2018-06-30,0.0129032258064516,238.21625,406942.15625
2018-03-31,ESS,USD,920522,2018-05-04,2018-05-04 16:28:18,2018,Q1,347255000.0,102733000.0,244522000.0,0.7041568876,0,14813000.0,0.0,14813000.0,119105000.0,133918000.0,236651000.0,5909000.0,52591000.0,119105000.0,229652000.0,0.6613353299,110547000.0,0.3183453082,-13908000.0,96639000.0,0.278294049,91086000.0,90918000.0,0.2618191243,1.38,1.38,66044022,66082517,https://www.sec.gov/Archives/edgar/data/920522/000092052218000021/0000920522-18-000021-index.htm,https://www.sec.gov/Archives/edgar/data/920522/000092052218000021/ess-33118x10q.htm,5.257932353059903,1.3766272441735907,4.063320068544583,3.8370013261760474,5.099977103150986,98.9236845690591,98.9236845690591,96.43224030177932,87.38960507281037,15895475214.96,21475367214.96,43.70827343034383,45.77464749236152,59.232350870702575,62.72606640974544,2.4958457798637195,2.4958457798637195,61.843219579156525,93.5126505101632,80.02506806191728,84.74520527901313,0.0057197409181219,0.0159423355749378,0.8979704567897144,0.4523547128149464,24.297162663508264,1.3095891869476777,2.102013652526097,2.7769120127484763,0.0072726985784734,1.2715083921775665,0.0426574131401995,0.0,0.0,0.0556979855267962,0.0430432967127903,0.1254943117417404,0.0060186318411541,54.652567253174745,0.0005170350719253,0.0071913623921281,-86.73297107798795,110493000.0,6533318000.0,-5641954000.0,110493000.0,85725500.0,149321000.0,-16815000.0,18.278354523333,149.9293313735606,-15.001606105146353,4.923856788372918,0.6002828077433228,-5.999357626722729,0.0142755912324085,0.2263187423685371,2018-05-02,3.05,amc,276833333.0,2025-04-25,2018-03-31,0.0131147540983606,230.5444262295082,458948.98360655736
2017-12-31,ESS,USD,920522,2018-02-22,2018-02-22 16:39:47,2017,Q4,345064000.0,103627000.0,241437000.0,0.6996875942,0,10659000.0,0.0,10659000.0,117988000.0,128647000.0,232274000.0,6688000.0,53116000.0,117988000.0,241174000.0,0.6989254167,112375000.0,0.3256642246,-2713000.0,109662000.0,0.317801915,104676000.0,103613000.0,0.3002718336,1.57,1.57,66035998,66103882,https://www.sec.gov/Archives/edgar/data/920522/000092052218000011/0000920522-18-000011-index.htm,https://www.sec.gov/Archives/edgar/data/920522/000092052218000011/ess-123117x10k.htm,5.2253923685684285,1.569038147950759,2.1937125868832936,1.8222333824651216,3.802925792080859,97.46246282217164,97.46246282217164,95.06036389425051,86.95623862608997,15939108837.26,21567108837.26,38.45827463074132,46.19174656660793,110.02808729056218,132.45833509727174,2.5391234591581298,2.5391234591581298,62.50176441836877,89.42551368414506,148.87831923224542,179.22854775714063,0.0065005516342161,0.007549543781187,0.9062861315645347,0.4552864800116136,23.335848806256063,0.8431531965369373,2.115652534076361,1.3210045412266784,0.0072472684125204,1.1148697557256328,0.0308899218695662,0.0,0.0,0.1693381378396289,0.071091159900772,0.2079109739973556,0.0127280736327174,57.93056265421216,0.0004252118458333,0.0082918884295133,-86.93899802952929,-75238000.0,6436031000.0,-5655222000.0,-75238000.0,111241500.0,174811500.0,-16636000.0,26.32363851343519,110.73455759599334,-14.335453115500789,3.41898024295028,0.8127544097693351,-6.278141281958076,0.016505703151907,0.371479204418172,2018-02-07,3.01,amc,237393630.0,2025-04-25,2017-12-31,0.0,252.3160317460317,326738.507936508
2017-09-30,ESS,USD,920522,2017-11-03,2017-11-03 13:07:36,2017,Q3,344369000.0,104137000.0,240232000.0,0.697600539,0,9788000.0,0.0,9788000.0,117451000.0,127239000.0,231376000.0,5790000.0,53400000.0,117451000.0,230120000.0,0.668236688,112669000.0,0.3271752103,-27634000.0,85035000.0,0.2469298921,78439000.0,79723000.0,0.2315045779,1.21,1.21,65994896,66078283,https://www.sec.gov/Archives/edgar/data/920522/000092052217000089/0000920522-17-000089-index.htm,https://www.sec.gov/Archives/edgar/data/920522/000092052217000089/ess-93017x10q.htm,5.218115655489479,1.2080176624568058,3.771215883119204,3.4559339255569097,3.755548004803281,97.33992155999458,97.33992155999458,94.93928136503162,85.8948546566389,16764683430.88,22316632430.88,52.571665111950125,48.68232457300163,67.36023814947706,73.50545625928426,2.6757101628279782,2.6757101628279782,64.80441744431118,96.97823931374934,89.66788316858256,97.84820905004514,0.0047554133860441,0.0136044322542885,0.8962117676651279,0.4487681661004739,24.12632104988701,1.0366089154026907,2.1099063670411984,2.926806609043335,0.006889005717058,1.448666006045934,0.028422999747364,0.0,0.0,0.083602203462699,0.0604206534269925,0.1771547283548032,0.0044516202097169,50.79849797851385,0.0007214245387627,0.0063714568196997,-87.24846312357246,14863000.0,6423938000.0,-5667728000.0,14863000.0,88108500.0,180582000.0,-6875500.0,31.768626095844866,191.96808050932907,-14.489950737970174,2.832983703118701,0.4688279414015721,-6.211201240605988,0.0127241079254866,0.3152819575622939,2017-11-01,2.96,amc,287474380.0,2025-04-25,2017-09-30,0.0067567567567567,261.1822222222222,344053.98412698414
2017-06-30,ESS,USD,920522,2017-07-31,2017-07-31 14:06:20,2017,Q2,339062000.0,98265000.0,240797000.0,0.7101857477,0,10337000.0,0.0,10337000.0,117939000.0,128276000.0,226541000.0,5362000.0,54281000.0,117939000.0,230186000.0,0.6788905864,112247000.0,0.3310515481,-36452000.0,75795000.0,0.2235431868,71784000.0,70759000.0,0.208690446,1.08,1.08,65729074,65819694,https://www.sec.gov/Archives/edgar/data/920522/000092052217000063/0000920522-17-000063-index.htm,https://www.sec.gov/Archives/edgar/data/920522/000092052217000063/ess-63017x10q.htm,5.158478270970317,1.0765251310249708,2.26890462506744,2.044300821885913,5.3533539815272615,98.63379484092536,98.63379484092536,96.10317954578213,86.98853721870476,16910118867.98,22373637867.98,59.745470074407486,49.87323518406663,113.38951719592578,125.8474277590236,2.6770186087073258,2.6770186087073258,65.98686337006211,97.19808271562997,150.0247287185264,166.50768674540447,0.0041844176585881,0.0079461298320282,0.8965645908124291,0.4521690344337475,23.73523585274517,1.4898633423573848,2.0678874744385696,1.9675836136948348,0.0067865282849847,1.6218572902386976,0.030487049566156,0.0,0.0,0.0989921747701716,0.043540709368788,0.1251748785389057,0.0062171520252933,48.247212136349255,0.0004862274564763,0.0056494432592989,-85.92041780476019,151091000.0,6483108000.0,-5582317000.0,151091000.0,52757500.0,161910000.0,-6446500.0,14.50885088862804,127.34727522515648,2.7614104716837127,6.203110135382364,0.7067289020583708,32.592039800995025,0.0112017639386439,0.2246038031815266,2017-07-27,2.92,amc,320261111.0,2025-04-25,2017-06-30,0.0171232876712329,251.3814285714286,365209.0158730159
2017-03-31,ESS,USD,920522,2017-05-01,2017-05-01 15:15:12,2017,Q1,335404000.0,99513000.0,235891000.0,0.7033040751,0,10601000.0,0.0,10601000.0,115503000.0,126104000.0,225617000.0,6764000.0,51999000.0,115503000.0,224734000.0,0.6700397133,109231000.0,0.3256699383,78320000.0,187551000.0,0.5591793777,157967000.0,178964000.0,0.5335774171,2.73,2.72,65549484,65859490,https://www.sec.gov/Archives/edgar/data/920522/000092052217000025/0000920522-17-000025-index.htm,https://www.sec.gov/Archives/edgar/data/920522/000092052217000025/ess-33117x10q.htm,5.116806106360807,2.7302121859571007,3.406174791551372,3.240117038907583,3.6495939464603566,98.1612303767334,98.1612303767334,95.56171334621033,86.26316570241804,15176672030.52,20678927030.52,21.20073315096891,45.24892974001503,67.9736109181137,71.45729528278434,2.422832239949387,2.422832239949387,61.65378776198256,92.01512468304752,92.61723106027152,97.36391430080796,0.0117920450306962,0.0139943723876283,0.8943946707713784,0.4500935815891911,24.483411499817564,0.6647665969286932,2.100636550702898,1.190465526710068,0.0069090904639129,0.5859111329652891,0.0316066594316108,0.0,0.0,0.0487519762801592,0.0324533994824152,0.0942399764508281,0.0037357932523166,76.61810798693192,0.001430459510009,0.014377589842463,-87.62224199964717,-173374000.0,6434418000.0,-5669209000.0,-173374000.0,45912500.0,161502000.0,43024500.0,13.646080547638071,167.11404540110337,-14.387265985348648,6.595300363779373,0.5385543733561354,-6.255531807895399,0.0285701468753058,0.1660577526437889,2017-04-27,0.98,amc,120842647.0,2025-04-25,2017-03-31,1.7755102040816328,229.36516129032256,360457.8064516129
2016-12-31,ESS,USD,920522,2017-02-24,2017-02-24 14:52:07,2016,Q4,329038000.0,98997000.0,230041000.0,0.6991320151,0,12224000.0,0.0,12224000.0,111835000.0,124059000.0,223056000.0,7745000.0,52291000.0,111835000.0,227121000.0,0.6902576602,105520000.0,0.3206924428,98997000.0,204648000.0,0.621958558,131000.0,195569000.0,0.5943660003,2.98,2.98,65520788,65829180,https://www.sec.gov/Archives/edgar/data/920522/000092052217000014/0000920522-17-000014-index.htm,https://www.sec.gov/Archives/edgar/data/920522/000092052217000014/ess-123116x10k.htm,5.021887099404238,2.984838949128634,2.01841284326434,1.7206447517084196,4.723554301575249,96.71619028757712,96.71619028757712,94.50707460966434,85.70640206586037,15233583210.0,20626541210.0,19.473412465677075,46.29733711607778,115.18951674127396,135.12376669800776,2.460133285897143,2.460133285897143,62.687413642193306,90.81741102760202,155.9686438358236,182.95997099469565,0.0128380169854995,0.0074006225879932,0.8984334752650844,0.4553551784470159,23.74486727339172,1.2237035951185546,2.0179380772981967,0.6466357319929394,0.0068828192654747,0.5361279139331898,0.0371507242324594,0.0,0.0,0.1475258605045067,0.0592940632996796,0.1744534358653373,0.0196421082063469,79.66799193164384,0.0086218072903063,0.0160074051713751,-83.77936480251122,91563000.0,6336921000.0,-5379619000.0,91563000.0,31955500.0,161705500.0,50978500.0,11.206304439000968,125.66380799418164,92.69099063607987,8.031193556260678,0.7161966634352437,0.9709681532410722,0.0315832329109402,0.2977680915559196,2017-02-02,1.0,amc,110402684.0,2025-04-25,2016-12-31,1.98,216.1742857142857,439423.0476190476
2016-09-30,ESS,USD,920522,2016-10-31,2016-10-31 12:59:42,2016,Q3,329171000.0,99361000.0,229810000.0,0.6981477712,0,9647000.0,0.0,9647000.0,110467000.0,120114000.0,219475000.0,4943000.0,56693000.0,110467000.0,219879000.0,0.6679780418,109412000.0,0.3323865104,-39250000.0,70162000.0,0.2131475738,70862000.0,65561000.0,0.1991700362,1.0,1.0,65507669,65617551,https://www.sec.gov/Archives/edgar/data/920522/000092052216000127/0000920522-16-000127-index.htm,https://www.sec.gov/Archives/edgar/data/920522/000092052216000127/ess-93016x10q.htm,5.024923112437415,1.0008141184202417,3.509848594979009,3.231621628911876,5.325635995382465,95.07300587966272,95.07300587966272,92.945117616687,86.1178559108858,14588557886.3,19978077886.3,55.629710827702446,44.319086086866704,63.45003038552204,68.91277060643564,2.396037637161668,2.396037637161668,60.6920958599026,90.85941761741684,86.89067547385635,94.37154167438212,0.0044940014298169,0.0145110984683963,0.917233927305014,0.458618470130562,24.511299396486248,1.3301980467780314,1.929903162647946,3.277016048573302,0.0071834379255822,1.5984502981955735,0.0293069559590607,0.0,0.0,0.0792703612529466,0.0553693976686889,0.164990449636543,0.0037609631468142,45.74896374621758,-9.2141953123589e-05,0.0053839159688322,-85.22833028908417,109073000.0,6228011000.0,-5509786000.0,109073000.0,21694500.0,165201000.0,-16430500.0,6.272393376087201,167.7383480440012,0.0,14.348589860947648,0.5365499365499365,0.0,0.0107677965672998,0.2782269660671333,2016-10-27,2.76,amc,309448000.0,2025-04-25,2016-09-30,0.0181159420289856,227.4703125,355715.953125
2016-06-30,ESS,USD,920522,2016-08-01,2016-08-01 14:37:20,2016,Q2,321590000.0,96079000.0,225511000.0,0.7012376007,0,9698000.0,0.0,9698000.0,109673000.0,119371000.0,215450000.0,9409000.0,52754000.0,109673000.0,224242000.0,0.6972915824,105873000.0,0.3292173264,-29049000.0,76824000.0,0.2388880251,71861000.0,72013000.0,0.2239279828,1.1,1.1,65451110,65575378,https://www.sec.gov/Archives/edgar/data/920522/000092052216000118/0000920522-16-000118-index.htm,https://www.sec.gov/Archives/edgar/data/920522/000092052216000118/ess-63016x10q.htm,4.913438442831604,1.1002563592886354,2.2878603586707698,2.0344040001766204,5.61700175902288,95.63790438389816,95.63790438389816,93.47658122222832,86.64543657090002,14928743679.9,20331653679.9,51.82655798223932,46.4216663450356,99.69576995185083,112.11637412244468,2.440076402214004,2.440076402214004,63.22228203582201,90.668356864013,135.77698910733724,152.69277438079217,0.0048237816620133,0.0089193037843685,0.9182987787476794,0.460262818154404,24.094103691547524,1.4809887937165862,2.0069189066231945,1.949169530355097,0.0071012003603983,1.4721230888867287,0.0301564103361422,0.0,0.0,0.1107831417829214,0.0515843154326938,0.1512587418963646,0.0053111104201001,48.10493286578976,0.0005741393889377,0.0058994693975623,-85.26271746957386,141340000.0,6259607000.0,-5511891000.0,141340000.0,10224000.0,157830500.0,-16430500.0,5.722566000186573,136.0289969712424,-30.78185659717524,15.72721048513302,0.6616236391056144,-2.923800249535924,0.0117703958029115,0.2534563584941492,2016-07-28,2.7,amc,242661818.0,2025-04-25,2016-06-30,0.0148148148148148,223.2790625,440432.484375
2016-03-31,ESS,USD,920522,2016-05-03,2016-05-03 16:42:49,2016,Q1,314202000.0,94490000.0,219712000.0,0.6992698964,0,9182000.0,0.0,9182000.0,109707000.0,118889000.0,213379000.0,5208000.0,52466000.0,109707000.0,217370000.0,0.6918160928,99995000.0,0.3182506795,-8809000.0,91186000.0,0.2902145753,4279000.0,81836000.0,0.2604566489,1.19,1.19,65405654,65557639,https://www.sec.gov/Archives/edgar/data/920522/000092052216000101/0000920522-16-000101-index.htm,https://www.sec.gov/Archives/edgar/data/920522/000092052216000101/ess-33116x10q.htm,4.80389661725575,1.251206814627983,3.067166028184658,2.980201069467175,2.8554259238811373,96.12996148620424,96.12996148620424,93.9061323352871,82.6422131640179,15295766244.44,20600404244.44,46.72688744696711,48.68131407323951,76.24628006799263,78.47121538071639,2.490359193636201,2.490359193636201,65.56420469774223,94.7711470968395,102.68882032022331,105.68537283857134,0.0053502386668433,0.0127435263382672,0.8715091130043804,0.4435723304045814,24.40372636518379,0.573993129823152,1.9059009644341096,2.3083295937036143,0.0062419886963626,1.1666748130407156,0.0292232385535419,0.0,0.0,0.0283535217586361,0.0181030038001031,0.0518471929776586,0.0047421722331493,51.41653271126457,0.0081116841978765,0.0067815296046798,-85.51676587470557,-205743000.0,6287443000.0,-5502827000.0,-205743000.0,9642500.0,150929499.5,13439500.0,0.0,162.34479839136415,0.0,0.0,0.5543756307056863,0.0,0.0133240160521212,0.0869649587174833,2016-04-28,2.62,amc,205946218.0,2025-04-25,2016-03-31,0.0229007633587786,219.34147540983605,519927.2295081967
2015-12-31,ESS,USD,920522,2016-02-26,2016-02-26 16:02:10,2015,Q4,310746000.0,92141000.0,218605000.0,0.7034845179,0,8867000.0,0.0,8867000.0,116477000.0,125344000.0,217485000.0,4323000.0,50771000.0,116477000.0,214534000.0,0.6903837861,92204000.0,0.29671822,-6442000.0,85762000.0,0.2759874624,61494000.0,80938000.0,0.2604635297,1.22,1.22,65336773,65519438,https://www.sec.gov/Archives/edgar/data/920522/000092052216000097/0000920522-16-000097-index.htm,https://www.sec.gov/Archives/edgar/data/920522/000092052216000097/ess-123115x10k.htm,4.756065929365688,1.2387817194461073,1.982069117493758,1.7606317961249784,3.9876472013700464,97.68580091949138,97.68580091949138,95.47047877617096,82.1319259217164,15642276823.93,20834685823.93,48.315614494829376,50.33782196369382,120.78791697371469,135.9795958058487,2.507686177643384,2.507686177643384,67.04731782204759,97.11600876285344,160.8831201366002,181.11763325564613,0.0051743106781091,0.007354044509941,0.8521467654995813,0.4427674892260292,24.20319856060112,1.203779968418202,1.816076106438715,1.510016091042653,0.0060897145007863,1.1769131928142529,0.0285345587714725,0.0,0.0,0.1117202823122422,0.0465589259395133,0.1242133640117791,0.001769934287167,51.5849724893838,0.0022260424670861,0.0067419730512663,-81.64120303278523,57943000.0,6382475000.0,-5280332000.0,57943000.0,20976500.0,154610999.5,17810500.0,5.585429900948041,128.36142336202124,26.25443613592212,16.1133523463832,0.7011452322881347,3.427992112801816,0.0129755473663268,0.2214373213687795,2016-02-04,2.52,amc,213924590.0,2025-04-25,2015-12-31,0.0436507936507936,229.6734375,390817.65625
2015-09-30,ESS,USD,920522,2015-11-04,2015-11-04 16:34:30,2015,Q3,304626000.0,94119000.0,210507000.0,0.6910342518,0,11129000.0,0.0,11129000.0,116308000.0,127437000.0,221556000.0,7367000.0,50053000.0,116308000.0,204691000.0,0.6719419879,82689000.0,0.2714443285,-35507000.0,47182000.0,0.1548850065,60777000.0,43637000.0,0.1432477858,0.65,0.65,65138868,65297550,https://www.sec.gov/Archives/edgar/data/920522/000092052215000049/0000920522-15-000049-index.htm,https://www.sec.gov/Archives/edgar/data/920522/000092052215000049/ess-93015x10q.htm,4.6765626937207445,0.6699072510747347,3.0835660208279947,2.805145462460293,3.1527106059012264,97.58247564265316,97.58247564265316,95.50428478431648,82.40046480390171,14553325888.56,19798439888.56,83.3772136521759,47.77440497055405,72.4550726304889,79.64649355618309,2.339371479557842,2.339371479557842,64.9926135279326,96.72354861014894,98.5683555140894,108.35161165780082,0.0029984211398922,0.0125554805409555,0.8547476218208496,0.4426492358056882,25.624546267300467,0.8977738148895726,1.6520288494196151,4.257131957102285,0.0065264119505948,2.176616174347457,0.0365333228286489,0.0,0.0,0.0902917454943741,0.0595352990224078,0.1559308044158613,0.0067426943202484,37.94110949786131,-0.0020349200093488,0.0036325670537314,-83.35375125032876,-31299000.0,6356412000.0,-5381430000.0,-31299000.0,24172000.0,162029000.0,-13084000.0,6.697130251521537,170.02549963344276,8.359417333375832,13.43859184753838,0.52933236599234,10.766300617707618,0.0070144208983673,0.2784205583677014,2015-10-29,2.45,amc,276483076.0,2025-04-25,2015-09-30,0.0163265306122449,220.5771875,314615.0
2015-06-30,ESS,USD,920522,2015-08-06,2015-08-06 14:15:02,2015,Q2,296162000.0,90077000.0,206085000.0,0.69585227,0,9549000.0,0.0,9549000.0,113731000.0,123280000.0,213357000.0,3254000.0,50802000.0,113731000.0,200579000.0,0.6772610936,80966000.0,0.2733841614,-30424000.0,50542000.0,0.1706566001,71600000.0,46868000.0,0.1582512274,0.7,0.7,64810184,64972852,https://www.sec.gov/Archives/edgar/data/920522/000092052215000042/0000920522-15-000042-index.htm,https://www.sec.gov/Archives/edgar/data/920522/000092052215000042/ess-63015x10q.htm,4.569683060921413,0.723157953077251,1.9209789621952007,1.7901816171359737,2.87602948326763,98.26341489788086,98.26341489788086,96.1893890009632,83.63088430670093,13772164100.0,19076343100.0,73.46251226849876,46.50213092834327,110.62068048739349,118.7030399407009,2.2091833850599896,2.2091833850599896,64.41185263470668,95.10638252259707,153.22487007927774,164.42005050766235,0.0034030962497752,0.0084243840806398,0.8612906982489078,0.4457724547040416,26.444338639638246,0.8067680951622325,1.5937561513326246,2.463278065767085,0.0067786006122305,1.9918921225569688,0.0322424889080976,0.0,0.0,0.0680889003124523,0.0286228483059946,0.0745355268132699,0.0070468189706984,39.56137936546171,-0.0028654958888028,0.0038910738427318,-84.68323435094706,-58220000.0,6368470000.0,-5433458000.0,-58220000.0,27315000.0,154175500.0,-35470000.0,7.802621538212194,146.12598110505456,-34.88015808697004,11.53458482629693,0.6159068997818818,-2.580263534803781,0.0075180636927635,0.1307973450592271,2015-07-30,2.34,amc,224265714.0,2025-04-25,2015-06-30,0.0256410256410256,221.39031746031748,311926.3968253968
2015-03-31,ESS,USD,920522,2015-05-11,2015-05-08 20:37:26,2015,Q1,282873000.0,87171000.0,195702000.0,0.6918369728,0,10545000.0,0.0,10545000.0,106907000.0,117452000.0,204623000.0,4199000.0,47546000.0,106907000.0,188921000.0,0.6678650843,75315000.0,0.2662502254,-10562000.0,64753000.0,0.2289119145,77295000.0,60677000.0,0.2145026213,0.92,0.92,64185455,64394680,https://www.sec.gov/Archives/edgar/data/920522/000092052215000020/0000920522-15-000020-index.htm,https://www.sec.gov/Archives/edgar/data/920522/000092052215000020/ess-33115x10q.htm,4.407119961991389,0.945338784308688,2.532489642707993,2.2801583318214385,5.978488428569993,98.55460244069316,98.55460244069316,96.38799008279992,85.433670291813,14756236104.5,19937059104.5,60.798309509781305,52.16558704613024,90.78023306510651,100.8263315716111,2.3851519240364865,2.3851519240364865,70.48060120442743,105.53119613224575,122.6526100099047,136.22583141104042,0.0041119564345745,0.0099180440705586,0.8786666315375854,0.4498122862926338,27.423224522419424,1.627293969840574,1.5840449249148194,2.5102929593995644,0.0056696707349705,1.3788255846531634,0.0372782131910786,0.0,0.0,0.0996376477246861,0.0572553760875021,0.1514961602140178,0.0048431628327906,45.27896167928014,-0.0012367289627144,0.0050207862387247,-83.6942653129124,181744000.0,6325772000.0,-5287916000.0,181744000.0,26938500.0,148631000.0,10135000.0,9.212119926610177,167.36070482155765,-37.19929793165159,9.769738205429302,0.5377606415792721,-2.41940049958368,0.0098076408014796,0.2523313108865552,2015-05-06,2.22,amc,226232557.0,2025-04-25,2015-03-31,0.0315315315315314,226.4565573770492,389067.7868852459
2014-12-31,ESS,USD,920522,2015-03-02,2015-03-02 14:34:47,2014,Q4,278699000.0,88052000.0,190647000.0,0.6840605815,0,12256000.0,0.0,12256000.0,106381000.0,118959000.0,207011000.0,3085000.0,47529000.0,106703000.0,199037000.0,0.714164744,63463000.0,0.2277116172,-19445000.0,44805000.0,0.1607648395,69673000.0,41489000.0,0.1488666985,0.63,0.63,63362624,63544534,https://www.sec.gov/Archives/edgar/data/920522/000092052215000006/0000920522-15-000006-index.htm,https://www.sec.gov/Archives/edgar/data/920522/000092052215000006/ess-123114x10k.htm,4.398476300476445,0.6547866451995422,2.398811640123995,2.0567803505107363,3.35623726694147,97.2075272640224,97.2075272640224,95.05086152997704,81.39413544489571,13090718118.4,18105115118.4,78.88065582684567,46.97081122788384,86.12597860719102,100.44825639679873,2.173573144677313,2.173573144677313,64.96297122845795,90.96356515823692,119.11651776966347,138.92494124905045,0.0031693448460771,0.0099553743974382,0.8484302316314087,0.4419158247335394,25.193290694694955,0.702546494654666,1.3352479538807889,3.368235606967158,0.0063536621327971,2.0047241437489456,0.0439757587935371,0.0,0.0,0.1425836376196585,0.0777613123836109,0.2037205892029591,0.0134338479865374,37.421327899369736,-0.003186155710191,0.0035881217766448,-81.18426014048913,-150999000.0,6159324000.0,-5046910000.0,-150999000.0,23948000.0,151161000.0,82036000.0,8.048360417511365,138.1522282287739,57.5455412710671,11.182401797536413,0.6514552906882112,1.5639786856127886,0.0068888028436547,0.3420312896132584,2015-02-04,2.22,amc,203933333.0,2025-04-25,2014-12-31,0.009009009009009,198.1009375,343766.890625
2014-09-30,ESS,USD,920522,2014-11-06,2014-11-06 15:40:35,2014,Q3,270479000.0,87668000.0,182811000.0,0.6758787189,0,11479000.0,0.0,11479000.0,102184000.0,113663000.0,201331000.0,2992000.0,45830000.0,107235000.0,176191000.0,0.651403621,65240000.0,0.2412017199,-6556000.0,58684000.0,0.2169632393,54460000.0,54964000.0,0.203209861,0.85,0.85,62892601,63069772,https://www.sec.gov/Archives/edgar/data/920522/000114036114040470/0001140361-14-040470-index.htm,https://www.sec.gov/Archives/edgar/data/920522/000114036114040470/form10q.htm,4.3006489745908265,0.8739342804410332,2.573689073536647,2.214107824861624,2.003796917224015,97.22741471608084,97.22741471608084,95.13507002198877,83.8247252645824,11242052428.75,16450300428.75,51.13370764841533,41.56349449957298,69.45283400312604,80.73229225463372,1.8789075359768503,1.8789075359768503,60.81914096380865,93.36629242554956,101.62912797468276,118.13416369541332,0.0048891428276421,0.012386617202023,0.8734531090911157,0.4479575902480954,29.56023860469604,0.6939071435494815,1.423521710669867,2.9712177392708985,0.0073330915793608,1.499872643912379,0.042439523955649,0.0,0.0,0.139714331607626,0.0836109272808609,0.2108919662423649,0.0050687853770533,43.25147947409911,0.000412885975201,0.0047112422665734,-85.13779307680406,-157898000.0,6114885000.0,-5193725000.0,-157898000.0,44747500.0,149792000.0,107772000.0,7.644105457355285,171.60651549025872,110.63877355477484,11.773777913202457,0.5244556113902847,0.8134580410496233,0.0091862473033239,0.359581248675023,2014-10-30,1.93,amc,63741176.0,2025-04-25,2014-09-30,0.1191709844559586,188.5984375,316556.34375
2014-06-30,ESS,USD,920522,2014-08-11,2014-08-08 21:52:41,2014,Q2,259450000.0,83220000.0,176230000.0,0.6792445558,0,9558000.0,0.0,9558000.0,97510000.0,107068000.0,190288000.0,2814000.0,42151000.0,93678000.0,171772000.0,0.6620620543,42136000.0,0.1624050877,-29926000.0,8428000.0,0.032484101,53737000.0,6303000.0,0.0242936982,0.02,0.02,61884963,62059762,https://www.sec.gov/Archives/edgar/data/920522/000114036114031603/0001140361-14-031603-index.htm,https://www.sec.gov/Archives/edgar/data/920522/000114036114031603/form10q.htm,4.192456251448353,0.1018502669218692,1.5541578331395305,1.1991927667469076,2.008630109385377,96.88537747045272,96.88537747045272,94.66674481165964,82.54234554523366,11443148508.33,16491181508.33,453.8770628403141,44.105409552245135,118.97761994125536,154.19539304061337,1.9532730355087216,1.9532730355087216,63.56207943083446,96.00622632518689,171.46343285259775,222.21718196962755,0.0005508099449562,0.0064852780636358,0.8647305566252359,0.4464061468601242,29.38798523624339,1.122604181282447,0.9996441365566652,11.411841480778358,0.0001247034414489,0.2264001269236871,0.036839468105608,0.0,0.0,0.2283970513313717,0.0846675660050106,0.2344947586413031,0.0092195027943727,14.728925542043802,-0.0204174126480753,0.0005554105028187,-82.8074099357545,39321000.0,5995748000.0,-4992579000.0,39321000.0,33261000.0,107947000.0,39509500.0,23.07566005010599,143.21268925739005,116.5522710886806,3.900213463215177,0.628435933063493,0.7721857254203318,0.0010758822131731,0.3549650663926227,2014-08-06,1.7,amc,1493850000.0,2025-04-25,2014-06-30,0.2235294117647059,176.91507936507935,779838.0476190476
2014-03-31,ESS,USD,920522,2014-05-12,2014-05-09 20:56:36,2014,Q1,161645000.0,53450000.0,108195000.0,0.6693371277,0,7075000.0,0.0,7075000.0,53298000.0,60373000.0,113823000.0,2879000.0,26055000.0,53298000.0,108258000.0,0.6697268706,33774000.0,0.2089393424,-8155000.0,26406000.0,0.1633579758,39707000.0,23280000.0,0.1440193016,0.58,0.58,37685073,37931454,https://www.sec.gov/Archives/edgar/data/920522/000114036114019994/0001140361-14-019994-index.htm,https://www.sec.gov/Archives/edgar/data/920522/000114036114019994/form10q.htm,4.289364120377318,0.617751224735587,2.200951023764768,1.8663357770329911,3.954324302357063,94.5136287781637,94.5136287781637,53.82351256159169,79.08574304738643,6408346663.650001,9313972663.650002,68.81815575225515,39.64457090321384,77.26205543144088,91.1143654280352,3.159399896196058,3.159399896196058,57.61992430109191,86.03495966718397,112.29365544590866,132.42677923094425,0.0036327622742463,0.0109752177420346,1.456507602511015,0.4453909684274575,26.83982707975392,1.1743506706636615,1.296257915947035,3.141066424297508,0.0150410090244868,4.140378006872853,0.0437687525132234,0.0,0.0,0.152032118442786,0.0780104550094342,0.2365942436864422,0.007627826409725,27.351684922525827,-0.0026011009495366,0.0035097018833892,-77.92598676935029,39840000.0,3561753000.0,-2802944000.0,39840000.0,0.0,75326500.0,-32014000.0,0.0,140.54817586529467,-48.41478016838167,0.0,0.6403498262848928,-1.8589364588042987,0.0114773487521587,0.3346152467317763,2014-05-07,1.93,amc,185982758.0,2025-04-25,2014-03-31,0.0466321243523316,161.2611475409836,463039.868852459
2013-12-31,ESS,USD,920522,2014-02-26,2014-02-26 17:17:36,2013,Q4,158547000.0,52704000.0,105843000.0,0.667581222,0,6676000.0,0.0,6676000.0,52087000.0,59395000.0,112099000.0,2307000.0,26875000.0,52719000.0,105044000.0,0.6625417069,45150000.0,0.2847736003,-25132000.0,20020000.0,0.1262717049,17223000.0,33242000.0,0.2096665342,0.85,0.85,37498824,37498824,https://www.sec.gov/Archives/edgar/data/920522/000114036114009793/0001140361-14-009793-index.htm,https://www.sec.gov/Archives/edgar/data/920522/000114036114009793/form10k.htm,4.228052591729277,0.8864811333816762,2.1307334864688023,1.7957096467878566,3.836120300732631,53.40399474927533,53.40399474927533,50.374059730513146,81.61319938993287,5381456232.24,8361214232.24,40.47181451356717,33.94234032961835,67.35239339474343,79.91826532574959,2.848886922510069,2.848886922510069,52.73650231313112,79.5972566947184,104.6459853847309,124.16968727801952,0.0061771384111328,0.0125127841041589,1.605916034575493,0.5848502334466136,28.36676059555996,0.7831515474487225,1.68,2.1651942984120103,0.0086448719440082,1.3994946152457737,0.0421073877146839,0.0,0.0,0.1572340425531914,0.0792383331125786,0.2365156164693036,0.0086472780941928,31.69782650539599,0.0012463825361203,0.0064089130200493,-81.55027741669979,-74873000.0,2002587000.0,-2913847000.0,-74873000.0,0.0,75513500.0,-40880000.0,0.0,114.72506830601093,-60.23736338797814,0.0,0.7844841701025557,-1.4940892983699503,0.017597968838011,0.3350238396809457,2014-01-30,1.96,amc,102958241.0,2025-04-25,2013-12-31,-0.010204081632653,153.6953125,316924.453125
2013-09-30,ESS,USD,920522,2013-11-04,2013-11-04 06:05:33,2013,Q3,155902000.0,52176000.0,103726000.0,0.665328219,0,6075000.0,0.0,6075000.0,51443000.0,57518000.0,109694000.0,2387000.0,26187000.0,51443000.0,140137000.0,0.8988787828,49213000.0,0.3156662519,14133000.0,63032000.0,0.4043052687,59865000.0,70156000.0,0.4500006414,1.84,1.84,37320562,37436983,https://www.sec.gov/Archives/edgar/data/920522/000114036113040353/0001140361-13-040353-index.htm,https://www.sec.gov/Archives/edgar/data/920522/000114036113040353/form10q.htm,4.177375463960055,1.8798216382700776,1.9961114197583627,1.6820218302178835,3.909185504762763,53.537591422122745,53.537591422122745,50.49626530275723,78.96298560562941,5512247007.4,8377009007.4,19.642821025286505,35.35712824338366,73.99386554177404,87.8109887437474,2.924968789561853,2.924968789561853,53.73253073982373,59.77728228376517,112.44911146101803,133.44711197948195,0.0127272961291135,0.0113880963454155,1.5498434904053968,0.5743186352372837,20.44258118840849,1.819094867767434,1.8792912513842743,0.9818253706754532,0.0084444691860707,0.6634927875021381,0.0389667868276224,0.0,0.0,0.1573507302405498,0.0751882592910931,0.2275674626286158,0.006484843042424,46.21460130498655,0.0005001022861612,0.0137950236766463,-79.44410108293653,128285000.0,1998053000.0,-2802646000.0,128285000.0,0.0,80127000.0,-35826000.0,0.0,144.62511499540017,-80.18341766329347,0.0,0.6222985544582796,-1.1224265892223295,0.0372269439531686,0.314089589540479,2013-10-30,0.74,amc,61894565.0,2025-04-25,2013-09-30,1.4864864864864866,155.09734375,193486.484375
2013-06-30,ESS,USD,920522,2013-08-05,2013-08-02 21:35:50,2013,Q2,153404000.0,50470000.0,102934000.0,0.6709994524,0,6224000.0,0.0,6224000.0,51033000.0,57257000.0,107727000.0,1917000.0,26325000.0,51033000.0,109345000.0,0.7127910615,48679000.0,0.3173254935,-18514000.0,29575000.0,0.192791583,36868000.0,26314000.0,0.1715339887,0.67,0.67,37232836,39576663,https://www.sec.gov/Archives/edgar/data/920522/000114036113030211/0001140361-13-030211-index.htm,https://www.sec.gov/Archives/edgar/data/920522/000114036113030211/form10q.htm,4.120126653795591,0.7067417588066619,1.7429239072736764,1.4325258489576245,3.602143011614801,53.02827321561001,53.02827321561001,50.02315697896341,79.28327028325212,5925605849.400001,8805837849.400002,56.29708377099643,38.62745332194728,91.31207583751964,111.09747172506891,3.1815265091511216,3.1815265091511216,57.402922018982565,80.5326064237048,135.6957168520973,165.0981091812438,0.0044407273566237,0.009001104925904,1.5707971633886424,0.5782994972522226,26.340774612465133,2.12634623270671,1.8491547958214625,2.194218089602705,0.0078381858632569,1.7650680246256745,0.0405726056686918,0.0,0.0,0.1780904243843807,0.0753370185914317,0.2264613093488527,0.0064796224348778,28.203771268190764,-0.0024376565687015,0.0052014252624729,-79.58218654093392,156561000.0,1974393000.0,-2789045000.0,156561000.0,0.0,81435500.0,-24978500.0,0.0,136.25718248464435,-44.87873984545275,0.0,0.6605156393142259,-2.0054039019350736,0.0141282918050108,0.310398058316052,2013-07-31,1.87,amc,130543283.0,2025-04-25,2013-06-30,0.0053475935828875,157.41875,286875.078125
2013-03-31,ESS,USD,920522,2013-05-06,2013-05-06 06:09:14,2013,Q1,149342000.0,48465000.0,100877000.0,0.6754764232,0,6626000.0,0.0,6626000.0,50074000.0,56700000.0,105165000.0,5023000.0,25211000.0,50074000.0,104446000.0,0.6993745899,47107000.0,0.3154303545,-17946000.0,29703000.0,0.198892475,32554000.0,26571000.0,0.1779204778,0.68,0.68,37003970,37063235,https://www.sec.gov/Archives/edgar/data/920522/000114036113018784/0001140361-13-018784-index.htm,https://www.sec.gov/Archives/edgar/data/920522/000114036113018784/form10q.htm,4.035837235842533,0.7180580894428354,2.315751526120035,2.1781716934696465,3.6770649203315218,53.73920690131356,53.73920690131356,50.665212408290245,75.63374956795177,5606101455.0,8324005455.0,52.74642895449927,37.5386793735185,65.4215265719087,69.5537456731306,2.990217405566632,2.990217405566632,55.73787317030708,79.69673759646133,97.13865302478644,103.2742206052034,0.0047396573560583,0.014377370913991,1.4793670198750384,0.5618476725928444,26.02209754322808,0.7927316728849451,1.868509777478085,2.8849611150388847,0.0073405735394419,1.5487561627338076,0.0443679607879899,0.0,0.0,0.0594104467161462,0.0340895394463714,0.1016695290969365,0.007579917236946,28.610535236517816,-0.0009437809918207,0.0053826031979603,-76.32218921375193,-51387000.0,1988564000.0,-2751357000.0,-51387000.0,0.0,75659500.0,-24155000.0,0.0,160.5589600742804,-46.03528319405757,0.0,0.5605417471461122,-1.95502218636547,0.0141726059225075,0.1375798326503886,2013-05-01,1.88,amc,135607812.0,2025-04-25,2013-03-31,-0.0053191489361701,151.43033333333332,257767.65
2012-12-31,ESS,USD,920522,2013-02-25,2013-02-22 19:07:36,2012,Q4,144805000.0,47817000.0,96988000.0,0.669783502,0,6866000.0,0.0,6866000.0,56661000.0,54846000.0,102663000.0,2963000.0,25864000.0,47980000.0,120479000.0,0.8320085632,45105000.0,0.311487863,-26802000.0,49640000.0,0.3428058423,207000.0,45161000.0,0.31187459,1.22,1.22,35895902,38182569,https://www.sec.gov/Archives/edgar/data/920522/000114036113009003/0001140361-13-009003-index.htm,https://www.sec.gov/Archives/edgar/data/920522/000114036113009003/form10k.htm,4.034025945357216,1.2581101876197456,1.3417687623506438,1.3417687623506438,3.756389796250279,52.49805395613126,52.49805395613126,49.28565383313115,79.24433825343071,5264134028.3,8040691028.3,29.140929276920357,36.35326147784952,109.29603081762312,109.29603081762312,2.9755108960615617,2.9755108960615617,55.52771677980733,66.73935730127242,166.94400440785648,166.94400440785648,0.008578998892736,0.0091494630913784,1.5932386854048235,0.5815047089849178,23.045983117389756,1.002223938947023,1.7439297865759356,0.970265914585012,0.0077517023276054,0.9035672372179536,0.047415489796623,0.0,0.0,0.0,0.0,0.0,0.008708262836228,37.35174188437074,0.0094923205733209,0.0093168810265176,-79.10872388720027,570000.0,1884465000.0,-2705886000.0,570000.0,25158000.0,72976000.0,-24227000.0,0.0,122.07415772633163,-44.26877470355731,0.0,0.7372567763421629,-2.0330357142857145,0.0255269046826362,0.0,2013-01-31,1.73,amc,139374810.0,2025-04-25,2012-12-31,0.046242774566474,144.28709677419354,310515.5806451613
2012-09-30,ESS,USD,920522,2012-11-05,2012-11-05 06:09:13,2012,Q3,138142000.0,45309000.0,92833000.0,0.6720114086,0,5276000.0,1642000.0,6918000.0,43041000.0,49959000.0,95268000.0,3003000.0,25064000.0,43041000.0,91081000.0,0.6593288066,42874000.0,0.3103618016,-22824000.0,20222000.0,0.1463856032,28834000.0,17587000.0,0.1273110278,0.46,0.45,36470537,37969407,https://www.sec.gov/Archives/edgar/data/920522/000114036112045528/0001140361-12-045528-index.htm,https://www.sec.gov/Archives/edgar/data/920522/000114036112045528/form10q.htm,3.7877698373347233,0.4822248709965526,2.466182496846701,-0.5636056304846842,4.618796811245198,48.83643473634622,48.83643473634622,45.672291581558014,99.9339549072173,5332721920.14,8925425920.14,75.80488315431853,38.60319034138785,59.290016122877816,-259.4367268372659,3.201503470411414,3.201503470411414,64.6105161365841,97.99437775320868,99.23424746939727,-434.22164534857694,0.003297940575821,-0.0038545043802809,2.1730180771606773,0.7982012811510953,39.445153215269926,2.205162946019399,1.7105809128630705,4.4479996043716925,0.0075032976778488,2.2751464149656,0.0381925844420958,0.0,0.0,1.2285336268525622,0.7998870727222713,2.403854939413057,0.0069131762968539,22.260886900812363,-0.0033606844684715,0.0038783400431166,-70.18983570217242,151213000.0,1781091000.0,-2476897000.0,3931234000.0,50605500.0,73652500.0,-24306000.0,32.78105138191137,161.0819042574323,-49.52790836257697,2.7454885126003656,0.5587219769650036,-1.817157295259485,0.0105583681987016,3.029788127331386,2012-10-31,1.68,amc,128426666.0,2025-04-25,2012-09-30,0.0178571428571428,154.0584126984127,223594.53968253967
2012-06-30,ESS,USD,920522,2012-08-06,2012-08-03 19:09:01,2012,Q2,132561000.0,42417000.0,90144000.0,0.6800190101,0,5764000.0,1611000.0,7375000.0,41801000.0,49176000.0,91593000.0,5455000.0,24659000.0,41801000.0,65154000.0,0.4915020255,40968000.0,0.3090501731,1522000.0,42490000.0,0.3205316798,5633000.0,38446000.0,0.2900249696,1.07,1.07,34570772,34708420,https://www.sec.gov/Archives/edgar/data/920522/000114036112035170/0001140361-12-035170-index.htm,https://www.sec.gov/Archives/edgar/data/920522/000114036112035170/form10q.htm,3.83448191437553,1.1120955007889324,1.655502515246116,-0.3500644995720662,4.106821797326366,49.4740181098646,49.4740181098646,46.08589591230419,97.90085104260906,5321133226.24,8653172226.24,34.601344913905216,40.14101603216632,92.9747907855745,-439.6904004495125,3.339850445630717,3.339850445630717,65.27690818747595,132.81106649231052,151.19465030472463,-715.0200153891918,0.0072251526818407,-0.0022743275699848,2.1088352241522696,0.7743164736780487,51.14097369309635,2.167787188748078,1.6613812401151709,1.3470156279420071,0.0073240038057716,1.013681527337044,0.0434818687245871,0.0,0.0,1.2114551299972045,0.5230346783744843,1.551651597887387,0.007083531355376,33.95832951740651,0.0069662207894682,0.0088603300764487,-71.17147253755282,128362000.0,1710355000.0,-2390480000.0,3792967000.0,49474000.0,65820000.0,-29132500.0,34.55428067078552,140.485890091237,-50.23976235943136,2.604597701149425,0.6406337315551797,-1.7914097474448856,0.0241309294041958,2.0055670148181823,2012-08-01,0.4,amc,109500000.0,2025-04-25,2012-06-30,3.1499999999999995,152.92190476190476,277102.7301587302
2012-03-31,ESS,USD,920522,2012-05-07,2012-05-07 08:06:34,2012,Q1,127918000.0,40164000.0,87754000.0,0.686017605,0,5400000.0,0.0,5400000.0,40734000.0,47774000.0,87938000.0,2413000.0,24658000.0,40734000.0,85561000.0,0.6688738098,39980000.0,0.3125439735,-15890000.0,17204000.0,0.1344924092,18230000.0,24090000.0,0.1883237699,0.67,0.67,33913433,36396641,https://www.sec.gov/Archives/edgar/data/920522/000114036112023170/0001140361-12-023170-index.htm,https://www.sec.gov/Archives/edgar/data/920522/000114036112023170/form10q.htm,3.7718977020108815,0.7103379949767987,2.1277704324419178,0.4233130865872529,3.7840757672630794,46.396069663604976,46.396069663604976,42.98125760373478,88.05086173375607,5138224233.83,8051342233.83,53.32320707586135,40.16810952195938,71.2059899366685,357.914755769713,3.525024823536917,3.525024823536917,62.94143305734923,94.10060931767978,111.5762504688193,560.834649890638,0.0046883901721127,0.0027939613661623,2.031671013870347,0.7309732639116864,34.04726452472505,2.001413624738433,1.6213804850352826,2.648948276494989,0.0070956420624764,1.5134495641344956,0.0422145436920527,0.0,0.0,0.8010532150776053,0.451883237699151,1.322776264903087,0.0077080629778451,26.20977790493293,-0.0005225953601,0.0059461249974699,-68.7294250039505,107677000.0,1573450000.0,-2262726000.0,3542322000.0,24026500.0,56876500.0,-17293500.0,33.80892446723683,146.6141320585599,-77.50298775022408,2.6620190206646828,0.6138562411163245,-1.1612455546881777,0.0165266917391238,1.7044573458546648,2012-05-02,0.42,amc,80176119.0,2025-04-25,2012-03-31,2.880952380952381,143.4991935483871,305812.72580645164
2011-12-31,ESS,USD,920522,2012-02-27,2012-02-24 21:18:07,2011,Q4,124989000.0,40073000.0,84916000.0,0.6793877861,0,25304000.0,-18551000.0,6753000.0,39665000.0,46418000.0,86491000.0,4782000.0,25082000.0,51338000.0,91191000.0,0.7295922041,38498000.0,0.308011105,-23727000.0,14771000.0,0.1181783997,-3410000.0,15304000.0,0.122442775,0.46,0.46,33421739,33421739,https://www.sec.gov/Archives/edgar/data/920522/000114036112010939/0001140361-12-010939-index.htm,https://www.sec.gov/Archives/edgar/data/920522/000114036112010939/form10k.htm,3.739751543149804,0.4579055566198994,1.3726694472720284,-0.2867594651493149,2.608003132332521,46.48854447699445,46.48854447699445,43.01173556528582,71.38886459498711,4696088546.889999,7044057546.889999,76.7134171930541,37.572014712414685,102.36259011901387,-489.9925445419448,3.266782847828249,3.266782847828249,56.35741982806486,77.24509597317717,153.54224441201472,-734.9809627389399,0.0032588823330716,-0.0020408473784735,1.6423051532249482,0.5848102683105423,25.7478150256056,2.2896442185514614,1.5348855753129735,2.567550929035147,0.0076301798064965,2.3413486670151595,0.2024498155837713,0.0,0.0,1.2089064236981495,0.4437270479802223,1.0803108808290156,0.0104729216171023,21.05099845832088,0.0115785667023467,0.003790967667782,-71.69202057379479,121794000.0,1553728000.0,-2267002000.0,3559112000.0,25799500.0,60959500.0,-11998500.0,0.0,108.53093105083222,0.0,0.0,0.8292566840493336,0.0,0.010646060908769,1.6594289124213435,2012-02-01,0.38,amc,112733333.0,2025-04-25,2011-12-31,2.9736842105263155,133.3068253968254,368280.4285714286
2011-09-30,ESS,USD,920522,2011-11-07,2011-11-07 06:06:39,2011,Q3,120058000.0,41349000.0,78709000.0,0.6555914641,0,6066000.0,0.0,6066000.0,38137000.0,44203000.0,85552000.0,2741000.0,22096000.0,38137000.0,75125000.0,0.625739226,34506000.0,0.2874110846,-22742000.0,11965000.0,0.0996601643,25769000.0,9054000.0,0.0754135501,0.23,0.23,33421739,35437693,https://www.sec.gov/Archives/edgar/data/920522/000114036111051938/0001140361-11-051938-index.htm,https://www.sec.gov/Archives/edgar/data/920522/000114036111051938/form10q.htm,3.59221284086983,0.2709015231074601,1.9850253752505216,0.9435176308450018,3.250608832771987,45.0671642190731,45.0671642190731,41.53913116250474,83.54098510553266,4011945549.56,6748917549.56,110.7782623580738,33.416728161055495,60.47277858342252,127.22602744846832,2.889805266518285,2.889805266518285,56.21380957170701,89.83584092592346,101.72765098895135,214.02034469334689,0.0022567604390824,0.0078600269147367,1.9952236892336723,0.7093142031130567,36.43223960066556,1.775650475091022,1.561640115858074,5.983315295815296,0.0087984743471584,3.898718798321184,0.0505255793033367,0.0,0.0,0.5246823327253818,0.2899348648153392,0.9127356635288564,0.0046810708157723,15.91203358345091,-0.0092530124559985,0.0023184679776654,-67.72838032156257,87346000.0,1506223000.0,-2198986000.0,3517145000.0,50777500.0,67118000.0,-24017500.0,38.680554398707294,160.18646158310963,-52.23173474570123,2.3267505184209,0.5618452340512263,-1.7230903862982874,0.0065215982021306,1.04150774440552,2011-11-02,0.36,amc,186573913.0,2025-04-25,2011-09-30,2.9444444444444446,136.94078125,343268.875
2011-06-30,ESS,USD,920522,2011-08-08,2011-08-08 06:17:06,2011,Q2,117198000.0,40270000.0,76928000.0,0.6563934538,0,6371000.0,0.0,6371000.0,37510000.0,43881000.0,84151000.0,2628000.0,22710000.0,37510000.0,73428000.0,0.626529463,33047000.0,0.2819758016,-22545000.0,10702000.0,0.0913155515,19298000.0,13749000.0,0.1173142886,0.32,0.32,32040904,32135064,https://www.sec.gov/Archives/edgar/data/920522/000114036111040077/0001140361-11-040077-index.htm,https://www.sec.gov/Archives/edgar/data/920522/000114036111040077/form10q.htm,3.657761965767258,0.4291077430274751,1.4682482117233646,-0.4964903611958015,3.3869206686552915,45.15328281624014,45.15328281624014,41.4115656661872,85.89554776606802,4334813902.16,7031427902.16,78.82053062331806,36.987097921124935,92.1438207244282,-272.492701921046,3.2669617249092595,3.2669617249092595,59.99614244406901,95.75949095930709,149.4649243720772,-442.0057771033442,0.0031717624586257,-0.0036698230556271,2.0570766860808645,0.7134251036696373,36.72460096965735,2.025158189340472,1.4551739321884631,3.4216306640482945,0.0079578964123029,2.508982471452469,0.0543609959214321,0.0,0.0,1.3381515177280845,0.5371422720524242,-6.331288343558282,0.0,19.99563773078174,-0.0071215783870211,0.0035937065048204,-70.07090062128084,101097000.0,1446752000.0,-2179390000.0,3529875000.0,49515500.0,62657000.0,-23570500.0,38.36277069574566,135.52743978147504,-53.72287062329278,2.346024501561374,0.6640721623983773,-1.6752641650719693,0.0103620265528343,1.964738572919166,2011-08-03,0.21,amc,76321875.0,2025-04-25,2011-06-30,5.666666666666667,132.30857142857144,294961.4761904762
2011-03-31,ESS,USD,920522,2011-05-09,2011-05-06 19:08:38,2011,Q1,113773000.0,39072000.0,74701000.0,0.656579329,0,6115000.0,0.0,6115000.0,37031000.0,43146000.0,82218000.0,6987000.0,24662000.0,37031000.0,68586000.0,0.6028319549,31555000.0,0.2773505137,-19452000.0,12507000.0,0.1099294209,21221000.0,8961000.0,0.0787620965,0.27,0.27,31177778,33787232,https://www.sec.gov/Archives/edgar/data/920522/000114036111025800/0001140361-11-025800-index.htm,https://www.sec.gov/Archives/edgar/data/920522/000114036111025800/form10q.htm,3.649169610483467,0.2874162488423646,1.838071975494854,-0.6871881633129853,6.272576576816988,43.85947580998236,43.85947580998236,37.34586217144789,94.74318535464586,3866044472.0,6674478472.0,107.85750675147862,33.980333400718976,67.46199368314517,-180.44548294049008,3.320314294278149,3.320314294278149,58.664871911613474,97.31546484705332,116.46881658436142,-311.5275832905484,0.0023178729745351,-0.0055418400267176,2.5157318048268533,0.7575531087861802,40.94762779576007,2.7871898589664097,1.279498824101857,6.39515679053677,0.0085345629723009,3.68206673362348,0.0537473741573132,0.0,0.0,1.3738635768754253,0.6920095277438408,0.0,0.0,15.540613608856766,-0.0050843913412537,0.0023174884125579,-73.07850001369565,181591000.0,1367441000.0,-2216047000.0,3631918000.0,49259500.0,59223000.0,-11551500.0,38.82072196391059,148.9703624078624,-53.21636977886978,2.318349465104432,0.604147016529309,-1.6912089339046876,0.0076960667696702,2.5252601388078397,2011-05-04,0.35,amc,145703703.0,2025-04-25,2011-03-31,2.7428571428571438,117.08951612903226,310250.3870967742
2010-12-31,ESS,USD,920522,2011-02-25,2011-02-25 15:45:47,2010,Q4,109132000.0,38398000.0,70734000.0,0.6481508632,0,25962000.0,-17988000.0,7974000.0,36326000.0,44300000.0,82698000.0,7111000.0,23542000.0,36326000.0,86574000.0,0.7932961918,25747000.0,0.2359253015,25035000.0,50782000.0,0.4653263937,30614000.0,5320000.0,0.0487483048,0.18,0.18,29690910,29690910,https://www.sec.gov/Archives/edgar/data/920522/000114036111012197/0001140361-11-012197-index.htm,https://www.sec.gov/Archives/edgar/data/920522/000114036111012197/form10k.htm,3.6756030717819024,0.179179418886117,0.9176545952953278,-10.67037015706154,3.572238102503426,45.63733479371296,45.63733479371296,38.73057444180727,76.86820646453747,3391295740.2,5636287740.2,159.36540132518795,31.0751726368068,124.46949057476328,-10.704408405589415,2.949091296634798,2.949091296634798,51.64651743026793,65.10370018943331,206.8666130881597,-17.79058226840439,0.0015687219303634,-0.0934194550609485,1.9642183198167569,0.6050933232106945,25.93148058308499,2.4230743640355743,1.0936623906210177,5.121428571428571,0.0093412672992452,5.954699248120301,0.237895392735403,0.0,0.0,12.627871981208251,3.1526866546933987,0.0,0.0,12.49574891657926,0.0028070825586566,0.0014251703842093,-75.2663694039691,128330000.0,1355014000.0,-2159365000.0,3534869000.0,52524500.0,60330000.0,-18161000.0,40.77594106219991,126.0370331788114,0.0,2.2071838847989644,0.7140758373161252,0.0,0.004626304191675,11.588024752356866,2011-02-03,0.32,amc,217200000.0,2025-04-25,2010-12-31,3.0,112.22703125,236587.0625
2010-09-30,ESS,USD,920522,2010-11-09,2010-11-09 17:26:24,2010,Q3,104781000.0,37887000.0,66894000.0,0.6384172703,0,6175000.0,0.0,6175000.0,31638000.0,37813000.0,75700000.0,5788000.0,22202000.0,31638000.0,56546000.0,0.5396589076,27466000.0,0.2621276758,-17040000.0,6920000.0,0.0660425077,21535000.0,6920000.0,0.0660425077,0.21,0.21,29690910,29762420,https://www.sec.gov/Archives/edgar/data/920522/000114036110044600/0001140361-10-044600-index.htm,https://www.sec.gov/Archives/edgar/data/920522/000114036110044600/form10q.htm,3.5290599041928994,0.2330679659195356,1.982761727410847,-0.1388977299786365,4.4543936174404895,41.93118365183149,41.93118365183149,34.98144718366665,70.1037455571419,3249373190.4,5272293190.4,117.39064994219652,31.01109161393764,55.19573960251401,-787.9178444228904,3.128515507817502,3.128515507817502,50.3172635344194,93.2390123156368,89.55823323254629,-1278.4416077594567,0.0021296415014577,-0.0012691678543369,1.9826502386314293,0.5877246483984458,35.77476744597319,0.4143839966714961,1.2370957571389964,8.507225433526012,0.0095753852133462,4.496242774566474,0.0589324400416106,0.0,0.0,1.0700526583998642,0.6011967818593066,-1.991086667930969,0.0,13.544140122223494,-0.0175326812996912,0.0019750250659792,-70.82909382029719,-318099000.0,1244975000.0,-2033690000.0,2851672000.0,55407000.0,61215500.0,-18161000.0,47.76104446416812,158.88906485074034,-86.28236598305487,1.884380900998112,0.566432939136155,-1.0430868344254172,0.0066626164634023,2.121659457389484,2010-11-03,0.23,amc,113685714.0,2025-04-25,2010-09-30,4.391304347826087,105.64046875,299893.28125
2010-06-30,ESS,USD,920522,2010-08-06,2010-08-06 06:14:15,2010,Q2,100636000.0,34998000.0,65638000.0,0.6522318057,0,6219000.0,0.0,6219000.0,31261000.0,37480000.0,72478000.0,7085000.0,21004000.0,31261000.0,59429000.0,0.5905342025,28158000.0,0.279800469,-14454000.0,10025000.0,0.0996164394,17773000.0,10025000.0,0.0996164394,0.32,0.32,29329273,29402635,https://www.sec.gov/Archives/edgar/data/920522/000114036110031918/0001140361-10-031918-index.htm,https://www.sec.gov/Archives/edgar/data/920522/000114036110031918/form10q.htm,3.4312476821365467,0.3418086769487944,1.2424106114051992,-0.2855167940916913,3.4394647286347677,42.03217038485748,42.03217038485748,34.763016457994034,65.74155452131392,2860777288.42,4759558288.42,71.34107951172071,28.426977308517827,78.50866622080738,-341.62613905182707,2.805855473383982,2.805855473383982,47.29478803231448,80.08814364064682,130.61714889047448,-568.3733327465966,0.0035042923615828,-0.0029271764823835,1.8705341642686064,0.573719489486436,31.95041141530229,0.5788370691603267,1.3406017901352123,3.634812967581047,0.0107701498207212,3.073416458852868,0.0617969712627687,0.0,0.0,1.229808721424847,0.4452979053221511,-1.433511403985797,0.0,16.35089492660149,-0.0067659388810816,0.0030157795210972,-66.45665066433799,-156553000.0,1232773000.0,-1876246000.0,2814726000.0,45377000.0,57836000.0,0.0,49.37408084582058,142.83559060517743,0.0,1.8228187433208352,0.6300950597724326,0.0,0.009832537903085,1.5279274054968903,2010-08-04,0.33,amc,103331250.0,2025-04-25,2010-06-30,2.6969696969696964,103.15698412698411,505562.3650793651
2010-03-31,ESS,USD,920522,2010-05-06,2010-05-06 17:23:57,2010,Q1,101184000.0,34199000.0,66985000.0,0.6620117805,0,5618000.0,0.0,5618000.0,30487000.0,36105000.0,70304000.0,7855000.0,20836000.0,30487000.0,69181000.0,0.6837148166,10044000.0,0.0992647059,-13022000.0,13669000.0,0.1350905281,17170000.0,13669000.0,0.1350905281,0.45,0.45,28967855,29018571,https://www.sec.gov/Archives/edgar/data/920522/000114036110019468/0001140361-10-019468-index.htm,https://www.sec.gov/Archives/edgar/data/920522/000114036110019468/form10q.htm,3.4929752306479025,0.4718678687117151,1.8287512140612416,0.6428159765367508,4.715157542731418,43.7136612289726,43.7136612289726,36.04264105851124,65.88295888666939,2605658557.25,4470998557.25,47.65634935346405,25.751685614820524,49.18657021708353,139.931182925192,2.495655072944741,2.495655072944741,44.18681369831199,64.6275502992151,84.39827385087305,240.10518002524032,0.0052458907027428,0.0071463699448221,1.8079607079164584,0.5705580681598015,26.963183533050984,0.6165089886020119,0.4820502975619121,3.8755578315897288,0.011522998635588,2.196576194308289,0.0555226122707147,0.0,0.0,0.6484945729117508,0.339520082226439,0.0,0.0,19.561842830571297,-0.0008046956639966,0.0041315656877837,-64.8613178297116,-140941000.0,1266291000.0,-1815560000.0,2803437000.0,35925000.0,54484500.0,0.0,31.61616461100569,158.23620573700987,0.0,2.8466450977633984,0.5687699574241618,0.0,0.0130919337444137,1.1859352375244905,2010-05-05,0.26,amc,101135351.0,2025-04-25,2010-03-31,3.923076923076923,85.41147540983607,353630.65573770495
2009-12-31,ESS,USD,920522,2010-02-26,2010-02-26 06:02:37,2009,Q4,100487000.0,36480000.0,64007000.0,0.636967966,0,23704000.0,-18134000.0,5570000.0,30160000.0,35730000.0,72210000.0,3519000.0,22336000.0,30160000.0,58437000.0,0.5815379104,5392000.0,0.0536586822,48347000.0,53739000.0,0.5347855942,30156000.0,6953000.0,0.0691930299,0.23,0.23,30070076,30070076,https://www.sec.gov/Archives/edgar/data/920522/000114036110008624/0001140361-10-008624-index.htm,https://www.sec.gov/Archives/edgar/data/920522/000114036110008624/form10-k.htm,3.341760759101507,0.2312265522707691,0.862152792696633,-1.984398044088748,5.171386996161899,42.352437020777735,42.352437020777735,35.0213946915199,62.1806875380029,2515361857.4,4342143857.4,90.44160281173596,25.03171412620538,97.0245653770492,-42.15384118583567,2.38853994070816,2.38853994070816,43.21100099913421,74.30470177113814,167.48867338090645,-72.7680759062191,0.0027642146117246,-0.0237226305330394,1.7542959046468698,0.5676338098534491,31.26070811301059,0.7257836042691239,0.241404011461318,3.728606356968215,0.0118619116021902,4.291241190852869,0.2358912098082339,0.0,0.0,3.3016779170684667,0.8518116771323654,0.0,0.0,13.498230175851358,0.00074988181343,0.0021363365561197,-59.80574342412703,-92726000.0,1273541000.0,-1735673000.0,2845705000.0,41033500.0,55331000.0,-49535000.0,32.51614636719177,120.49588815789474,0.0,2.767855667263462,0.746913453860486,0.0,0.0066024370047934,2.846550836785381,2010-02-04,0.18,amc,75750000.0,2025-04-25,2009-12-31,5.444444444444445,80.14625,473083.15625
2009-09-30,ESS,USD,920522,2009-11-05,2009-11-04 20:12:34,2009,Q3,101847000.0,36166000.0,65681000.0,0.6448987206,0,6086000.0,0.0,6086000.0,29895000.0,35981000.0,72147000.0,3471000.0,21966000.0,29895000.0,59499000.0,0.5841998292,-3370000.0,-0.033088849,-19791000.0,-1239000.0,-0.0121653068,30939000.0,-1239000.0,-0.0121653068,-0.0412,-0.0412,30070076,30070076,https://www.sec.gov/Archives/edgar/data/920522/000114036109024778/0001140361-09-024778-index.htm,https://www.sec.gov/Archives/edgar/data/920522/000114036109024778/form10q.htm,3.386988446587232,-0.041203753525598,1.9430612679528976,0.839938016784527,7.662734207921523,41.40232302705188,41.40232302705188,34.01524492322534,62.479256786713805,2392976648.08,4150696648.08,-482.84435998385794,23.49579907194125,40.95599110152666,94.74508643465178,2.3395392324711266,2.3395392324711266,40.754235746561015,69.76077998084001,71.03951270075991,164.33846648770637,-0.000517765186298,0.0105546370543418,1.8153261357337065,0.5686914207622491,29.5420091093968,1.1802449872458247,-0.1534189201493216,-47.157384987893465,0.0123929333049674,-23.93543179983858,0.0597563011183441,0.0,0.0,0.5677243787225303,0.3256944239889245,-1.1969904734411083,0.0,,-0.026915304093709,-0.0003794767692223,-60.02131487795375,47131000.0,1244971000.0,-1711437000.0,2932776000.0,46698500.0,59835000.0,-49535000.0,40.4388936345695,153.84311231543438,-246.53818503566887,2.225580175691622,0.5850115656492131,-0.3650550116079539,-0.0012113319665519,1.1031232511683708,2009-11-03,0.24,amc,32983783.0,2025-04-25,2009-09-30,4.25,70.689375,739195.921875
2009-06-30,ESS,USD,920522,2009-08-07,2009-08-06 21:11:54,2009,Q2,103817000.0,33972000.0,69845000.0,0.6727703555,0,5852000.0,0.0,5852000.0,50502000.0,56354000.0,90326000.0,3011000.0,21509000.0,28993000.0,42484000.0,0.4092200699,13491000.0,0.1299498155,-22045000.0,12999000.0,0.1252107073,650000.0,12999000.0,0.1252107073,0.43,0.43,26831307,26853693,https://www.sec.gov/Archives/edgar/data/920522/000114036109018145/0001140361-09-018145-index.htm,https://www.sec.gov/Archives/edgar/data/920522/000114036109018145/form10q.htm,3.869248710098245,0.4844713677198058,1.2735495889186463,-0.0843417728402123,6.740894135347189,44.11600225065443,44.11600225065443,35.282738928819235,68.98404166446308,1669712234.61,3433700234.61,32.112320844103394,16.083225624030746,48.86342906587457,-737.8313011975254,1.7637519617041413,1.7637519617041413,33.07454689126058,80.82337431997928,100.48579891165022,-1517.322242425983,0.0077851738344818,-0.0013553233623688,1.9324577841344823,0.564814365999677,41.52123152245552,1.0183820016610683,0.627225812450602,2.628740672359412,0.0170328751329074,2.187860604661897,0.056368417503877,0.0,0.0,1.066225746978432,0.3509444503308707,0.0,0.0,19.61130356909715,0.0040922549097859,0.0040132992444228,-68.52807244909836,5002000.0,1183690000.0,-1778175000.0,2896073000.0,46888000.0,60872500.0,0.0,41.29525992852808,153.25591663723063,0.0,2.179426891991183,0.5872530207955193,0.0,0.0137311156227751,1.3578913617588588,2009-08-05,0.24,amc,80295958.0,2025-04-25,2009-06-30,4.958333333333333,64.81460317460318,1222015.9365079366
2009-03-31,ESS,USD,920522,2009-05-07,2009-05-07 13:29:37,2009,Q1,105879000.0,33378000.0,72501000.0,0.6847533505,0,6233000.0,0.0,6233000.0,49378000.0,55611000.0,88989000.0,3287000.0,20203000.0,29175000.0,45693000.0,0.431558666,11138000.0,0.1051955534,7561000.0,18396000.0,0.1737455019,-967000.0,18396000.0,0.1737455019,1.61,1.53,26224946,28692959,https://www.sec.gov/Archives/edgar/data/920522/000114036109011356/0001140361-09-011356-index.htm,https://www.sec.gov/Archives/edgar/data/920522/000114036109011356/form10q.htm,4.0373391045304725,0.7014695092222497,2.0996420736195223,0.6795438206050072,3.636041805386367,41.776863906602514,41.776863906602514,32.7950341632734,69.85787501716877,1503738403.64,3250342403.6400003,20.43567084746684,14.20242355556815,27.30941655267603,84.3801359991022,1.7484354403940243,1.7484354403940243,30.69865038052872,71.13436201693915,59.029518980803815,182.38832858088773,0.0122335107991323,0.0118511304604989,2.106645210499879,0.5730122409995209,38.22476090429606,0.6363881283613353,0.5513042617433055,2.993205044574907,0.0193976558219119,1.5856164383561644,0.0588690864099585,0.0,0.0,0.6763525416341282,0.3517411384693849,0.0,0.0,22.750958698203508,0.0038437984361256,0.0058179932098111,-73.83650094074551,-107972000.0,1095596000.0,-1877348000.0,2794369000.0,46889000.0,60362000.0,0.0,39.22109200124671,172.28833363293185,0.0,2.2946836869595373,0.5223801176912483,0.0,0.021389503841646,1.4200982530145152,2009-04-29,0.39,bmo,26790196.0,2025-04-25,2009-03-31,2.923076923076924,61.93950819672131,1307261.9180327868
2008-12-31,ESS,USD,920522,2009-02-27,2009-02-27 17:34:11,2008,Q4,106032000.0,34432000.0,71600000.0,0.6752678437,0,26984000.0,-19600000.0,7384000.0,50788000.0,58172000.0,92604000.0,-3231000.0,20368000.0,28296000.0,124790000.0,1.1769088577,13428000.0,0.126641014,12670000.0,63517000.0,0.59903614,-1837000.0,20655000.0,0.1947996831,0.83,0.83,24752000,24752000,https://www.sec.gov/Archives/edgar/data/920522/000114036109005392/0001140361-09-005392-index.htm,https://www.sec.gov/Archives/edgar/data/920522/000114036109005392/form10k.htm,4.283775048480931,0.834478021978022,1.5430268261150617,-0.9039269553975436,3.5237152553329025,43.62229314802844,43.62229314802844,34.13534259857789,71.95438752424046,1899716000.0,3618454000.0,22.99341563786008,17.916440319903426,49.73989998167203,-84.9073031196925,2.2484028035856736,2.2484028035856736,34.12605628489513,28.99634586104656,94.74128767051552,-161.725842495754,0.0108726778107885,-0.0117775499074598,2.0838081328602303,0.5563176834849848,13.77304271175575,0.7828089229622531,0.6592694422623724,1.8490922294843863,0.0151880596889219,1.3969014766400387,0.2544892108042855,0.0,0.0,1.5858141544262037,0.5712143503847895,0.0,0.0,25.316335563269742,0.0045159948055659,0.0065264313359704,-79.27186691984487,-48954000.0,1079739000.0,-1908642000.0,2863081000.0,47193000.0,70838000.0,-22978000.0,40.43430285196922,148.5397304832714,0.0,2.2258328610113987,0.6058985007390723,0.0,0.0244461592722607,2.446953781512605,2009-02-04,0.45,bmo,67435714.0,2025-04-25,2008-12-31,0.5555555555555555,85.0453125,1111079.359375
2008-09-30,ESS,USD,920522,2008-11-03,2008-10-31 19:41:12,2008,Q3,104218000.0,34349000.0,69869000.0,0.670412021,0,6524000.0,0.0,6524000.0,48037000.0,69511000.0,69511000.0,2847000.0,19399000.0,27952000.0,62721000.0,0.6018250206,15308000.0,0.1468844154,-622000.0,14686000.0,0.1409161565,22802000.0,14686000.0,0.1409161565,0.5,0.49,24752000,27910297,https://www.sec.gov/Archives/edgar/data/920522/000114036108024155/0001140361-08-024155-index.htm,https://www.sec.gov/Archives/edgar/data/920522/000114036108024155/form10-q.htm,4.210488041370394,0.5933257918552036,2.153967356173238,-3.4955963154492564,4.224709114414996,46.45002424046542,46.45002424046542,35.140635100193926,70.68216709760827,2928904160.0,4613074160.0,49.85877979027645,28.10363046690591,54.93583719403544,-33.85116281220022,3.36732673335625,3.36732673335625,44.26369878523863,73.54911688270276,86.5248834286786,-53.31616055846423,0.0050141620202417,-0.0295410826962668,1.989105554029025,0.5476250314149284,26.85177213373511,0.6495740812473609,0.789112840868086,3.630328203731445,0.0094154668413595,1.877774751463979,0.0625995509412961,0.0,0.0,2.622864109537653,1.341783569057169,-5.002790497996566,0.0,21.659213185389252,-0.0027958971987697,0.0046484598297231,-76.47629484486102,-100417000.0,1149731000.0,-1823455000.0,2806406000.0,45680000.0,78140500.0,-22978000.0,40.371241052409374,222.31564237677952,-120.41223907537338,2.2293097178549277,0.4048298133132189,-0.747432326573244,0.0168843218161395,5.649563671622495,2008-10-29,0.51,bmo,106995918.0,2025-04-25,2008-09-30,-0.0392156862745098,116.34,503851.734375
2008-06-30,ESS,USD,920522,2008-08-06,2008-08-06 16:22:13,2008,Q2,104793000.0,34550000.0,70243000.0,0.6703024057,0,6512000.0,0.0,6512000.0,49179000.0,55691000.0,90241000.0,2433000.0,19781000.0,28683000.0,43235000.0,0.4125752674,14552000.0,0.1388642371,-2553000.0,11999000.0,0.1145019228,2913000.0,11999000.0,0.1145019228,0.35,0.35,24768626,25153826,https://www.sec.gov/Archives/edgar/data/920522/000114036108018433/0001140361-08-018433-index.htm,https://www.sec.gov/Archives/edgar/data/920522/000114036108018433/form10q.htm,4.230876593639066,0.4844435052634732,1.7157996571953569,-1.0169720355097611,0.9487001822386112,41.73881102649779,41.73881102649779,30.39409614404933,72.06709811032715,2637858669.0,4382085669.0,54.959968934911245,25.172088488734936,62.07018374982352,-104.7226435745762,3.5039699649318563,3.5039699649318563,41.81658764421287,101.3550519023939,103.11275045884511,-173.96822696415103,0.0045487653076382,-0.0095490331972747,2.344812837065965,0.5761339517590112,40.34293974788944,0.4114621735861178,0.7356554269248269,3.5417951495958,0.0104588620778757,2.2992749395782983,0.0621415552565534,0.0,0.0,1.5927102451880089,0.6459114635519548,-2.3598298643795976,0.0,18.20151108274011,0.0037417337563743,0.0039162390266812,-79.66286664427813,-161237000.0,1033813000.0,-1917371000.0,2723401000.0,46423000.0,79074500.0,0.0,38.31353239243079,186.07727930535452,0.0,2.3490394745690524,0.4836700124592275,0.0,0.0159387370154884,2.732771692705118,2008-07-30,0.37,bmo,98536842.0,2025-04-25,2008-06-30,0.027027027027027,116.85125,311962.453125
2008-03-31,ESS,USD,920522,2008-05-08,2008-05-08 13:21:58,2008,Q1,102704000.0,32981000.0,69723000.0,0.6788732669,0,6625000.0,0.0,6625000.0,48639000.0,55264000.0,88245000.0,2768000.0,20183000.0,27734000.0,42193000.0,0.4108213896,14459000.0,0.1407832217,3555000.0,18014000.0,0.1753972581,3075000.0,18014000.0,0.1753972581,0.6,0.59,24747925,24877626,https://www.sec.gov/Archives/edgar/data/920522/000114036108011550/0001140361-08-011550-index.htm,https://www.sec.gov/Archives/edgar/data/920522/000114036108011550/form10-q.htm,4.150004495326376,0.7278994097484941,1.908644866185751,0.6439731815899716,0.5819477794602982,41.87583403457057,41.87583403457057,30.62782031220799,68.92157625336266,2820768491.5,4495894491.5,39.14689257660708,27.46503049053591,59.71776207261565,176.99494832779067,3.7214532029420497,3.7214532029420497,43.77526183498208,106.55545923494418,95.18142249391342,282.1041909706971,0.006386202928132,0.0056498787646075,2.223665688182328,0.5615888042286015,39.70151446922476,0.3831160994448467,0.7163949858792052,2.622127234373265,0.0090298087477768,1.4139558121461089,0.0645057641377161,0.0,0.0,0.662601884196041,0.3047398348652438,-3.1474255832662914,0.0,22.396749258779288,0.0041812930807534,0.0060021137676108,-77.3542731360306,-173791000.0,1036340000.0,-1857003000.0,2655852000.0,49385500.0,68415000.0,0.0,42.26855818663344,236.63442588156812,0.0,2.129242251477143,0.380333502467826,0.0,0.023765955341535,1.2646716845957793,2008-04-30,0.6,bmo,94761904.0,2025-04-25,2008-03-31,0.05,103.057868852459,417459.0655737705
2007-12-31,ESS,USD,920522,2008-02-29,2008-02-28 20:17:35,2007,Q4,96013000.0,0.0,96013000.0,1.0,0,7754000.0,0.0,7754000.0,61554000.0,69308000.0,69308000.0,0.0,0.0,27934000.0,54639000.0,0.5690791872,4702000.0,0.048972535,-1303000.0,3399000.0,0.0354014561,400000.0,53597000.0,0.5582264902,2.13,2.13,25081460,25165276,https://www.sec.gov/Archives/edgar/data/920522/000092052208000009/0000920522-08-000009-index.htm,https://www.sec.gov/Archives/edgar/data/920522/000092052208000009/body_10-k.htm,3.828046692656648,2.1369170694209987,1.30490808748773,-1.694757801180633,0.4773645553329033,42.75181747792991,42.75181747792991,31.51004766070237,63.89217374108206,2445191535.4,4037744535.4,11.405449630576337,25.4672964640205,74.71024276329861,-57.52444386571624,3.0939337524895043,3.0939337524895043,42.05414407840605,73.89858041691832,123.36901632802712,-94.99010834450796,0.0219193462859882,-0.0173839142597254,2.0276762012253298,0.5376964174688448,29.14681820677538,0.0499185239038331,0.0,0.6106498498050263,0.0105345530716415,0.480605257756964,0.080759897097268,0.0,0.0,2.298756454520456,0.7836022205326362,-24.49886030608922,0.0,38.92329727617564,0.0014059939697559,0.0179836212383691,-74.08540013220922,-189489000.0,1072278000.0,-1898089000.0,2619728000.0,25268000.0,38361000.0,0.0,47.3710851655505,0.0,0.0,1.8998931454804493,0.0,0.0,0.0678170053067246,2.999665888668363,2008-02-06,0.3,bmo,14792079.0,2025-04-25,2007-12-31,5.733333333333333,109.246875,295060.9375
2007-09-30,ESS,USD,920522,2007-11-07,2007-11-06 20:06:20,2007,Q3,101255000.0,33705000.0,67550000.0,0.6671275493,0,6415000.0,0.0,6415000.0,60025000.0,66440000.0,66440000.0,2407000.0,19459000.0,25612000.0,40192000.0,0.3969384228,14580000.0,0.1439928892,-2142000.0,12260000.0,0.1210804405,22507000.0,12308000.0,0.1215544911,0.4,0.39,25165276,25555928,https://www.sec.gov/Archives/edgar/data/920522/000092052207000070/0000920522-07-000070-index.htm,https://www.sec.gov/Archives/edgar/data/920522/000092052207000070/body_10-q.htm,4.023599820641745,0.4890866287339745,2.3244728172264035,-13.807597421144914,0.639055180638591,42.93300816569626,42.93300816569626,32.75906848786399,63.09813570095555,3000959163.0,4559143163.0,60.9554591119597,29.637639257320625,51.301955056756015,-8.636549601118938,3.640213397526174,3.640213397526174,45.0263509258802,113.4340954169984,77.93940035216083,-13.120893663374314,0.0041013553772241,-0.1157869804708168,1.9025231959106783,0.5308769970213918,38.76851114649681,0.0828204903722853,0.7492676910427052,4.752681182970425,0.0085642618256448,2.0881540461488464,0.0633548960545158,0.0,0.0,6.940098468271335,4.009362500617254,-20.40245250778973,0.0,18.98671912842981,-0.0042875676800625,0.0041659897102626,-73.82780145149212,-178097000.0,1080421000.0,-1857897000.0,2603830000.0,0.0,18144000.0,0.0,0.0,71.04939919893191,0.0,0.0,1.2667242934455802,0.0,0.0149298087921872,16.132070238371316,2007-10-31,0.38,bmo,93830769.0,2025-04-25,2007-09-30,0.0263157894736842,114.30619047619048,261155.5555555556
2007-06-30,ESS,USD,920522,2007-08-07,2007-08-07 17:22:14,2007,Q2,98061000.0,32075000.0,65986000.0,0.6729076799,0,6008000.0,0.0,6008000.0,78410000.0,84418000.0,84418000.0,2865000.0,20491000.0,25166000.0,38809000.0,0.3957638613,13643000.0,0.1391276858,-968000.0,11902000.0,0.1213734308,1456000.0,12187000.0,0.124279785,0.4,0.39,24493816,25104021,https://www.sec.gov/Archives/edgar/data/920522/000092052207000051/0000920522-07-000051-index.htm,https://www.sec.gov/Archives/edgar/data/920522/000092052207000051/body_10-q.htm,4.003500312078772,0.4975541581597575,1.621674630037231,1.1480857045713089,0.6696384099562109,44.845564284470825,44.845564284470825,34.558682077141434,51.42575579076776,2848630800.8,4075165800.8,58.435849692295065,29.049579351628065,71.71598904357896,101.29905767220224,3.3652903701708494,3.3652903701708494,41.557457101192114,105.0056894225566,102.59474335490044,144.9153942178443,0.0042781956849506,0.0098717601424876,1.463863036549262,0.4435772648761847,31.604395887551856,1.6944214876033057,0.6658044995363819,3.259292688930828,0.0085858792206878,2.0068925904652497,0.0612679862534544,0.0,0.0,0.2920369577805191,0.1182937151364966,-23.34004024144869,0.0,19.66935075898702,0.0044384960604364,0.0043626665712061,-68.53297175091052,6722000.0,1098439000.0,-1678634000.0,2627914000.0,0.0,14331000.0,0.0,0.0,27.16134060795012,0.0,0.0,3.31353305785124,0.0,0.0143973707402708,0.4735889254659217,2007-08-01,0.39,bmo,92400000.0,2025-04-25,2007-06-30,0.0,124.72396825396824,317676.2698412698
2007-03-31,ESS,USD,920522,2007-05-08,2007-05-08 16:04:33,2007,Q1,93194000.0,30832000.0,62362000.0,0.6691632509,0,6096000.0,0.0,6096000.0,71452000.0,77548000.0,77548000.0,2182000.0,18266000.0,21677000.0,37323000.0,0.4004871558,15646000.0,0.1678863446,-414000.0,14503000.0,0.1556216065,-21900000.0,37546000.0,0.4028800137,1.51,1.46,23432419,24214984,https://www.sec.gov/Archives/edgar/data/920522/000092052207000030/0000920522-07-000030-index.htm,https://www.sec.gov/Archives/edgar/data/920522/000092052207000030/form10q.htm,3.977139534761648,1.6023100303899482,2.557610462667128,-0.169466071770055,0.8885979718952619,36.7871110532805,36.7871110532805,26.960596769799995,54.15774615501712,3034029612.12,4269772612.12,20.20208285915943,32.55606167907805,50.62537938829654,-764.0467419088391,4.80256431656726,4.80256431656726,45.81596038500332,114.4005736977199,71.24480839832474,-1075.2386331201208,0.0123749616187051,-0.0013088204492589,1.979860768149527,0.4854892480818653,33.1094231439059,1.0969339374143925,0.8565641081791306,1.5962019922228732,0.0071591259074174,0.5785170191232089,0.0654119363907547,0.0,0.0,1.0662595317948975,0.6856879198231646,0.0,0.0,31.17663835574421,0.0158163188048108,0.0145734379627462,-72.27158237482865,1840000.0,862011000.0,-1693498000.0,2418782000.0,9097500.0,16342500.0,0.0,0.0,55.409314997405296,0.0,0.0,1.6242756295437784,0.0,0.0594315490888829,2.727076534437183,2007-05-02,0.51,bmo,31682876.0,2025-04-25,2007-03-31,1.8627450980392155,136.11983606557376,249829.8524590164
2006-12-31,ESS,USD,920522,2007-03-01,2007-03-01 17:23:25,2006,Q4,82959000.0,0.0,82959000.0,1.0,0,7045000.0,0.0,7045000.0,119846000.0,126891000.0,126891000.0,0.0,0.0,18715000.0,-25217000.0,-0.3039694307,13080000.0,0.1576682458,-3302000.0,9778000.0,0.1178654516,200000.0,17437000.0,0.2101881652,0.75,0.75,23142385,23142385,https://www.sec.gov/Archives/edgar/data/920522/000092052207000015/0000920522-07-000015-index.htm,https://www.sec.gov/Archives/edgar/data/920522/000092052207000015/form10k.htm,3.58472128088786,0.7534659889203296,0.9693901471261496,-11.761363403123749,0.4175023447237612,36.65693920483995,36.65693920483995,26.45401500320732,49.85242445841256,2991153261.25,4135195261.25,42.885147405660376,36.05580179667064,133.331249944281,-10.989372198606835,4.885836799606017,4.885836799606017,49.84625250123555,-163.984425635484,184.32714902603192,-15.192534741867693,0.0058295240922269,-0.0909970089216537,1.8844936941469337,0.4641103208573359,-45.36788674307015,2.0327641564506718,0.0,0.6065046365135581,0.007317244583734,1.255204450306819,0.0849214672308007,0.0,0.0,13.132744940714986,3.551392856712352,0.0,0.0,21.17721683659963,0.0052867939816788,0.007014530299617,-69.75092454818291,14153000.0,848329000.0,-1609654000.0,2363033000.0,9097500.0,19191000.0,0.0,19.73926879542907,0.0,0.0,4.559439406430338,0.0,0.0,0.0284821033339921,12.7307535502499,2007-02-07,0.3,bmo,69296689.0,2025-04-25,2006-12-31,1.1,128.52333333333334,150574.60317460317
2006-08-04,ESS,USD,920522,2006-08-07,2006-08-07 17:20:55,2006,Q3,91542000.0,30842000.0,60700000.0,0.6630836119,0,5289000.0,0.0,5289000.0,52286000.0,57575000.0,57575000.0,0.0,0.0,20666000.0,41688000.0,0.4553975224,15442000.0,0.168687597,-3452000.0,11563000.0,0.1263136047,150000.0,12477000.0,0.1362980927,0.46,0.45,23142385,23677569,https://www.sec.gov/Archives/edgar/data/920522/000092052206000064/0000920522-06-000064-index.htm,https://www.sec.gov/Archives/edgar/data/920522/000092052206000064/form_10-q.htm,3.955599217626014,0.5391406287640621,2.9490478185372857,-6.762829328092156,1.3024586705302843,41.75710498291338,41.75710498291338,31.9153795082054,50.87332182918917,2811799777.5,3958987777.5,56.33966052536668,30.71595308710756,41.19973885681632,-17.965853358933728,3.806942040866615,3.806942040866615,43.24777454610998,94.96708351324122,58.00884681602391,-25.295753427939783,0.0044373714301568,-0.0556611467332687,1.5940064825520783,0.478688671228588,27.518422567645366,1.2213622918270597,0.0,-1.5691359727778544,0.0070545563587875,1.5898052416446262,0.0577767582093465,0.0,0.0,3.293224709881608,2.455222739289069,-288.88946015424165,0.0,19.67624837066747,0.0064343791060395,0.0050730029396338,-63.21686377614062,5463000.0,966359000.0,-1462989000.0,2314982000.0,0.0,31123000.0,0.0,0.0,72.01575773296155,0.0,0.0,1.2497264881072978,0.0,0.0168928158484046,9.711877146629442,2006-11-01,0.3,bmo,176743333.0,2025-04-25,2006-08-04,0.5000000000000001,119.5909523809524,192365.07936507935
2006-06-30,ESS,USD,920522,2006-06-30,2006-06-29 20:00:00,2006,Q2,87486000.0,29469000.0,58017000.0,0.6631575338,0,5002000.0,0.0,5002000.0,51441000.0,56443000.0,56443000.0,0.0,0.0,20675000.0,30944000.0,0.3537023067,31043000.0,0.3548339163,-4281000.0,7066000.0,0.0807672085,138000.0,22512000.0,0.2573211714,0.96,0.95,22950172,23226466,,,3.811997574571554,0.980907681214764,1.1298825995726742,0.5865751245785871,0.3931125222068052,36.18604688452879,36.18604688452879,26.177668733811668,52.11268133415297,2562616205.52,3749589205.52,28.45833561567164,29.29172902544407,98.82442657514171,190.35924866438864,4.265467682986508,4.265467682986508,42.85930555197403,121.17338435625646,144.59871217924493,278.53136276333385,0.0087847723554967,0.0052532251887747,1.9907304146928504,0.5136897163699338,38.35874482936919,0.2401575851145952,0.0,0.4400230778367922,0.0076944803351849,0.8758884150675196,0.0571748622636764,0.0,0.0,0.4808530330492461,0.1425256612486569,-22.14742451154529,0.0,24.03647681314916,0.0138189897744103,0.0096690896658597,-64.86862059247312,-28545000.0,830476000.0,-1488746000.0,2166031000.0,8268500.0,39931000.0,0.0,0.0,114.7317520105874,0.0,0.0,0.7844384699337185,0.0,0.0374711625847645,0.5433074749940872,2006-08-02,0.29,bmo,111620068.0,2025-04-25,2006-06-30,2.275862068965517,106.27174603174603,155715.87301587302
2006-03-31,ESS,USD,920522,2006-03-31,2006-03-30 19:00:00,2006,Q1,86087000.0,0.0,86087000.0,1.0,0,4899000.0,0.0,4899000.0,51768000.0,56667000.0,56667000.0,0.0,0.0,20091000.0,29250000.0,0.3397725557,29420000.0,0.3417473021,-2855000.0,7574000.0,0.0879807636,37000.0,10322000.0,0.1199019596,0.43,0.43,22871800,23095493,,,3.763892653835728,0.451298105090111,1.8941228936944183,1.5497249888508993,0.4113799526053918,35.340462928147325,35.340462928147325,25.240689407917177,51.70533145620371,2486850814.0,3660035814.0,60.23180619066073,28.88764638098668,57.40387826046812,70.16083549160672,4.307727029274208,4.307727029274208,42.51554606386562,125.12942953846154,84.48446087438253,103.25958002539146,0.0041506309674433,0.0142529659601848,2.048491252381777,0.5148943951723507,40.10888888888889,0.613453126847145,0.0,4.197054834334431,0.0076421954598198,1.8412129432280568,0.0569075470163904,0.0,0.0,0.1818244771709524,0.0915004588381521,0.0,0.0,16.009347090734956,0.0132930553016042,0.0044941374190711,-64.12517816700041,-16349000.0,808300000.0,-1462524000.0,2173379000.0,12121000.0,37638500.0,0.0,17.288673086528743,0.0,0.0,5.205720505533047,0.0,0.0,0.017879785206998,0.3443979048435191,2006-05-03,0.35,bmo,70070813.0,2025-04-25,2006-03-31,0.2285714285714286,101.15725806451611,157622.5806451613
2005-12-31,ESS,USD,920522,2005-12-31,2005-12-30 19:00:00,2005,Q4,83332000.0,0.0,83332000.0,1.0,0,5574000.0,0.0,5574000.0,51076000.0,56650000.0,56650000.0,0.0,0.0,20033000.0,46715000.0,0.5605889694,26682000.0,0.320189123,-21317000.0,5365000.0,0.0643810301,152000.0,5213000.0,0.0625570009,0.23,0.23,22933294,23106569,,,3.633669022862568,0.2273114363771728,0.7830100638835398,-8.509462269135868,0.6251609559446628,35.502139378669284,35.502139378669284,25.332906820973907,49.269764735933705,2114449706.8,3230030706.8,101.4027290811433,25.3738024624394,117.75072154591524,-10.834997216500128,3.6395349594727415,3.6395349594727415,38.76098865741852,69.14333098148347,179.8758538063151,-16.551528090187038,0.0024654168804465,-0.0922935170188272,1.9448918785404337,0.5045876148243417,23.88057369153377,0.6683039233521315,0.0,0.5362379430823901,0.0090950377954858,3.6890466142336464,0.0668890702251236,0.0,0.0,11.867628222977112,2.557324917198675,0.0,0.0,11.382677072394031,0.0120389966150769,0.0023279700262136,-61.26434562780209,-10940000.0,814181000.0,-1403067000.0,2126278000.0,3852500.0,39003000.0,0.0,8.321533144530312,0.0,0.0,10.815314730694354,0.0,0.0,0.0089729709260594,9.292472333019408,2006-02-08,0.18,bmo,9786600.0,2025-04-25,2005-12-31,0.1111111111111112,89.60746031746032,154774.60317460317
2005-09-30,ESS,USD,920522,2005-11-08,2005-11-08 17:30:57,2005,Q3,81820000.0,26658000.0,55162000.0,0.6741872403,0,4560000.0,0.0,4560000.0,48832000.0,53392000.0,53392000.0,0.0,0.0,20323000.0,48751000.0,0.5958323148,28428000.0,0.3474456123,-38000.0,9932000.0,0.1213884136,1185000.0,8747000.0,0.1069054021,0.36,0.35,23106569,23411959,https://www.sec.gov/Archives/edgar/data/920522/000105305905000018/0001053059-05-000018-index.htm,https://www.sec.gov/Archives/edgar/data/920522/000105305905000018/body_10q.htm,3.540984384137688,0.3785503594237638,1.732104839969967,1.4071323180866877,0.838073363466467,36.770798814830535,36.770798814830535,26.76598157000289,56.8772888783272,2079591210.0,3374465210.0,59.43727020692809,25.41666108530921,51.95990330559928,63.959869902195976,3.3624770967063884,3.3624770967063884,41.2425471767294,69.21837931529609,84.31315018864153,103.78499138832504,0.0042061151047084,0.0156348035342965,2.124984235290313,0.5850618232001158,26.56097310824393,0.4301039445628998,0.0,-2.049623598094945,0.0092301794255035,2.194466674288328,0.0557320948423368,0.0,0.0,0.1876171201559103,0.0917746272305059,-16.649667405764966,0.0,15.09887806203576,0.0116685726730497,0.0038939156177311,-59.60698881776866,-25659000.0,849647000.0,-1377313000.0,2117974000.0,0.0,41591000.0,0.0,0.0,152.00540175557057,0.0,0.0,0.5920842217484008,0.0,0.014142965705693,0.3249725218832792,2005-11-08,,amc,,2025-04-25,2005-09-30,,88.43046875,116612.5
2005-06-30,ESS,USD,920522,2005-08-05,2005-08-05 17:14:23,2005,Q2,78896000.0,30874000.0,48022000.0,0.608674711,0,4573000.0,0.0,4573000.0,47704000.0,52277000.0,52277000.0,0.0,0.0,20043000.0,46662000.0,0.5914368282,26619000.0,0.3373935307,25233000.0,37778000.0,0.4788328939,-12545000.0,38878000.0,0.4927752991,1.66,1.64,23069620,23372873,https://www.sec.gov/Archives/edgar/data/920522/000105305905000005/0001053059-05-000005-index.htm,https://www.sec.gov/Archives/edgar/data/920522/000105305905000005/body_10q.htm,3.419908953853596,1.6852466577256149,1.2200894509749185,1.428718808545611,1.433747066488308,37.18297050406552,37.18297050406552,27.079509762189407,56.9230875931203,1916162637.2,3196280637.2,12.321638440763412,24.28719627357534,68.07697577716986,58.13600234223301,3.0672637994346217,3.0672637994346217,40.51258159095518,68.49857779777977,113.55670718726684,96.97453389563108,0.0202895094838142,0.0172010451305756,2.102072308288273,0.5845885514139344,27.43384338433843,0.8668169191257403,0.0,0.7239640937266905,0.0101071796433209,0.4981480528833787,0.0579623808558101,0.0,0.0,0.1709951326962021,0.0610043601703508,-8.548845470692717,0.0,32.04375445684388,0.0164440086976574,0.0173071409874481,-58.75619104259194,-5082000.0,857797000.0,-1355483000.0,2125556000.0,0.0,25644000.0,0.0,0.0,111.2334002720736,0.0,0.0,0.8091094921117459,0.0,0.0622332779479889,0.2086293575706925,2005-11-01,0.25,bmo,59642857.0,2025-04-25,2005-06-30,0.3999999999999999,78.0928125,181440.625
2005-03-31,ESS,USD,920522,2005-05-06,2005-05-06 16:52:19,2005,Q1,77321000.0,13703000.0,63618000.0,0.8227777706,0,11861000.0,1166000.0,13027000.0,37420000.0,50447000.0,50447000.0,0.0,0.0,19727000.0,44903000.0,0.5807348586,26874000.0,0.3475640512,-8250000.0,26877000.0,0.3476028505,-3000.0,26877000.0,0.3476028505,1.15,1.13,23044075,23330358,https://www.sec.gov/Archives/edgar/data/920522/000101540205002285/0001015402-05-002285-index.htm,https://www.sec.gov/Archives/edgar/data/920522/000101540205002285/body.htm,3.355352731667468,1.1663301738082348,1.669930340011478,0.8087979231103873,0.5431764998161133,36.389961410904974,36.389961410904974,26.31630907293957,57.19279250740158,1592345582.4999998,2897783582.5,14.811414801689176,20.593960017330343,41.378971532144895,85.43543204742997,2.625748155202124,2.625748155202124,37.477316414686825,64.53429798677149,75.3023123148485,155.4771747236828,0.0168788737164722,0.0117047456311199,2.1732832043005432,0.5907494796027589,29.072400507761177,0.9533130236100532,0.0,1.431781820887748,0.0115992408953098,0.6872046731406035,0.1533994645697805,0.0,0.0,0.5156696637388909,0.2566443786293503,0.0,0.0,26.279343029045435,0.0124295440258187,0.0120471288953593,-59.88081535058361,-613000.0,838573000.0,-1379898000.0,2095939000.0,0.0,10575500.0,0.0,0.0,86.23659052762169,0.0,0.0,1.0436405178979435,0.0,0.0443196715229167,0.8611324169010907,2005-05-06,,amc,,2025-04-25,2005-03-31,,74.02262295081968,238950.81967213115
2004-12-31,ESS,USD,920522,2005-03-31,2005-03-31 12:16:57,2004,Q4,74412000.0,-207026000.0,281438000.0,3.7821587916,0,11814000.0,919000.0,12733000.0,35796000.0,48529000.0,48529000.0,0.0,0.0,18200000.0,44083000.0,0.5924178896,25883000.0,0.3478336827,53810000.0,79693000.0,1.0709697361,47193000.0,32513000.0,0.4369322152,1.42,1.42,22940419,22940419,https://www.sec.gov/Archives/edgar/data/920522/000110465905014152/0001104659-05-014152-index.htm,https://www.sec.gov/Archives/edgar/data/920522/000110465905014152/a05-5625_110k.htm,3.243707100554702,1.4172801290159522,1.4764769553686008,-6.150846678083779,0.4639845505873279,36.24201458569697,36.24201458569697,25.774463840438138,57.40889039559391,1922407112.2,3228747112.2,14.781834283209792,25.834638394345,56.75672735378347,-13.624140607924708,3.2512800467462792,3.2512800467462792,43.39014019512982,73.24245428396434,95.32482395559624,-22.88220032316818,0.0169126507042476,-0.0733991250367992,2.227355368126952,0.593980652322258,29.633645623029285,1.3270165814736317,0.0,1.0548427281220802,0.0092410186621031,0.5463968258850306,0.1587647153684889,0.0,0.0,5.165894127719878,2.3514218136859646,0.0,0.0,28.66909132383857,0.0047779714370281,0.0146638781860323,-59.94511259798698,2623000.0,831407000.0,-1375166000.0,2091340000.0,0.0,8954500.0,0.0,0.0,-3.486953329533488,0.0,0.0,-25.810497444208952,0.0,0.0549877637723097,7.627323633452379,2005-05-04,0.34,bmo,25545132.0,2025-04-25,2004-12-31,2.323529411764705,79.99859375,151185.9375
2004-09-30,ESS,USD,920522,2004-11-09,2004-11-09 16:49:19,2004,Q3,72432000.0,20459000.0,51973000.0,0.7175419704,0,14600000.0,1444000.0,16044000.0,35634000.0,51678000.0,51678000.0,0.0,0.0,18273000.0,53247000.0,0.7351308814,20754000.0,0.2865308151,-1793000.0,35030000.0,0.4836260216,-14276000.0,35030000.0,0.4836260216,1.51,1.49,22940419,23205958,https://www.sec.gov/Archives/edgar/data/920522/000092052204000042/0000920522-04-000042-index.htm,https://www.sec.gov/Archives/edgar/data/920522/000092052204000042/form10-q.htm,3.157396558449957,1.5269991363278936,1.2388178263003828,4.670926019267564,0.7072233510643375,35.49481811993059,35.49481811993059,25.215712058267112,55.07501846413529,1648269105.15,2895489105.15,11.763267949971452,22.75608992089132,57.998842505014245,15.382388781928643,2.849413882660655,2.849413882660655,39.97527481154738,54.37844583075102,101.88567877652274,27.02200689808031,0.0212525975828516,0.0650094087580732,2.184154797487808,0.5878876286860931,23.423291453039607,1.6407766990291262,0.0,0.8020489374312082,0.0112602972063296,0.5298315729374822,0.2015683675723437,0.0,0.0,2.770470459903585,1.0870057433178706,-175.35412026726058,0.0,29.43379583122947,0.0141237497599917,0.0162996568370848,-57.48085943853074,6336000.0,814266000.0,-1318635000.0,1979933000.0,5075500.0,15142000.0,0.0,0.0,43.49772716164035,0.0,0.0,2.069073624595469,0.0,0.0605574465951778,3.4321081929671817,2004-11-09,,amc,,2025-04-25,2004-09-30,,70.201875,142085.9375
2004-06-30,ESS,USD,920522,2004-08-09,2004-08-09 16:07:08,2004,Q2,72697000.0,0.0,72697000.0,1.0,0,2536000.0,966000.0,3502000.0,38284000.0,41786000.0,41786000.0,0.0,0.0,17739000.0,48650000.0,0.6692160612,30911000.0,0.4252032408,-25700000.0,0.0,0.0,25198000.0,5713000.0,0.0785864616,0.23,0.23,22907331,23128951,https://www.sec.gov/Archives/edgar/data/920522/000092052204000028/0000920522-04-000028-index.htm,https://www.sec.gov/Archives/edgar/data/920522/000092052204000028/form10q.htm,3.173525540797398,0.2493961430949768,1.0255232266037453,-0.8298216845952067,0.507523115634903,36.87828145496304,36.87828145496304,24.397473455113563,54.73212920352877,1565716073.85,2807857073.85,68.51549421713635,21.537561025214245,66.64890489741188,-82.36709315850386,2.801519596926716,2.801519596926716,38.62411205207918,57.7154588663926,119.5239687489358,-147.71198242148455,0.0036488097014627,-0.0121407708060747,2.2433523415539267,0.5822526684574031,25.53218910585817,1.0677093547754462,0.0,4.121403508771929,0.0115397678428196,3.162611587607212,0.0348845206817337,0.0,0.0,1.8091690788353485,0.5846321031129208,0.0,0.0,11.70061131188309,,0.00265313211697,-56.28249532867884,1381000.0,844783000.0,-1286744000.0,2004560000.0,10797000.0,13689500.0,0.0,12.567093552691308,0.0,0.0,7.16156043739533,0.0,0.0,0.0102222118841041,1.855344911198952,2004-10-27,0.24,bmo,14077852.0,2025-04-25,2004-06-30,5.208333333333334,64.14838709677419,203914.51612903227
2004-03-31,ESS,USD,920522,2004-05-17,2004-05-17 16:08:26,2004,Q1,69806000.0,0.0,69806000.0,1.0,0,9846000.0,840000.0,10686000.0,32790000.0,43476000.0,43476000.0,0.0,0.0,18432000.0,44762000.0,0.6412342779,26330000.0,0.3771882073,0.0,0.0,0.0,19880000.0,6450000.0,0.0923989342,0.26,0.26,22843258,23104929,https://www.sec.gov/Archives/edgar/data/920522/000092052204000024/0000920522-04-000024-index.htm,https://www.sec.gov/Archives/edgar/data/920522/000092052204000024/form10q.htm,3.0558688257165416,0.2823590225177161,1.574031164906512,-2.681710288436089,0.7752396790335249,37.62773243641516,37.62773243641516,24.96115046286305,51.06504509995904,1496233399.0,2645016399.0,57.993542596899225,21.434166103200297,41.612899071086886,-24.4247114546434,2.624077768268344,2.624077768268344,37.89096064808183,59.09066616773156,73.56258757926355,-43.177596744968085,0.0043108247712628,-0.0409421418081845,2.0457809096553103,0.5581846266334131,25.664246459050087,4.174710010024345,0.0,5.574573643410853,0.0122480891097926,2.841240310077519,0.1410480474457783,0.0,0.0,2.703721214818111,1.3926453313468756,0.0,0.0,12.592860518018218,,0.0030864256606864,-52.70547441174985,22169000.0,859540000.0,-1201104000.0,1951403000.0,31737500.0,9094000.0,0.0,14.753316333839498,0.0,0.0,6.100323341781001,0.0,0.0,0.0113119394451712,4.255741453342601,2004-04-28,0.42,bmo,96398761.0,2025-04-25,2004-03-31,-0.3809523809523809,63.47677419354839,128675.80645161292
2003-12-31,ESS,USD,920522,2004-03-15,2004-03-15 12:27:46,2003,Q4,58771000.0,0.0,58771000.0,1.0,0,6905000.0,964000.0,7869000.0,27258000.0,35127000.0,35127000.0,0.0,0.0,13936000.0,37580000.0,0.6394310119,23644000.0,0.4023072604,-23644000.0,-30141000.0,-0.5128549795,64943000.0,7806000.0,0.1328206088,0.37,0.37,21126229,21126229,https://www.sec.gov/Archives/edgar/data/920522/000092052204000006/0000920522-04-000006-index.htm,https://www.sec.gov/Archives/edgar/data/920522/000092052204000006/body10k.htm,2.781897327724697,0.3694932966976738,1.3997765526445822,-2.580678264918931,0.432921559261712,39.45332600531784,39.45332600531784,27.9132163151313,39.39316382493061,1356726426.38,2179809426.38,43.45139720663592,23.084964121420427,45.878751061138914,-24.88493078466617,2.300702265012269,2.300702265012269,37.0898815126508,58.00450841883981,73.71193785946166,-39.98183100476889,0.0057535549158778,-0.0401849620822007,1.411272831485787,0.4814568624592436,21.902155401809477,5.459883980365908,0.0,3.788367922111196,0.0134094830367108,2.330643095055086,0.117489918497218,0.0,0.0,2.843635871770594,1.430841741675316,0.0,0.0,15.233492447516626,0.0442006864826305,0.0045158871757134,-40.08732462381242,49973000.0,833500000.0,-833886000.0,1594097000.0,52762500.0,11735000.0,0.0,79.6801143421075,0.0,0.0,1.1295164514145142,0.0,0.0,0.0132372168268325,3.9804548175635137,2004-02-04,0.4,bmo,74933025.0,2025-04-25,2003-12-31,-0.2750000000000001,63.36046875,123859.375
2003-09-30,ESS,USD,920522,2003-11-14,2003-11-14 15:30:36,2003,Q3,58237000.0,0.0,58237000.0,1.0,0,6055000.0,1016000.0,7071000.0,25774000.0,32845000.0,32845000.0,0.0,0.0,12308000.0,37700000.0,0.6473547745,25392000.0,0.4360114704,0.0,0.0,0.0,16132000.0,9260000.0,0.1590054433,0.41,0.41,21126229,21377735,https://www.sec.gov/Archives/edgar/data/920522/000092052203000034/0000920522-03-000034-index.htm,https://www.sec.gov/Archives/edgar/data/920522/000092052203000034/form10q.htm,2.7566206917476848,0.4383176950320854,1.1193668306823712,0.181669904269238,0.4922790527358195,36.44431762999445,36.44431762999445,23.96300825859646,46.86098972040869,1324825820.59,2304421820.59,35.76743576106912,22.748867911980355,56.0227427516069,345.18650875195414,2.6169502310922708,2.6169502310922708,39.56972063447637,61.12524723050398,97.44679552562586,600.4225692001042,0.0069895980709948,0.0028969846000516,1.955555379971872,0.5967134817407951,25.98397877984085,0.3651758923213214,0.0,2.55377969762419,0.0129760454037226,1.8564794816414687,0.103971701839037,0.0,0.0,0.8377029769959404,0.3401617528375431,0.0,0.0,15.3729222102928,,0.0055814031985177,-39.69616394861572,-111072000.0,769931000.0,-825257000.0,1362181000.0,56202000.0,22799500.0,0.0,82.66857839517833,0.0,0.0,1.0886845007758024,0.0,0.0,0.018291430287132,0.9376969264131332,2003-10-29,0.5,bmo,66390180.0,2025-04-25,2003-09-30,-0.14,61.4975,128510.9375
2003-06-30,ESS,USD,920522,2003-08-13,2003-08-13 15:22:54,2003,Q2,58447000.0,0.0,58447000.0,1.0,0,6280000.0,1002000.0,7282000.0,24238000.0,31520000.0,31520000.0,0.0,0.0,11556000.0,38483000.0,0.6584255822,26927000.0,0.4607079919,0.0,0.0,0.0,16277000.0,10650000.0,0.182216367,0.47,0.46,21036074,23558314,https://www.sec.gov/Archives/edgar/data/920522/000092052203000022/0000920522-03-000022-index.htm,https://www.sec.gov/Archives/edgar/data/920522/000092052203000022/form10q.htm,2.778417683832069,0.5062731762590301,0.9708085263438416,0.6543521381413661,0.4208960284129063,35.575269415766456,35.575269415766456,23.016414564809004,47.19093496248397,1204315236.5,2188173236.5,28.27031071596244,20.60525324653105,58.97146393595143,87.49111779876499,2.487355267207105,2.487355267207105,37.43858943145072,56.86077583608346,107.14784235138576,158.96645379585905,0.0088431995853105,0.0114297316705915,2.05031651778799,0.6059698941534104,25.56604214848115,0.3416711204332086,0.0,1.9175586854460096,0.0146614436692796,1.6579342723004695,0.107447773196229,0.0,0.0,0.3259719909901087,0.1138980614916077,0.0,0.0,16.192076748396428,,0.0065009583572413,-39.78017713761608,-130569000.0,748364000.0,-822091000.0,-41738000.0,57653000.0,34232500.0,0.0,90.71449347271889,0.0,0.0,0.9921237120401962,0.0,0.0,0.0219961790674859,0.3164563882024754,2003-07-30,0.52,bmo,60694961.0,2025-04-25,2003-06-30,-0.0384615384615384,56.71095238095238,92352.38095238096
2003-03-31,ESS,USD,920522,2003-05-15,2003-05-14 21:08:56,2003,Q1,58995000.0,0.0,58995000.0,1.0,0,7823000.0,860000.0,8683000.0,23385000.0,32068000.0,32068000.0,0.0,0.0,11609000.0,38536000.0,0.653207899,26927000.0,0.4564285109,0.0,0.0,0.0,16696000.0,10231000.0,0.1734214764,0.46,0.45,20995908,21208098,https://www.sec.gov/Archives/edgar/data/920522/000092052203000018/0000920522-03-000018-index.htm,https://www.sec.gov/Archives/edgar/data/920522/000092052203000018/form10q.htm,2.8098332303608875,0.4872854272365834,1.4135135284456382,1.0924033387839192,0.493762879890691,35.88013435760911,35.88013435760911,23.270915456478477,38.669249265142525,1097036193.0,1898565193.0,26.80667073111133,18.59540966183575,36.96462676056338,47.8303188437391,2.2452919868029486,2.2452919868029486,32.18179833884228,49.26731349906581,63.97214074398544,82.77664775898151,0.0093260368849106,0.0209072409336635,1.6616986700614416,0.4984216671762023,20.79948619472701,1.9003728900401355,0.0,2.900791711465155,0.0139794840843505,1.4989737073599845,0.1326044580049156,0.0,0.0,0.2271716422939551,0.1142808712602762,0.0,0.0,15.97311818521737,,0.0062807946792196,-39.19500647459496,31631000.0,753336000.0,-808836000.0,112272000.0,55897000.0,26521500.0,0.0,86.03356216628528,0.0,0.0,1.046103377959039,0.0,0.0,0.0209396758863187,0.3211101896617188,2003-04-30,0.49,bmo,60198979.0,2025-04-25,2003-03-31,-0.0204081632653061,50.966065573770486,89216.39344262295
2002-12-31,ESS,USD,920522,2003-03-31,2003-03-31 13:42:55,2002,Q4,50934000.0,0.0,50934000.0,1.0,0,6432000.0,921000.0,7353000.0,19209000.0,26562000.0,26562000.0,0.0,0.0,9813000.0,34185000.0,0.6711626811,24372000.0,0.4785015903,-24372000.0,-43268000.0,-0.8494914988,33818000.0,9605000.0,0.1885773746,0.52,0.52,18345664,18345664,https://www.sec.gov/Archives/edgar/data/920522/000092052203000011/0000920522-03-000011-index.htm,https://www.sec.gov/Archives/edgar/data/920522/000092052203000011/body10k.htm,2.77635085870972,0.5235569560196894,0.9723278481498407,-6.238531349969127,0.4667042850016222,41.09112649179664,41.09112649179664,26.780933085877948,43.82850356356685,932877014.4,1728378014.4,24.281025882352942,18.31540845800448,52.297175378405655,-8.150956875491481,1.898738921341545,1.898738921341545,33.93367916126753,50.55954408073717,96.89303814328962,-15.101599077326345,0.0102961053297874,-0.1226849823002778,1.6365562552664894,0.4964166955808793,23.270469504168496,3.5708463599821347,0.0,1.8571577303487767,0.0150684385862385,1.4635085892764186,0.1262810696195076,0.0,0.0,7.416078035654221,2.5972434915773355,0.0,0.0,17.76176330296933,0.0275662309353827,0.0059299860347439,-44.4671149542475,46049000.0,753844000.0,-801929000.0,1513940000.0,75129000.0,23047000.0,0.0,97.88962186358816,0.0,0.0,0.9194028773082548,0.0,0.0,0.0195496159278994,7.210859198118967,2003-02-06,0.54,bmo,53763666.0,2025-04-25,2002-12-31,-0.0555555555555556,49.094375,91867.1875
2002-09-30,ESS,USD,920522,2002-11-14,2002-11-14 17:19:06,2002,Q3,48795000.0,0.0,48795000.0,1.0,0,4885000.0,658000.0,5543000.0,18053000.0,23596000.0,23596000.0,0.0,0.0,9129000.0,34328000.0,0.7035147044,25199000.0,0.5164258633,0.0,0.0,0.0,14585000.0,10614000.0,0.2175222871,0.58,0.57,18345664,18508907,https://www.sec.gov/Archives/edgar/data/920522/000092052202000004/0000920522-02-000004-index.htm,https://www.sec.gov/Archives/edgar/data/920522/000092052202000004/form10q.htm,2.6597565506486984,0.578556328078395,1.228246630920527,0.5886949635619622,0.1170303784044011,33.90414214497769,33.90414214497769,33.90414214497769,43.81514890930086,907009628.16,1708680628.1599998,21.36352054267948,18.58816739747925,40.25250202636133,83.98237297777777,1.4582289027868436,1.4582289027868436,35.01753516056973,49.775128995572125,75.83014370745128,158.21116927407405,0.0117021911019092,0.0119072605898455,1.2923243632575234,0.5924955681763737,23.35326846888837,0.3190986842105263,0.0,2.122950819672131,0.0158101960054059,1.3510457885811191,0.1001127164668511,0.0,0.0,0.5207029689788311,0.2404549646480172,0.0,0.0,21.00827836082816,,0.0078235968348855,-36.05101183582126,-206994000.0,621994000.0,-637665000.0,-71816000.0,47429500.0,29027500.0,0.0,174.96280356593914,0.0,0.0,0.5143950494945129,0.0,0.0,0.0170644732907391,0.639551667358565,2002-11-14,,amc,,2025-04-25,2002-09-30,,50.845,107687.5
2002-06-30,ESS,USD,920522,2002-08-13,2002-08-13 17:26:43,2002,Q2,50983000.0,13608000.0,37375000.0,0.7330874998,0,4610000.0,732000.0,5342000.0,34783000.0,40125000.0,40125000.0,0.0,0.0,9114000.0,22339000.0,0.4381656631,10858000.0,0.2129729518,-10858000.0,21358000.0,0.418923955,-10500000.0,21358000.0,0.418923955,1.15,1.14,18603394,18793987,https://www.sec.gov/Archives/edgar/data/920522/000102140802010698/0001021408-02-010698-index.htm,https://www.sec.gov/Archives/edgar/data/920522/000102140802010698/d10q.htm,2.740521433884591,1.1480700779653432,1.0002475892302232,0.4734619930105227,0.4657214699640291,34.615941585712804,34.615941585712804,34.615941585712804,35.890171438609535,1016675482.1,1675690482.1,11.90040596146643,19.941460528019142,54.6364725978074,115.42637171889191,1.5787523752511743,1.5787523752511743,32.867631996940155,75.01188424280406,90.05215402515047,190.24642167347864,0.0210076866965296,0.008663531436606,1.03681049234907,0.4886649155074202,29.50064908903711,0.028313725490196,0.0,0.8712018352919144,0.0128202167058042,0.6102631332521772,0.0904222976286213,0.0,0.0,0.5266552020636286,0.1922209363905615,-1.075268817204301,0.0,29.902915442995585,-0.1944904749707777,0.0156316212811957,-38.36369858102237,-297336000.0,643974000.0,-713695000.0,-174056000.0,0.0,31587500.0,0.0,0.0,197.5727513227513,0.0,0.0,0.4555284035751347,0.0,0.0331659352706786,0.5267855962197006,2002-10-30,0.62,bmo,,2025-04-25,2002-06-30,0.8387096774193546,52.79921875,106735.9375
2002-03-31,ESS,USD,920522,2002-05-15,2002-05-14 18:16:42,2002,Q1,49938000.0,6033000.0,43905000.0,0.8791901958,0,5370000.0,628000.0,5998000.0,17678000.0,23676000.0,23676000.0,0.0,0.0,9080000.0,50657000.0,1.0143978533,26262000.0,0.5258921062,-26262000.0,11296000.0,0.2262004886,-15315000.0,11296000.0,0.2262004886,0.61,0.61,18500117,18681096,https://www.sec.gov/Archives/edgar/data/920522/000101287002002293/0001012870-02-002293-index.htm,https://www.sec.gov/Archives/edgar/data/920522/000101287002002293/d10q.htm,2.699334279885905,0.6105907330207695,1.4459908550848624,0.3431870187631786,0.3712408953954183,34.32735047027,34.32735047027,34.32735047027,34.99167059321841,967926121.44,1608408121.44,21.421877687677057,19.382556799231047,36.18280144443199,152.45331885966294,1.524149090542626,1.524149090542626,32.208100473387,31.75095488165505,60.12515873948637,253.3325124334541,0.0116703121754734,0.0065593849151983,1.0193525021257834,0.4829193438533435,12.643504352804154,0.0221548387096774,0.0,2.36818342776204,0.0146416133277982,1.2546033994334278,0.1075333413432656,0.0,0.0,0.7626630780157752,0.4085465977812487,0.0,0.0,21.716333644098807,-0.6135482174263946,0.0084267504567349,-37.7600314635848,-303132000.0,635060000.0,-698565000.0,-194418000.0,42892500.0,23160000.0,0.0,0.0,496.7976131277971,0.0,0.0,0.1811602906732328,0.0,0.0177872956885963,1.102803836321684,2002-05-14,,amc,,2025-04-25,2002-03-31,,48.82216666666667,66605.0
2001-12-31,ESS,USD,920522,2002-03-29,2002-03-29 00:00:00,2001,Q4,52717000.0,0.0,52717000.0,1.0,0,-11872000.0,857000.0,-11015000.0,-21687000.0,-32702000.0,-32702000.0,0.0,0.0,9345000.0,94764000.0,1.7975984976,85419000.0,1.6203312025,0.0,0.0,0.0,74350000.0,11069000.0,0.2099702183,0.6,0.6,18450330,18491144,https://www.sec.gov/Archives/edgar/data/920522/000102140802004494/0001021408-02-004494-index.htm,https://www.sec.gov/Archives/edgar/data/920522/000102140802004494/d10k.txt,2.8572388678142886,0.5999350689120465,0.9484925201879858,-0.308774965000626,0.3490452474291787,34.58360907365884,34.58360907365884,34.58360907365884,34.61509902532909,911630805.3,1543850805.3,20.58972818908664,17.292918893336115,52.09318887428571,-160.01944976303318,1.4287115001433992,1.4287115001433992,29.28563471555665,16.29153270545777,88.22004601714285,-270.9936467087941,0.0121419767033403,-0.006249240335977,1.0009105455594056,0.4803912571890198,6.671520830695201,0.298462783171521,0.0,1.5809919595266058,0.0142140874624522,1.170656789231186,-0.2252024963484265,0.0,0.0,1.3255428571428571,0.4400288332037104,0.0,0.0,21.60620738558107,,0.0083259493718492,-33.63626829438823,-216775000.0,638079000.0,-599154000.0,895412000.0,110517500.0,23491000.0,0.0,146.45465409640153,0.0,0.0,0.6145246838025296,0.0,0.0,0.0173473817505355,1.257267485188612,2002-03-29,,amc,,2025-04-25,2001-12-31,,48.37171875,114207.8125
2001-09-30,ESS,USD,920522,2001-11-09,2001-11-09 00:00:00,2001,Q3,51763000.0,0.0,51763000.0,1.0,0,5527000.0,655000.0,6182000.0,38135000.0,44317000.0,44317000.0,0.0,0.0,9197000.0,16643000.0,0.3215230956,7446000.0,0.1438479223,0.0,0.0,0.0,-7453000.0,14899000.0,0.2878310763,0.81,0.79,18491144,21093631,https://www.sec.gov/Archives/edgar/data/920522/000101287001502683/0001012870-01-502683-index.htm,https://www.sec.gov/Archives/edgar/data/920522/000101287001502683/d10q.txt,2.799340051648508,0.8057370598595739,1.6800474865157071,0.55718564519318,0.6674005675365462,34.83159289657795,34.83159289657795,34.83159289657795,36.39066355223884,906990613.2,1567554613.1999998,15.218984717095106,17.52198700229894,29.19560333483551,88.03170078617877,1.408204331786932,1.408204331786932,30.283303000212506,94.18702236375653,50.45884932723877,152.1454540619237,0.0164268513732838,0.0113595442445092,1.0447602456852918,0.4897419867117807,39.690200084119446,0.4791915584415584,0.0,2.084826521709952,0.0142537307573537,0.8677092422310222,0.1067751096342947,0.0,0.0,0.6683512521727935,0.4011166277070494,0.0,0.0,25.128964724816512,,0.0108435304538067,-33.32105898910311,-160409000.0,644076000.0,-582332000.0,-80609000.0,141268000.0,31502000.0,0.0,235.1583177172884,0.0,0.0,0.382720887245841,0.0,0.0,0.0231323632614784,1.122861841322527,2001-11-09,,amc,,2025-04-25,2001-09-30,,51.02881355932203,53369.49152542373
2001-06-30,ESS,USD,920522,2001-08-13,2001-08-13 00:00:00,2001,Q2,51045000.0,0.0,51045000.0,1.0,0,5476000.0,648000.0,6124000.0,17747000.0,23871000.0,23871000.0,0.0,0.0,8927000.0,68028000.0,1.3327064355,27174000.0,0.5323538055,0.0,0.0,0.0,15647000.0,11527000.0,0.2258203546,0.62,0.61,18462237,18777636,https://www.sec.gov/Archives/edgar/data/920522/000101287001501557/0001012870-01-501557-index.htm,https://www.sec.gov/Archives/edgar/data/920522/000101287001501557/d10q.txt,2.76483288563569,0.624355542613823,1.4856271209171457,0.5923984184581749,0.6860490416193877,34.70478685762728,34.70478685762728,34.70478685762728,35.812669938101216,914803843.35,1563319843.35,19.84045812765681,17.921517158389655,33.35291830793349,83.64303221632989,1.4277569317245382,1.4277569317245382,30.62630704966206,22.980535123037573,56.99722339762286,142.9386343009966,0.0126005154917017,0.0119555684855332,1.0319230625163875,0.4865488968461766,9.533074616334453,0.5193246753246753,0.0,2.379663369772688,0.0140653103870674,1.1162488071484342,0.107277892056029,0.0,0.0,0.6012469009771036,0.3230678812812224,0.0,0.0,22.080145734806564,,0.0084824588902085,-32.23138669490593,-148048000.0,640728000.0,-558242000.0,-85320000.0,120372000.0,27956500.0,0.0,259.6873347046724,0.0,0.0,0.3465706177097619,0.0,0.0,0.0179904733365796,0.8932287024589707,2001-08-13,,amc,,2025-04-25,2001-06-30,,47.273968253968256,84307.93650793651
2001-03-31,ESS,USD,920522,2001-05-14,2001-05-14 00:00:00,2001,Q1,50110000.0,0.0,50110000.0,1.0,0,5497000.0,710000.0,6207000.0,36407000.0,42614000.0,42614000.0,0.0,0.0,8826000.0,16322000.0,0.3257234085,7496000.0,0.1495909,0.0,0.0,0.0,-3553000.0,11049000.0,0.2204949112,0.6,0.59,18427644,18810140,https://www.sec.gov/Archives/edgar/data/920522/000092962401500275/0000929624-01-500275-index.htm,https://www.sec.gov/Archives/edgar/data/920522/000092962401500275/d10q.txt,2.719284136376848,0.5995883141653919,1.2414500735959515,0.4444952376983189,0.6418074931336855,34.751268257624254,34.751268257624254,34.751268257624254,31.68630781015739,885448294.1999999,1457525294.1999998,20.03457992125984,17.670091682298942,38.70473812999956,108.10014579416432,1.3826833496776931,1.3826833496776931,29.08651554979046,89.2982045215047,63.71138235782663,177.94228961054813,0.0124784248525575,0.0092506813256674,0.9118029182490506,0.4565198865080103,35.049442470285506,0.3463322368421053,0.0,2.07050411801973,0.0126873585658097,1.0167435967055842,0.1096986629415286,0.0,0.0,0.6419548017659659,0.2930752344841349,0.0,0.0,21.652256761552824,,0.0086385574101684,-30.21159405944677,-198715000.0,640384000.0,-533364000.0,-148037000.0,97300500.0,21382500.0,0.0,167.8551187387747,0.0,0.0,0.5361766782939931,0.0,0.0,0.0172537102738357,0.7969548358976329,2001-05-14,,amc,,2025-04-25,2001-03-31,,51.031290322580645,65920.96774193548
2000-12-31,ESS,USD,920522,2001-03-30,2001-03-30 00:00:00,2000,Q4,49434000.0,0.0,49434000.0,1.0,0,4967000.0,542000.0,5509000.0,17047000.0,22556000.0,22556000.0,0.0,0.0,8459000.0,35337000.0,0.7148318971,26878000.0,0.5437148521,0.0,0.0,0.0,15797000.0,11081000.0,0.2241574625,0.6,0.6,18328001,18328001,https://www.sec.gov/Archives/edgar/data/920522/000101287001001399/0001012870-01-001399-index.htm,https://www.sec.gov/Archives/edgar/data/920522/000101287001001399/0001012870-01-001399-0001.txt,2.6971844883683715,0.6045940307401773,1.345645932690641,0.5260257242456502,0.360104738099916,34.36299463318449,34.36299463318449,34.36299463318449,32.493178061262654,1003458054.75,1592393054.75,22.639158351006227,20.29894515414492,40.68677998418684,104.08236228088371,1.59328372234263,1.59328372234263,32.21250667051017,45.06305161021026,64.56607285204558,165.16886783010062,0.0110428133468525,0.0096077757853086,0.9455863322774508,0.464590603105358,16.666242182415033,0.3664727891156462,0.0,2.2020535714285714,0.0111883102107313,1.0131757061637037,0.1004774042157219,0.0,0.0,0.6090905404857478,0.3038799207023506,0.0,0.0,21.6206471285101,,0.0086445439361422,-31.07740718695945,-186257000.0,629805000.0,-544301000.0,888883000.0,89197000.0,21989000.0,0.0,184.141886151232,0.0,0.0,0.488753546958267,0.0,0.0,0.0175943347544081,0.8196202084449908,2001-03-30,,amc,,2025-04-25,2000-12-31,,53.617936507936506,46663.49206349206
2000-09-30,ESS,USD,920522,2000-11-14,2000-11-14 00:00:00,2000,Q3,47358000.0,0.0,47358000.0,1.0,0,5723000.0,657000.0,6380000.0,16687000.0,23067000.0,23067000.0,0.0,0.0,8689000.0,32980000.0,0.6963976519,24291000.0,0.512922843,0.0,0.0,0.0,14042000.0,10249000.0,0.2164153892,0.56,0.54,18328001,20891729,https://www.sec.gov/Archives/edgar/data/920522/000101287000005771/0001012870-00-005771-index.htm,https://www.sec.gov/Archives/edgar/data/920522/000101287000005771/0001012870-00-005771-0001.txt,2.5839151798387614,0.5591990092100061,1.6971845429296954,-1.3557397776222295,0.3668703422702781,34.37319760076399,34.37319760076399,34.37319760076399,29.742086984827203,1015004695.38,1553393695.38,24.758627558298368,21.432592072722667,32.630511649842475,-40.84854698084353,1.6111390230034668,1.6111390230034668,32.80108314075763,47.10108233414191,49.93871585481901,-62.51584414761752,0.0100974902349224,-0.0244806749299788,0.865269717710701,0.44347875607623,16.324711946634324,0.2866040955631399,0.0,3.0350278075909847,0.0110432986675037,1.0936676748951115,0.1208454748933654,0.0,0.0,1.798816948498682,1.18151104354069,0.0,0.0,20.79622095330921,,0.008338112961946,-29.16415980116981,-209025000.0,629992000.0,-515208000.0,-160268000.0,65002500.0,25046500.0,0.0,146.8091980235652,0.0,0.0,0.6130406078885711,0.0,0.0,0.01626846055188,3.052924320551925,2000-11-14,,amc,,2025-04-25,2000-09-30,,49.28015873015873,69619.04761904762
2000-06-30,ESS,USD,920522,2000-08-14,2000-08-14 00:00:00,2000,Q2,42412000.0,0.0,42412000.0,1.0,0,4610000.0,515000.0,5125000.0,14602000.0,19727000.0,19727000.0,0.0,0.0,6950000.0,29635000.0,0.6987409224,22685000.0,0.534872206,0.0,0.0,0.0,12412000.0,10273000.0,0.2422191833,0.56,0.55,18109641,18617756,https://www.sec.gov/Archives/edgar/data/920522/000101287000004412/0001012870-00-004412-index.htm,https://www.sec.gov/Archives/edgar/data/920522/000101287000004412/0001012870-00-004412-0001.txt,2.3419569719797315,0.567266904959629,0.7931134581850628,-0.945794563238443,0.289182982699657,34.79030865382698,34.79030865382698,34.79030865382698,26.23365090450992,760604922.0,1230449922.0,18.50980536357442,17.933719749127604,52.95585337325071,-44.40710660906119,1.2072327503015683,1.2072327503015683,29.01183443365085,41.52015933861988,85.66803049502194,-71.83850548808968,0.0135063548799911,-0.0225189181723438,0.7540505364738747,0.4120842137402461,15.854395140880715,0.2020592334494773,0.0,1.398131023070184,0.0130738044316783,0.967974301567215,0.108695652173913,0.0,0.0,2.1925085288588737,0.7425021220409318,0.0,0.0,21.07240591471579,,0.0089107588326931,-26.39663039151356,-229009000.0,630040000.0,-464845000.0,-196690000.0,37665500.0,25795000.0,0.0,111.94614731679714,0.0,0.0,0.8039579937066383,0.0,0.0,0.0163053139483207,1.7389080214235058,2000-08-14,,amc,,2025-04-25,2000-06-30,,39.9231746031746,58506.34920634921
2000-03-31,ESS,USD,920522,2000-05-12,2000-05-12 00:00:00,2000,Q1,39536000.0,0.0,39536000.0,1.0,0,4457000.0,497000.0,4954000.0,13852000.0,18806000.0,18806000.0,0.0,0.0,6667000.0,27397000.0,0.6929633752,20730000.0,0.5243322541,0.0,0.0,0.0,7980000.0,12750000.0,0.3224908944,0.7,0.69,18067694,18499759,https://www.sec.gov/Archives/edgar/data/920522/000101287000002718/0001012870-00-002718-index.html,https://www.sec.gov/Archives/edgar/data/920522/000101287000002718/,2.18821505389675,0.7056794298154485,1.219414054721095,0.3851072527573247,1.277750220919172,34.869253375665984,34.869253375665984,34.869253375665984,20.639988700273538,650436984.0,1000267984.0,12.753666352941176,16.451765074868476,29.522375816993463,93.48045185398102,1.032428185718571,1.032428185718571,25.3001817078106,36.510128262218494,45.400689179375455,143.75797413049727,0.0196022063837624,0.0106974236877034,0.5919251690854228,0.3530200821309361,12.768952805051647,0.1563801369863013,0.0,1.728,0.0154419263465498,0.7877647058823529,0.1127326993120194,0.0,0.0,0.6841866376180101,0.3812727640631323,0.0,0.0,23.52969578862386,,0.0120697260976824,-21.38270938172851,-246337000.0,630007000.0,-380692000.0,-186927000.0,22616000.0,22357000.0,0.0,51.39442533387293,0.0,0.0,1.751162687691013,0.0,0.0,0.0202378703728688,0.8343068019637703,2000-05-12,,amc,,2025-04-25,2000-03-31,,34.827777777777776,42849.206349206346
1999-12-31,ESS,USD,920522,2000-03-30,2000-03-30 00:00:00,1999,Q4,34845000.0,0.0,34845000.0,1.0,0,11645000.0,687000.0,12332000.0,109053000.0,121385000.0,121385000.0,0.0,0.0,0.0,-86540000.0,-2.4835700961,-86540000.0,-2.4835700961,86540000.0,0.0,0.0,-13164000.0,13164000.0,0.377787344,0.73,0.73,17941883,18055556,https://www.sec.gov/Archives/edgar/data/920522/000101287000001770/0001012870-00-001770-index.html,https://www.sec.gov/Archives/edgar/data/920522/000101287000001770/,1.942103847182595,0.7337022541056588,1.24100686644763,-0.2645764661379187,0.6882220779167939,34.88942604296327,34.88942604296327,34.88942604296327,21.99367814403873,610024022.0,992284022.0,11.585080940443634,17.50678783182666,27.3971086858888,-128.5072723825574,0.974507289346978,0.974507289346978,28.47708486152963,-11.466189299745782,44.56498796371149,-209.0339207920792,0.0215794780619311,-0.0077816607687623,0.6303823432622663,0.3714611418668509,-4.41714813958863,0.1202852233676975,0.0,1.676909173068233,0.0162846046085706,0.7546338498936493,0.3341942889941168,0.0,0.0,1.2131950058384982,0.7752331754914622,0.0,0.0,23.9992736759664,,0.0123918280205551,-22.68389276643929,-255997000.0,625982000.0,-401328000.0,696888000.0,11327500.0,7565500.0,0.0,58.51485148514851,0.0,0.0,1.5380710659898478,0.0,0.0,0.021029358671655,1.5055833325855486,2000-03-30,,amc,,2025-04-25,1999-12-31,,32.95140625,42645.3125
1999-09-30,ESS,USD,920522,1999-11-15,1999-11-15 00:00:00,1999,Q3,42500000.0,0.0,42500000.0,1.0,0,1100000.0,500000.0,1600000.0,-18700000.0,-17100000.0,-17100000.0,0.0,0.0,-4700000.0,54900000.0,1.2917647059,59600000.0,1.4023529412,4700000.0,64300000.0,1.5129411765,51200000.0,13100000.0,0.3082352941,0.72,0.71,18055556,18309859,https://www.sec.gov/Archives/edgar/data/920522/000101287099004231/0001012870-99-004231-index.html,https://www.sec.gov/Archives/edgar/data/920522/000101287099004231/,2.3538460959053267,0.7255384436790537,1.3015384295005925,-4.58584604096379,0.0,34.526768380879545,34.526768380879545,34.526768380879545,24.1864609431025,630861126.64,1067561126.64,12.039334477862594,14.843791215058824,26.84515432510638,-7.61909573236715,1.0119684418350978,1.0119684418350978,25.119085332705883,19.44555786229508,45.42813304851064,-12.89325032173913,0.0207652674206941,-0.1312491711781279,0.7005133140840551,0.3866312527667109,7.954462659380692,0.0,0.0,1.7938931297709924,0.0160098626678634,0.7709923664122137,0.0258823529411764,0.0,0.0,4.523404255319149,2.501176470588235,0.0,0.0,23.741023575605084,-0.0484149012429277,0.0115980522355024,-28.030153156180845,-308000000.0,623400000.0,-506100000.0,760300000.0,0.0,0.0,0.0,0.0,0.0,0.0,0.0,0.0,0.0,0.0210137953160089,5.887384470464382,1999-11-15,,amc,,2025-04-25,1999-09-30,,34.175312500000004,43193.75
1999-06-30,ESS,USD,920522,1999-08-13,1999-08-13 00:00:00,1999,Q2,34900000.0,0.0,34900000.0,1.0,0,2400000.0,500000.0,2900000.0,-17200000.0,-14300000.0,-14300000.0,0.0,0.0,0.0,49200000.0,1.4097421203,49200000.0,1.4097421203,-48252000.0,0.0,0.0,-8900000.0,8900000.0,0.2550143266,0.5,0.49,17238910,18447710,https://www.sec.gov/Archives/edgar/data/920522/000101287099002780/0001012870-99-002780-index.html,https://www.sec.gov/Archives/edgar/data/920522/000101287099002780/,2.0244899474502738,0.5162739407537947,1.102157851047427,1.1079586818424134,0.0,29.996096040874978,29.996096040874978,29.996096040874978,25.55265965191535,609912635.8000001,1050412635.8,17.132377410112362,17.476006756446992,32.10066504210526,31.932598732984296,1.1794868222780894,1.1794868222780894,30.097783260744983,21.349850321138213,55.28487556842106,54.99542595811519,0.0145922538370207,0.0313159604816962,0.8518661767549797,0.433221872541306,8.953252032520325,0.0,0.0,2.134831460674157,0.0152480854701452,1.0449438202247192,0.0687679083094555,0.0,0.0,0.0052631578947368,0.0028653295128939,0.0,0.0,18.66653585914285,,0.0087529504327301,-28.98675148254733,-196000000.0,517100000.0,-499700000.0,768800000.0,0.0,0.0,0.0,0.0,0.0,0.0,0.0,0.0,0.0,0.0172113711081028,0.0058008307949864,1999-08-13,,amc,,2025-04-25,1999-06-30,,31.52126984126984,80411.11111111111
1999-03-31,ESS,USD,920522,1999-05-14,1999-05-14 00:00:00,1999,Q1,33900000.0,0.0,33900000.0,1.0,0,2700000.0,500000.0,3200000.0,-17200000.0,-14000000.0,-14000000.0,0.0,0.0,0.0,47900000.0,1.412979351,47900000.0,1.412979351,-46893000.0,0.0,0.0,-8500000.0,8500000.0,0.2507374631,0.46,0.45,16735640,16888989,https://www.sec.gov/Archives/edgar/data/920522/000101287099001570/0001012870-99-001570-index.html,https://www.sec.gov/Archives/edgar/data/920522/,2.025617185838128,0.5078981144431883,1.12335112370964,-0.6513046408742061,0.0,31.01763661264224,31.01763661264224,31.01763661264224,22.992846404439867,437302273.2,822102273.2,12.86183156470588,12.89977207079646,23.26075921276595,-40.119474605504585,0.8424239514544403,0.8424239514544403,24.250804519174043,17.162886705636744,43.72884431914894,-75.42222689908257,0.0194373560827856,-0.0249255507414545,0.7412829897900212,0.4027632405275277,8.03340292275574,0.0,0.0,2.211764705882353,0.0212667543023419,1.0941176470588236,0.079646017699115,0.0,0.0,1.5797872340425532,0.8761061946902655,0.0,0.0,18.82712088652995,,0.0088967971530249,-26.070111450772124,-182000000.0,519100000.0,-436300000.0,716400000.0,14629500.0,8728000.0,0.0,0.0,0.0,0.0,0.0,0.0,0.0,0.0163744943170872,1.774655764583846,1999-05-14,,amc,,2025-04-25,1999-03-31,,28.280327868852456,47798.360655737706
1998-12-31,ESS,USD,920522,1999-03-31,1999-03-31 00:00:00,1998,Q4,33059000.0,0.0,33059000.0,1.0,0,10193000.0,542000.0,10735000.0,98859000.0,109594000.0,109594000.0,0.0,0.0,0.0,-76535000.0,-2.3151033002,-76535000.0,-2.3151033002,76535000.0,0.0,0.0,-4128000.0,4128000.0,0.1248676608,0.22,0.22,19142857,19142857,https://www.sec.gov/Archives/edgar/data/920522/000101287099000923/0001012870-99-000923-index.html,https://www.sec.gov/Archives/edgar/data/920522/,1.7269626994549456,0.2156417926540432,0.539835824924148,-1.736470162212464,0.1331044786052573,27.176298710270885,27.176298710270885,27.176298710270885,20.75003746828386,569499995.75,964166995.75,34.4900675720688,17.226776240963126,55.10934737275014,-17.132456777774436,1.0947038931668949,1.0947038931668949,29.165038136362263,-12.597726474815444,93.3004640748984,-29.005354705032943,0.0072484636186233,-0.0583687449483181,0.7635343462147657,0.4262896599684909,-5.15668648330829,0.1767055555555555,0.0,1.2843649018145662,0.0062756804682557,0.8657945736434108,0.3083275356181372,0.0,0.0,4.216663441068318,1.318097946096373,0.0,0.0,11.48293428791844,,0.0044301542397692,-20.22016619567288,-148193000.0,520232000.0,-379757000.0,717195000.0,14629500.0,8728000.0,0.0,79.65485949363259,0.0,0.0,1.129874568508835,0.0,0.0,0.0079349213427855,2.276305987136612,1999-03-31,,amc,,2025-04-25,1998-12-31,,30.496875,40387.5
1998-09-30,ESS,USD,920522,1998-11-16,1998-11-16 00:00:00,1998,Q3,32700000.0,0.0,32700000.0,1.0,0,1000000.0,300000.0,1300000.0,-17400000.0,-16100000.0,-16100000.0,0.0,0.0,0.0,48800000.0,1.4923547401,48800000.0,1.4923547401,-48800000.0,0.0,0.0,-6700000.0,6700000.0,0.2048929664,0.35,0.35,16571429,16571429,https://www.sec.gov/Archives/edgar/data/920522/000089161898004944/0000891618-98-004944-index.html,https://www.sec.gov/Archives/edgar/data/920522/,1.9732758110359705,0.4043103343712844,1.2370689335240792,-0.3379310257431631,0.0,30.22068887360287,30.22068887360287,30.22068887360287,21.75430978221613,513714299.0,874214299.0,19.168443992537316,15.70991740061162,25.05923409756097,-91.73469625,1.025787338258786,1.025787338258786,26.734382232415904,17.91422743852459,42.64459995121951,-156.10969625,0.0130422688506865,-0.0109010008304246,0.7198482428115016,0.391762660291241,7.387295081967213,0.0,0.0,2.7333333333333334,0.0247219125975701,1.8955223880597016,0.0305810397553516,0.0,0.0,1.273170731707317,0.7981651376146789,0.0,0.0,16.580623586791933,,0.0072810258639426,-25.308620035121898,-164000000.0,500800000.0,-419400000.0,701600000.0,0.0,0.0,0.0,0.0,0.0,0.0,0.0,0.0,0.0,0.0133785942492012,1.5749999592672423,1998-11-16,,amc,,2025-04-25,1998-09-30,,30.59671875,39396.875
1998-06-30,ESS,USD,920522,1998-08-14,1998-08-14 00:00:00,1998,Q2,31700000.0,0.0,31700000.0,1.0,0,1000000.0,500000.0,1500000.0,-16500000.0,-15000000.0,-15000000.0,0.0,0.0,0.0,46700000.0,1.4731861199,46700000.0,1.4731861199,-46600000.0,0.0,0.0,-7500000.0,7500000.0,0.2365930599,0.4,0.4,18750000,18750000,https://www.sec.gov/Archives/edgar/data/920522/000089161898003864/0000891618-98-003864-index.html,https://www.sec.gov/Archives/edgar/data/920522/,1.6906666666666668,0.4,0.7733333333333333,-0.112,0.0,26.842666666666663,26.842666666666663,26.842666666666663,18.266666666666666,581250000.0,923750000.0,19.375,18.33596214511041,40.08620689655172,-276.7857142857143,1.1548778064772502,1.1548778064772502,29.1403785488959,19.780513918629552,63.706896551724135,-439.8809523809524,0.0129032258064516,-0.0036129032258064,0.6805086429564872,0.378955521132994,7.334047109207709,0.0,0.0,1.9078947368421053,0.0180645161290322,1.4,0.0315457413249211,0.0,0.0,1.1448275862068966,0.5236593059936908,0.0,0.0,15.542972688646143,,0.0082982960832042,-21.36,-164000000.0,503300000.0,-400500000.0,681000000.0,0.0,0.0,0.0,0.0,0.0,0.0,0.0,0.0,0.0,0.0149016491158354,0.8853333333333333,1998-08-14,,amc,,2025-04-25,1998-06-30,,32.72349206349206,44669.84126984127
1998-03-31,ESS,USD,920522,1998-05-15,1998-05-15 00:00:00,1998,Q1,27800000.0,0.0,27800000.0,1.0,0,1900000.0,400000.0,2300000.0,-14400000.0,-12100000.0,-12100000.0,0.0,0.0,0.0,39900000.0,1.4352517986,39900000.0,1.4352517986,-39900000.0,0.0,0.0,-7900000.0,7900000.0,0.2841726619,0.42,0.42,16666667,16666667,https://www.sec.gov/Archives/edgar/data/920522/000092052298000011/0000920522-98-000011-index.html,https://www.sec.gov/Archives/edgar/data/920522/,1.6679999666400007,0.4739999905200002,0.8219999835600004,-5.7779998844400025,0.0,29.13599941728001,29.13599941728001,29.13599941728001,18.617999627640007,571833344.77,882133344.77,18.095991923101263,20.56954477589928,41.73966020218978,-5.938040963343718,1.1775810230024712,1.1775810230024712,31.731415279496403,22.1086051320802,64.38929523868613,-9.16026318556594,0.0138152139469542,-0.1684057092521131,0.639003294892916,0.3670017740981667,7.776942355889724,0.0,0.0,1.7341772151898731,0.0145147184505974,1.0506329113924051,0.0683453237410072,0.0,0.0,8.02919708029197,3.956834532374101,0.0,0.0,17.627689229464615,,0.0093435836782968,-21.593999568120008,-137000000.0,485600000.0,-359900000.0,658500000.0,8933000.0,6074000.0,0.0,0.0,0.0,0.0,0.0,0.0,0.0,0.0162685337726523,6.599999868000003,1998-05-15,,amc,,2025-04-25,1998-03-31,,33.71213114754099,59629.50819672131
1997-12-31,ESS,USD,920522,1998-03-31,1998-03-31 00:00:00,1997,Q4,19369000.0,0.0,19369000.0,1.0,0,6227000.0,325000.0,6552000.0,64026000.0,70578000.0,70578000.0,0.0,0.0,0.0,-51209000.0,-2.6438639062,-51209000.0,-2.6438639062,51209000.0,0.0,0.0,-7216000.0,7216000.0,0.3725540813,0.48,0.48,15068493,15068493,https://www.sec.gov/Archives/edgar/data/920522/000089161898001429/0000891618-98-001429-index.html,https://www.sec.gov/Archives/edgar/data/920522/,1.2853972855812457,0.4788800047888,1.0683218288650365,-9.059300090593,0.2841690937507818,28.370720283707204,28.370720283707204,28.370720283707204,18.355982910832555,527397255.0,799712255.0,18.27180068597561,27.22893567040116,32.76166325009318,-3.863433118452861,1.2336662463976944,1.2336662463976944,41.288257266766486,-15.616634868870706,49.6777397813393,-5.85826866163651,0.0136822858511085,-0.2588371454455143,0.6470044724727722,0.3743691081229232,-5.317717588705111,0.3515555555555555,0.0,2.15300254112612,0.0091885195724046,0.6715631929046563,0.321493107542981,0.0,0.0,9.479935395701329,7.878981878259074,0.0,0.0,17.483959504922698,,0.009766727347784,-19.48764883124013,-40852000.0,427504000.0,-289183000.0,659517000.0,8933000.0,6074000.0,0.0,83.01615984304817,0.0,0.0,1.0841262733684092,0.0,0.0,0.0168793742280774,10.127621919458038,1998-03-31,,amc,,2025-04-25,1997-12-31,,34.93859375,48437.5
1997-09-30,ESS,USD,920522,1997-11-12,1997-11-12 00:00:00,1997,Q3,26700000.0,0.0,26700000.0,1.0,0,600000.0,300000.0,900000.0,-10900000.0,-10000000.0,-10000000.0,0.0,0.0,0.0,36700000.0,1.3745318352,36700000.0,1.3745318352,-37600000.0,0.0,0.0,-11000000.0,11000000.0,0.4119850187,0.73,0.69,15068493,15942029,https://www.sec.gov/Archives/edgar/data/920522/000092052297000012/0000920522-97-000012-index.html,https://www.sec.gov/Archives/edgar/data/920522/,1.771909108628182,0.7300000073,0.5242727325154546,-1.4268181960863635,0.0,25.098727523714548,25.098727523714548,25.098727523714548,12.469727397424547,524534241.33,712434241.33,11.921232757500002,19.64547720337079,66.39673940886077,-24.396941457209305,1.3869229014542572,1.3869229014542572,26.68293038689139,19.41237714795641,90.18154953544304,-33.13647634093024,0.0209709855587474,-0.0409887445011882,0.4968270756213643,0.3143191702910672,5.119891008174387,0.0,0.0,0.7181818181818181,0.0127732366585098,0.6090909090909091,0.0224719101123595,0.0,0.0,3.721518987341772,1.101123595505618,0.0,0.0,20.30385686758743,,0.0184008029441284,-14.573454691189092,-60000000.0,378200000.0,-219600000.0,477800000.0,0.0,0.0,0.0,0.0,0.0,0.0,0.0,0.0,0.0,0.0290851401374933,1.9510909286018183,1997-11-12,,amc,,2025-04-25,1997-09-30,,32.4378125,52742.1875
1997-06-30,ESS,USD,920522,1997-08-13,1997-08-13 00:00:00,1997,Q2,20000000.0,0.0,20000000.0,1.0,0,500000.0,300000.0,800000.0,-9800000.0,-9000000.0,-9000000.0,0.0,0.0,0.0,29000000.0,1.45,29000000.0,1.45,-29000000.0,0.0,0.0,-6300000.0,6300000.0,0.315,0.42,0.42,15000000,15000000,https://www.sec.gov/Archives/edgar/data/920522/000092052297000002/0000920522-97-000002-index.html,https://www.sec.gov/Archives/edgar/data/920522/,1.3333333333333333,0.42,0.68,-2.14,0.0,21.773333333333333,21.773333333333333,21.773333333333333,11.993333333333334,481950000.00000006,661850000.0,19.125000000000004,24.097500000000004,47.25,-15.014018691588786,1.4756582976117576,1.4756582976117576,33.0925,22.822413793103447,64.88725490196079,-20.61838006230529,0.0130718954248366,-0.066604419545596,0.5508266993263932,0.3385397064358298,6.203448275862069,0.0,0.0,1.619047619047619,0.0149393090569561,1.1428571428571428,0.025,0.0,0.0,4.147058823529412,2.115,0.0,0.0,14.344267147540162,,0.0118554761008656,-13.653333333333334,-51000000.0,326600000.0,-204800000.0,431200000.0,0.0,0.0,0.0,0.0,0.0,0.0,0.0,0.0,0.0,0.0192896509491733,2.82,1997-08-13,,amc,,2025-04-25,1997-06-30,,29.60796875,46462.5
1997-03-31,ESS,USD,920522,1997-05-13,1997-05-13 00:00:00,1997,Q1,18600000.0,0.0,18600000.0,1.0,0,1700000.0,300000.0,2000000.0,-9400000.0,-7400000.0,-7400000.0,0.0,0.0,0.0,26000000.0,1.3978494624,26000000.0,1.3978494624,-26000000.0,0.0,0.0,-4900000.0,4900000.0,0.2634408602,0.39,0.39,12564103,12564103,https://www.sec.gov/Archives/edgar/data/920522/000101287097000999/0001012870-97-000999-index.html,https://www.sec.gov/Archives/edgar/data/920522/,1.4804081119042083,0.3899999864693882,1.0108162914614756,-3.048367241179096,0.0,24.32326446225409,24.32326446225409,24.32326446225409,17.33510143939444,375415397.64,593215397.64,19.153846818367345,20.183623529032257,29.56026753070866,-9.801968606788511,1.2284535263089005,1.2284535263089005,31.893300948387097,22.81597683230769,46.70987382992126,-15.48865267989556,0.0130522083825096,-0.1020203226632896,0.712696335078534,0.4011049723756906,8.376923076923077,0.0,0.0,2.591836734693877,0.0167814107775124,1.2857142857142858,0.0913978494623656,0.0,0.0,4.015748031496063,2.7419354838709675,0.0,0.0,14.609470840907791,,0.0090239410681399,-18.895101385271992,-45000000.0,305600000.0,-237400000.0,388600000.0,3827500.0,530000.0,0.0,0.0,0.0,0.0,0.0,0.0,0.0,0.0160340314136125,4.059183532640572,1997-05-13,,amc,,2025-04-25,1997-03-31,,29.652131147540985,64929.50819672131
1996-12-31,ESS,USD,920522,1997-03-31,1997-03-31 00:00:00,1996,Q4,12093000.0,0.0,12093000.0,1.0,0,3328000.0,153000.0,3481000.0,40977000.0,44458000.0,44458000.0,0.0,0.0,0.0,-32365000.0,-2.6763416853,-32365000.0,-2.6763416853,32365000.0,0.0,0.0,-3581000.0,3581000.0,0.2961217233,0.44,0.44,8148148,8148148,https://www.sec.gov/Archives/edgar/data/920522/000101287097000645/0001012870-97-000645-index.html,https://www.sec.gov/Archives/edgar/data/920522/,1.4841409360752895,0.4394863716270249,0.4092954619871902,-3.12880914779653,5.755786468287027,30.44716418994844,30.44716418994844,30.44716418994844,18.802432160044223,239392588.24,345698588.24,16.712691164479196,19.795963635160835,71.78188552923538,-9.390154084882717,0.9649502927993292,0.9649502927993292,28.586669001901928,-10.681247898655956,103.6577475982009,-13.559997969718363,0.0149586920227033,-0.1064945251122032,0.6175429686240367,0.3672448426795534,-3.284597559091611,1.3305853658536586,0.0,0.8960236432025792,0.0067211771752386,0.449315833566043,0.275200529231787,0.0,0.0,8.644377811094452,2.383941122963698,0.0,0.0,17.351514591351567,,0.0085839481846903,-14.291069578019448,13554000.0,248088000.0,-114532000.0,359732000.0,3827500.0,530000.0,0.0,56.970974944182586,0.0,0.0,1.5797517962116263,0.0,0.0,0.0144343942472026,3.53810460978372,1997-03-31,,amc,,2025-04-25,1996-12-31,,26.9496875,57403.125
1996-09-30,ESS,USD,920522,1996-11-13,1996-11-13 00:00:00,1996,Q3,12900000.0,0.0,12900000.0,1.0,0,400000.0,200000.0,600000.0,-6700000.0,-6100000.0,-6100000.0,0.0,0.0,0.0,19000000.0,1.4728682171,19000000.0,1.4728682171,-19000000.0,0.0,0.0,-2200000.0,2200000.0,0.1705426357,0.27,0.27,8148148,8148148,https://www.sec.gov/Archives/edgar/data/920522/000091205796026054/0000912057-96-026054-index.html,https://www.sec.gov/Archives/edgar/data/920522/,1.5831818469669428,0.270000004909091,1.0677272921404963,-6.197727385413225,0.0,21.857727670140505,21.857727670140505,21.857727670140505,16.776818486851244,202725922.24,339425922.24,23.03703661818182,15.715187770542634,23.301830142528733,-4.014374697821782,1.1382701978663672,1.1382701978663672,26.31208699534884,17.864522223157895,39.01447382068966,-6.721305390891089,0.010852090229465,-0.2491047984490846,0.7675463222908478,0.4136157337367624,7.194736842105264,0.0,0.0,3.2222222222222223,0.0172646890014217,1.5909090909090908,0.0310077519379844,0.0,0.0,6.804597701149425,4.589147286821706,0.0,0.0,11.523267679368946,,0.0066565809379727,-18.70363670370249,-41000000.0,178100000.0,-152400000.0,267200000.0,0.0,0.0,0.0,0.0,0.0,0.0,0.0,0.0,0.0,0.0123526108927568,7.265454677553722,1996-11-13,,amc,,2025-04-25,1996-09-30,,23.38765625,53281.25
1996-06-30,ESS,USD,920522,1996-08-14,1996-08-14 00:00:00,1996,Q2,14200000.0,0.0,14200000.0,1.0,0,500000.0,100000.0,600000.0,-6300000.0,-5700000.0,-5700000.0,0.0,0.0,0.0,19900000.0,1.4014084507,19900000.0,1.4014084507,-19900000.0,0.0,0.0,-3100000.0,3100000.0,0.2183098592,0.51,0.51,6078431,6078431,https://www.sec.gov/Archives/edgar/data/920522/000091205796017671/0000912057-96-017671-index.html,https://www.sec.gov/Archives/edgar/data/920522/,2.3361291754401754,0.5100000312580665,0.3948387338772127,0.279677436496359,0.0,17.800646252297675,17.800646252297675,17.800646252297675,25.43419510725712,132996070.28,287596070.28,10.725489538709676,9.365920442253522,55.415029283333325,78.23298251764706,1.2291688565619223,1.2291688565619223,20.25324438591549,14.452063833165829,119.83169594999998,169.1741589882353,0.0233089593810816,0.0127823325638189,1.4288354898336415,0.5652650822669104,7.768844221105527,0.0,0.0,0.631578947368421,0.0255646651276379,1.096774193548387,0.0352112676056338,0.0,0.0,0.2916666666666667,0.0492957746478873,0.0,0.0,14.29204073127508,,0.0113345521023766,-27.194517795793026,-36000000.0,108200000.0,-165300000.0,215300000.0,0.0,0.0,0.0,0.0,0.0,0.0,0.0,0.0,0.0,0.0286506469500924,0.1151612973808537,1996-08-14,,amc,,2025-04-25,1996-06-30,,20.71079365079365,17898.4126984127
1996-03-31,ESS,USD,920522,1996-05-14,1996-05-14 00:00:00,1996,Q1,11600000.0,0.0,11600000.0,1.0,0,1100000.0,200000.0,1300000.0,-6500000.0,-5200000.0,-5200000.0,0.0,0.0,0.0,16800000.0,1.4482758621,16800000.0,1.4482758621,-16800000.0,0.0,0.0,100000.0,-100000.0,-0.0086206897,-0.0159,-0.0159,6275000,6275000,https://www.sec.gov/Archives/edgar/data/920522/000095014996000556/0000950149-96-000556-index.html,https://www.sec.gov/Archives/edgar/data/920522/,1.848605577689243,-0.0159362549800796,0.9083665338645418,-1.1155378486055776,0.0,17.131474103585656,17.131474103585656,13.06772908366534,26.342629482071715,127884500.0,293184500.0,-319.71125,11.024525862068966,22.435877192982456,-18.269214285714284,1.5595670731707316,1.5595670731707316,25.27452586206897,17.451458333333335,51.43587719298245,-41.8835,-0.0007819555927418,-0.0547368914919321,2.015853658536585,0.5849256900212314,9.839285714285714,0.0,0.0,2.7142857142857144,0.027368445745966,-35.0,0.0948275862068965,0.0,0.0,2.2280701754385963,1.0948275862068966,0.0,0.0,,,-0.0003538570417551,-27.90438247011952,-12900000.0,107500000.0,-175100000.0,250300000.0,0.0,0.0,0.0,0.0,0.0,0.0,0.0,0.0,0.0,-0.0012195121951219,2.0239043824701195,1996-05-14,,amc,,2025-04-25,1996-03-31,,20.04396825396825,24926.984126984127
1995-12-31,ESS,USD,920522,1996-06-05,1996-06-05 00:00:00,1995,Q4,16300000.0,0.0,16300000.0,1.0,0,400000.0,100000.0,500000.0,-6400000.0,-5900000.0,-5900000.0,0.0,0.0,0.0,22200000.0,1.3619631902,22200000.0,1.3619631902,-22200000.0,0.0,0.0,-5900000.0,5900000.0,0.3619631902,0.92,0.92,6400000,6400000,https://www.sec.gov/Archives/edgar/data/920522/000095014996000675/0000950149-96-000675-index.html,https://www.sec.gov/Archives/edgar/data/920522/,2.546875,0.921875,0.40625,-0.765625,0.0,17.359375,17.359375,13.234375,24.15625,123200000.0,277800000.0,5.220338983050848,7.558282208588957,47.38461538461539,-25.142857142857142,1.4545454545454546,1.4545454545454546,17.042944785276074,12.513513513513514,106.84615384615384,-56.69387755102041,0.0478896103896103,-0.0397727272727272,1.8252656434474617,0.5648520277676288,6.963963963963964,0.0,0.0,0.4727272727272727,0.0024350649350649,0.0508474576271186,0.0245398773006134,0.0,0.0,2.8846153846153846,0.4601226993865031,0.0,0.0,16.56833991971774,,0.021556448666423,-25.40625,-18500000.0,111100000.0,-162600000.0,234200000.0,0.0,0.0,0.0,0.0,0.0,0.0,0.0,0.0,0.0,0.0696576151121605,1.171875,1996-06-05,,amc,,2025-04-25,1995-12-31,,18.46650793650793,11600.0
1995-09-30,ESS,USD,920522,1995-09-30,1995-09-29 20:00:00,1995,Q3,11000000.0,0.0,11000000.0,1.0,0,400000.0,100000.0,500000.0,-6200000.0,-5700000.0,-5700000.0,0.0,0.0,0.0,16700000.0,1.5181818182,16700000.0,1.5181818182,-16700000.0,0.0,0.0,-1600000.0,1600000.0,0.1454545455,0.25,0.25,6400000,6400000,,,1.71875,0.25,0.828125,0.734375,0.0,18.109375,18.109375,12.796875,23.125,112832000.0,260832000.0,17.63,10.257454545454545,21.289056603773584,24.006808510638297,1.3776800976800976,1.3776800976800976,23.712,15.618682634730538,49.213584905660376,55.49617021276596,0.0141803743618831,0.0416548496880317,1.807081807081807,0.5608184918529746,8.862275449101796,0.0,0.0,3.3125,0.0301332955190017,2.125,0.0363636363636363,0.0,0.0,0.1132075471698113,0.0545454545454545,0.0,0.0,8.484245510061575,,0.0060629026146267,-23.125,0.0,115900000.0,-148000000.0,240600000.0,0.0,0.0,0.0,0.0,0.0,0.0,0.0,0.0,0.0,0.0195360195360195,0.09375,1995-09-29,,amc,,2025-04-25,1995-09-30,,17.470634920634918,17406.349206349205
1995-06-30,ESS,USD,920522,1995-06-30,1995-06-29 20:00:00,1995,Q2,11700000.0,0.0,11700000.0,1.0,0,400000.0,100000.0,500000.0,-6100000.0,-5600000.0,-5600000.0,0.0,0.0,0.0,17300000.0,1.4786324786,17300000.0,1.4786324786,-17300000.0,0.0,0.0,-1800000.0,1800000.0,0.1538461538,0.34,0.34,5294118,5294118,,,2.2099998526666766,0.3399999773333348,0.8122221680740777,0.6422221794074102,0.0,22.26999851533343,22.26999851533343,15.677776732592662,27.76666481555568,95982359.34,242982359.34,13.330883241666664,8.203620456410256,22.32147891627907,28.23010568823529,1.1564139679518073,1.1564139679518073,20.76772302051282,14.045223083236992,56.50752542790697,71.46539980588234,0.0187534460746461,0.035423175918776,1.7710843373493976,0.5549263873159683,8.497109826589595,0.0,0.0,2.15,0.035423175918776,1.8888888888888888,0.0341880341880341,0.0,0.0,0.2093023255813953,0.0769230769230769,0.0,0.0,10.951483187617477,,0.0067950169875424,-27.76666481555568,0.0,117900000.0,-147000000.0,242000000.0,0.0,0.0,0.0,0.0,0.0,0.0,0.0,0.0,0.0,0.0216867469879518,0.1699999886666674,1995-06-29,,amc,,2025-04-25,1995-06-30,,17.127142857142857,11500.0
1995-03-31,ESS,USD,920522,1995-03-31,1995-03-30 19:00:00,1995,Q1,10900000.0,0.0,10900000.0,1.0,0,400000.0,100000.0,500000.0,-6200000.0,-5700000.0,-5700000.0,0.0,0.0,0.0,16600000.0,1.5229357798,16600000.0,1.5229357798,-16600000.0,0.0,0.0,-1500000.0,1500000.0,0.1376146789,0.18,0.18,6275000,6275000,,,1.7370517928286853,0.2390438247011952,0.701195219123506,0.6215139442231076,0.0,18.804780876494025,18.804780876494025,13.322709163346614,23.792828685258964,99647000.0,248947000.0,16.607833333333332,9.141926605504588,22.647045454545456,25.55051282051282,1.1919497607655505,1.1919497607655505,22.839174311926605,14.996807228915662,56.57886363636363,63.8325641025641,0.015053137575642,0.0391381576966692,1.7858851674641147,0.5585484474373363,8.993975903614459,0.0,0.0,2.933333333333333,0.0341204451714552,2.2666666666666666,0.036697247706422,0.0,0.0,0.1136363636363636,0.0458715596330275,0.0,0.0,8.464987032490411,,0.0056116722783389,-23.792828685258964,0.0,118000000.0,-149300000.0,246800000.0,,,,0.0,0.0,0.0,0.0,0.0,0.0,0.0179425837320574,0.0796812749003984,1995-03-30,,amc,,2025-04-25,1995-03-31,,16.022222222222222,15706.349206349209
1994-09-30,ESS,USD,920522,1994-09-30,1994-09-29 20:00:00,1994,Q3,8800000.0,0.0,8800000.0,1.0,0,800000.0,100000.0,900000.0,-4900000.0,-4000000.0,-4000000.0,0.0,0.0,2000000.0,14800000.0,1.6818181818,12800000.0,1.4545454545,-100000.0,12700000.0,1.4431818182,11200000.0,1600000.0,0.1818181818,0.26,0.26,6153846,6153846,,,1.430000035750001,0.2600000065000001,0.2112500052812501,0.2112500052812501,33.23125083078127,19.74375049359376,19.74375049359376,13.975000349375009,17.16000042900001,110769228.0,216369228.0,17.307691875,12.587412272727272,85.20709846153846,85.20709846153846,1.2880142790697675,1.2880142790697675,24.58741227272727,14.619542432432432,166.4378676923077,166.4378676923077,0.0144444448055555,0.0117361114045138,1.227906976744186,0.4649933949801849,7.135135135135135,0.0,0.0,0.7647058823529411,0.0231944444444444,1.605769190625,0.0909090909090909,0.0,0.0,0.0,0.0,0.0,0.0,9.041778259152768,0.0070910460770264,0.0070453544693967,16.07125040178126,204500000.0,121500000.0,98900000.0,213200000.0,0.0,0.0,0.0,0.0,0.0,0.0,0.0,0.0,0.0,0.0186046511627906,0.0,1994-09-29,,amc,,2025-04-25,1994-09-30,,18.12921875,17965.625
1994-06-30,ESS,USD,920522,1994-06-30,1994-06-29 20:00:00,1994,Q2,1700000.0,0.0,1700000.0,1.0,0,100000.0,0.0,100000.0,-900000.0,-800000.0,-800000.0,0.0,0.0,400000.0,2900000.0,1.7058823529,2500000.0,1.4705882353,0.0,0.0,0.0,2200000.0,300000.0,0.1764705882,0.05,0.05,6000000,6000000,,,0.2833333333333333,0.05,0.0166666666666666,0.0166666666666666,0.0,20.03333333333333,20.03333333333333,14.5,15.183333333333334,105780000.0,196880000.0,88.14999999999999,62.22352941176471,1057.8,1057.8,1.215862068965517,1.215862068965517,115.81176470588235,67.8896551724138,1968.8,1968.8,0.0028360748723766,0.0009453582907922,1.047126436781609,0.4311405584477046,31.41379310344828,0.0,0.0,0.3333333333333333,0.0045377197958026,1.6,0.0588235294117647,0.0,0.0,0.0,0.0,0.0,0.0,4.038873605350878,,0.0014197823000473,-15.183333333333334,0.0,120200000.0,-91100000.0,198200000.0,,,,0.0,0.0,0.0,0.0,0.0,0.0,0.0034482758620689,0.0,1994-06-29,,amc,,2025-04-25,1994-06-30,,18.780555555555555,146133.33333333334
