date,symbol,reportedCurrency,cik,fillingDate,acceptedDate,calendarYear,period,revenue,costOfRevenue,grossProfit,grossProfitRatio,researchAndDevelopmentExpenses,generalAndAdministrativeExpenses,sellingAndMarketingExpenses,sellingGeneralAndAdministrativeExpenses,otherExpenses,operatingExpenses,costAndExpenses,interestIncome,interestExpense,depreciationAndAmortization,ebitda,ebitdaratio,operatingIncome,operatingIncomeRatio,totalOtherIncomeExpensesNet,incomeBeforeTax,incomeBeforeTaxRatio,incomeTaxExpense,netIncome,netIncomeRatio,eps,epsdiluted,weightedAverageShsOut,weightedAverageShsOutDil,link,finalLink,revenuePerShare,netIncomePerShare,operatingCashFlowPerShare,freeCashFlowPerShare,cashPerShare,bookValuePerShare,tangibleBookValuePerShare,shareholdersEquityPerShare,interestDebtPerShare,marketCap,enterpriseValue,peRatio,priceToSalesRatio,pocfratio,pfcfRatio,pbRatio,ptbRatio,evToSales,enterpriseValueOverEBITDA,evToOperatingCashFlow,evToFreeCashFlow,earningsYield,freeCashFlowYield,debtToEquity,debtToAssets,netDebtToEBITDA,currentRatio,interestCoverage,incomeQuality,dividendYield,payoutRatio,salesGeneralAndAdministrativeToRevenue,researchAndDdevelopementToRevenue,intangiblesToTotalAssets,capexToOperatingCashFlow,capexToRevenue,capexToDepreciation,stockBasedCompensationToRevenue,grahamNumber,roic,returnOnTangibleAssets,grahamNetNet,workingCapital,tangibleAssetValue,netCurrentAssetValue,investedCapital,averageReceivables,averagePayables,averageInventory,daysSalesOutstanding,daysPayablesOutstanding,daysOfInventoryOnHand,receivablesTurnover,payablesTurnover,inventoryTurnover,roe,capexPerShare,report_date,epsEstimated,time,revenueEstimated,updatedFromDate,fiscalDateEnding,surprise(%),QuarterAvgPrice,QuarterAvgVolume
2025-03-31,ETN,USD,1551182,2025-05-02,2025-05-02 12:05:42,2025,Q1,6377000000.0,3930000000.0,2447000000.0,0.3837227536,198000000,0.0,0.0,1048000000.0,0.0,1246000000.0,5176000000.0,0.0,33000000.0,232000000.0,1442000000.0,0.2261251372,1201000000.0,0.188333072,-24000000.0,1177000000.0,0.1845695468,212000000.0,964000000.0,0.1511682609,2.4579296277409486,2.4491869918699187,392200000,393600000,https://www.sec.gov/Archives/edgar/data/1551182/000155118225000014/0001551182-25-000014-index.htm,https://www.sec.gov/Archives/edgar/data/1551182/000155118225000014/etn-20250331.htm,16.259561448240692,2.4579296277409486,0.6068332483426823,0.2320244773074961,4.943906170321265,47.28964813870474,-2.2692503824579298,47.28964813870474,27.49107598164202,106611726000.0,115583726000.0,27.648269190871368,16.718163086090637,447.94842857142856,1171.5574285714283,5.74819248395967,5.74819248395967,18.12509424494276,0.0,485.6459075630252,1270.1508351648351,0.0090421573326746,0.0008535646444744,0.5795546449560576,0.2741672193031679,0.0,1.3058181054400335,36.39393939393939,0.2466321243523316,0.0037237930094106,0.4118257261410788,0.0,0.0310490826407401,0.4957659541906851,0.0,0.0,0.0,0.0,51.13979969676512,0.0306237838304603,0.048763215134807,-32.39036206017338,2912000000.0,-890000000.0,-8225000000.0,26927000000.0,4856500000.0,3666000000.0,4309500000.0,71.89273953269563,83.67938931297711,100.58015267175573,1.251864939144091,1.0755336617405582,0.894808743169399,0.0519760608184612,0.0,2025-05-02,2.71,bmo,6250985820.0,2025-05-11,2025-03-31,0.003690036900369,311.38100000000003,3715794.733333333
2024-12-31,ETN,USD,1551182,2025-02-27,2025-02-27 14:22:18,2024,Q4,6240000000.0,3811000000.0,2429000000.0,0.3892628205,201000000,0.0,0.0,1003000000.0,0.0,1204000000.0,5015000000.0,0.0,42000000.0,234000000.0,1447000000.0,0.2318910256,1225000000.0,0.1963141026,-58000000.0,1167000000.0,0.1870192308,195000000.0,971000000.0,0.1556089744,2.46,2.45,394100000,396000000,https://www.sec.gov/Archives/edgar/data/1551182/000155118225000006/0001551182-25-000006-index.htm,https://www.sec.gov/Archives/edgar/data/1551182/000155118225000006/etn-20241231.htm,15.833544785587414,2.463841664552144,4.05227099720883,3.405227099720883,5.277848261862472,47.02106064450647,-2.131438721136768,46.91195128140066,25.02664298401421,130789967000.0,140055967000.0,33.67403887744594,20.95993060897436,81.89728678772698,97.45899180327868,7.0743166919082645,7.0743166919082645,22.444866506410257,96.79057843814788,87.69941577958673,104.36361177347244,0.0074241168667012,0.0102607258858013,0.5312094331458244,0.2558818165238008,6.403593642017968,1.501972763141148,29.166666666666668,1.6446961894953656,0.0028289631726873,0.3810504634397528,0.0,0.0322115384615384,0.5047028477632162,0.1596743894802755,0.0408653846153846,1.0897435897435896,0.0,50.99638666594423,0.0327042914061955,0.0510783798001052,-30.93694493783304,3944000000.0,-840000000.0,-8049000000.0,27850000000.0,4752500000.0,3643500000.0,4202500000.0,66.6201923076923,86.85909210181055,99.824193125164,1.3509417622862092,1.0361609570418706,0.9015850484977526,0.0525205538727823,0.6470438974879472,2025-01-31,2.82,bmo,6324821276.0,2025-05-01,2024-12-31,0.0035460992907802,350.970625,1768052.859375
2024-09-30,ETN,USD,1551182,2024-10-31,2024-10-31 12:43:37,2024,Q3,6345000000.0,3899000000.0,2446000000.0,0.385500394,207000000,0.0,0.0,1028000000.0,0.0,2446000000.0,5086000000.0,0.0,29000000.0,235000000.0,1471000000.0,0.2318360914,1259000000.0,0.1984239559,-55000000.0,1204000000.0,0.1897557132,193000000.0,1009000000.0,0.1590228526,2.54,2.53,397100000,398900000,https://www.sec.gov/Archives/edgar/data/1551182/000155118224000041/0001551182-24-000041-index.htm,https://www.sec.gov/Archives/edgar/data/1551182/000155118224000041/etn-20240930.htm,15.978342986653235,2.5409216821959206,3.296398891966759,2.8355577940065477,5.021405187610174,48.254847645429365,-1.7401158398388314,48.14152606396374,25.446990682447748,131614824000.0,141217824000.0,32.61021407333994,20.74307706855792,100.54608403361344,116.88705506216697,6.884700737563425,6.884700737563425,22.256552245862885,96.0012399728076,107.88221848739497,125.41547424511543,0.0076663096856019,0.0085552673002852,0.5270701469895904,0.2568049750229381,6.528212100611829,1.5302858582042564,43.41379310344828,1.294757665677547,0.0028416251956542,0.3706640237859266,0.0,0.0326241134751773,0.5059893974920991,0.1398013750954927,0.0288416075650118,0.7787234042553192,0.0,52.46223943250349,0.0330246018623414,0.0520559252953619,-31.041299420800804,4211000000.0,-691000000.0,-7922000000.0,28592000000.0,5039500000.0,3553000000.0,4070500000.0,69.30496453900709,83.30597589125416,96.44011284944855,1.2986082685223086,1.0803546688833472,0.9332216371469604,0.0527802479468535,0.4608410979602115,2024-10-31,2.8,bmo,6372538420.0,2025-04-25,2024-09-30,0.0142857142857143,305.53875,2481296.421875
2024-06-30,ETN,USD,1551182,2024-08-01,2024-08-01 13:28:25,2024,Q2,6350000000.0,3941000000.0,2409000000.0,0.3793700787,196000000,0.0,0.0,996000000.0,32000000.0,1192000000.0,5133000000.0,0.0,29000000.0,227000000.0,1444000000.0,0.2274015748,1217000000.0,0.1916535433,2000000.0,1195000000.0,0.1881889764,201000000.0,993000000.0,0.1563779528,2.49,2.48,399200000,401000000,https://www.sec.gov/Archives/edgar/data/1551182/000155118224000035/0001551182-24-000035-index.htm,https://www.sec.gov/Archives/edgar/data/1551182/000155118224000035/etn-20240630.htm,15.90681362725451,2.487474949899799,2.369739478957916,1.901302605210421,6.966432865731463,48.228957915831664,-1.1998997995991985,48.1437875751503,26.357715430861724,124698104000.0,134651104000.0,31.394286002014105,19.637496692913384,131.816177589852,164.29262714097496,6.488272230605131,6.488272230605131,21.204898267716537,93.24868698060942,142.33731923890065,177.40593412384715,0.0079632325444178,0.0060867004040414,0.5459701337218378,0.2664482872451182,6.892659279778393,1.558128078817734,41.96551724137931,0.9517102615694164,0.0031115148310514,0.3907351460221551,0.0,0.0308661417322834,0.5010538076737513,0.1976744186046511,0.0294488188976377,0.8237885462555066,0.0,51.90877070106632,0.0311065231106523,0.0505369229986258,-28.73434368737475,4532000000.0,-479000000.0,-7476000000.0,28653000000.0,5084000000.0,3448500000.0,3915500000.0,73.6015748031496,79.86044151230652,90.50241055569651,1.2227999229732331,1.1269659708321418,0.9944486500126168,0.0516676205837972,0.468436873747495,2024-08-01,2.61,bmo,6346844515.0,2025-04-25,2024-06-30,0.0459770114942529,322.85238095238094,2270067.031746032
2024-03-31,ETN,USD,1551182,2024-04-30,2024-04-30 12:07:49,2024,Q1,5943000000.0,3725000000.0,2218000000.0,0.3732121824,189000000,0.0,0.0,1025000000.0,26000000.0,1214000000.0,4939000000.0,0.0,30000000.0,225000000.0,1240000000.0,0.2086488306,1000000000.0,0.1682651859,-3000000.0,1001000000.0,0.1684334511,179000000.0,821000000.0,0.1381457177,2.05,2.04,399900000,401900000,https://www.sec.gov/Archives/edgar/data/1551182/000155118224000013/0001551182-24-000013-index.htm,https://www.sec.gov/Archives/edgar/data/1551182/000155118224000013/etn-20240331.htm,14.861215303825956,2.0530132533133285,1.1877969492373093,0.730182545636409,6.106526631657914,48.32708177044261,-1.315328832208052,48.242060515128784,24.551137784446112,124780796999.99998,134095796999.99998,37.99658861144945,20.996264008076725,262.6964147368421,427.3314965753424,6.468007308729006,6.468007308729006,22.563654215042902,108.14177177419351,282.30694105263154,459.23218150684926,0.0065795380358085,0.002340103661944,0.5073605639643376,0.2540028545478137,7.512096774193548,1.5569420727702614,33.333333333333336,0.5778588807785888,0.0029491717383404,0.4482338611449452,0.0,0.0318021201413427,0.5151680290644868,0.3852631578947368,0.0307925290257445,0.8133333333333334,0.0,47.2063106597605,0.026263434969099,0.0439436921265321,-27.761315328832207,4240000000.0,-526000000.0,-7356000000.0,28372000000.0,4869500000.0,3382500000.0,3803500000.0,75.34073700151438,82.14765100671141,93.455033557047,1.194572864321608,1.0955882352941178,0.9630299896587384,0.0425565001036699,0.4576144036009002,2024-04-30,2.29,bmo,5906046627.0,2025-04-25,2024-03-31,0.0480349344978165,273.4052459016394,1779301.5901639345
2023-12-31,ETN,USD,1551182,2024-02-29,2024-02-29 14:35:53,2023,Q4,5967000000.0,3625000000.0,2342000000.0,0.3924920396,201000000,0.0,0.0,956000000.0,-107000000.0,1264000000.0,4889000000.0,0.0,27000000.0,231000000.0,1323000000.0,0.221719457,1078000000.0,0.1806602983,10000000.0,1088000000.0,0.1823361823,141000000.0,945000000.0,0.1583710407,2.37,2.35,399600000,401800000,https://www.sec.gov/Archives/edgar/data/1551182/000155118224000006/0001551182-24-000006-index.htm,https://www.sec.gov/Archives/edgar/data/1551182/000155118224000006/etn-20231231.htm,14.932432432432432,2.364864864864865,3.2482482482482484,2.64014014014014,6.529029029029029,47.72022022022022,-2.5025025025025025,47.63763763763764,24.934934934934933,96231672000.0,105680672000.0,25.458114285714284,16.12731221719457,74.1384221879815,91.21485497630331,5.055246480353016,5.055246480353016,17.710855036031507,79.87957067271353,81.41808320493067,100.17125308056872,0.0098200517600899,0.0109631265681427,0.5220109266652658,0.2585605745212323,7.142101284958428,1.5070349812830772,39.92592592592592,1.372093023255814,0.003574706672456,0.364021164021164,0.0,0.0336852689793866,0.5221950457951707,0.187211093990755,0.0407239819004524,1.051948051948052,0.0162560750796044,50.34652866508574,0.0293281641572329,0.0514621793824538,-28.30705705705705,3928000000.0,-1000000000.0,-7688000000.0,28175000000.0,4612000000.0,3310000000.0,3726000000.0,71.8552036199095,83.5448275862069,92.83034482758622,1.2525188916876575,1.077265973254086,0.9695105643220112,0.0496427820970792,0.6081081081081081,2024-02-01,2.47,bmo,5911050000.0,2025-04-25,2023-12-31,0.0323886639676111,220.7307936507937,1872981.0634920637
2023-09-30,ETN,USD,1551182,2023-10-31,2023-10-31 12:31:56,2023,Q3,5880000000.0,3684000000.0,2196000000.0,0.3734693878,187000000,0.0,0.0,949000000.0,52000000.0,1136000000.0,4820000000.0,47000000.0,33000000.0,229000000.0,1300000000.0,0.2210884354,1078000000.0,0.1833333333,19000000.0,1079000000.0,0.1835034014,187000000.0,891000000.0,0.1515306122,2.23,2.22,399400000,401600000,https://www.sec.gov/Archives/edgar/data/1551182/000155118223000029/0001551182-23-000029-index.htm,https://www.sec.gov/Archives/edgar/data/1551182/000155118223000029/etn-20230930.htm,14.72208312468703,2.2308462694041062,2.85678517776665,2.28592889334001,4.772158237356034,46.11917876815223,-3.803204807210816,46.02653980971457,24.20630946419629,85184032000.0,94471032000.0,23.90124354657688,14.487080272108845,74.65734618755477,93.30123986856518,4.633848229342327,4.633848229342327,16.066502040816328,72.67002461538462,82.79669763365469,103.4732004381161,0.0104597068145353,0.0107179711803263,0.5241255507806125,0.2583871919332779,7.1438461538461535,1.4522015073383578,32.666666666666664,1.2777155655095185,0.0040265762484687,0.3849607182940516,0.0,0.0318027210884353,0.5347153315991311,0.1998247151621384,0.0387755102040816,0.9956331877729258,0.0,48.06514359836898,0.0290057710135103,0.0513544668587896,-29.44792188282424,3420000000.0,-1519000000.0,-7886000000.0,27300000000.0,4429500000.0,3223500000.0,3691500000.0,68.26530612244898,79.51954397394137,90.7084690553746,1.3183856502242153,1.1317972350230414,0.9921896040937248,0.0484686939019746,0.5708562844266399,2023-10-31,2.34,bmo,5907180000.0,2025-04-25,2023-09-30,0.0555555555555557,215.5811111111111,2030584.7301587304
2023-06-30,ETN,USD,1551182,2023-08-01,2023-08-01 12:23:11,2023,Q2,5866000000.0,3747000000.0,2119000000.0,0.3612342312,187000000,0.0,0.0,986000000.0,-7000000.0,1173000000.0,4920000000.0,48000000.0,42000000.0,228000000.0,1183000000.0,0.2016706444,897000000.0,0.152915104,-48000000.0,898000000.0,0.1530855779,153000000.0,744000000.0,0.1268325946,1.87,1.86,398900000,400700000,https://www.sec.gov/Archives/edgar/data/1551182/000155118223000024/0001551182-23-000024-index.htm,https://www.sec.gov/Archives/edgar/data/1551182/000155118223000024/etn-20230630.htm,14.705439959889697,1.8651291050388568,2.1308598646277264,1.7297568312860363,3.334168964652795,45.096515417397846,-5.5402356480320885,45.006267234895965,24.627726247179744,80218790000.0,89647790000.0,26.95523857526882,13.675211387657688,94.37504705882353,116.25911594202898,4.468266584971871,4.468266584971871,15.28260995567678,75.78004226542689,105.46798823529411,129.92433333333332,0.0092746350325154,0.0086014760382199,0.5448671531220409,0.2660103880564544,7.970414201183432,1.5320446096654274,21.357142857142858,1.140939597315436,0.0044627948140329,0.4811827956989247,0.0,0.0318786225707466,0.5492888804285753,0.188235294117647,0.0272758267984998,0.7017543859649122,0.0,43.45924787547094,0.0243638809134086,0.0448895860987088,-30.884306843820507,3578000000.0,-2210000000.0,-8481000000.0,27638000000.0,4319000000.0,3155000000.0,3637000000.0,67.49232867371292,76.6693354683747,88.15052041633307,1.3334848829279382,1.1738721804511278,1.0209809264305176,0.0414415418035982,0.4011030333416897,2023-08-01,2.11,bmo,5762160000.0,2025-04-25,2023-06-30,0.04739336492891,175.88629032258066,2122687.564516129
2023-03-31,ETN,USD,1551182,2023-05-02,2023-05-02 12:22:59,2023,Q1,5483000000.0,3599000000.0,1884000000.0,0.3436075141,179000000,0.0,0.0,904000000.0,11000000.0,1083000000.0,4682000000.0,50000000.0,50000000.0,238000000.0,1049000000.0,0.1913186212,811000000.0,0.1479117272,-39000000.0,762000000.0,0.1389750137,123000000.0,638000000.0,0.1163596571,1.6,1.59,398500000,400500000,https://www.sec.gov/Archives/edgar/data/1551182/000155118223000008/0001551182-23-000008-index.htm,https://www.sec.gov/Archives/edgar/data/1551182/000155118223000008/etn-20230331.htm,13.75909661229611,1.6010037641154329,0.8406524466750314,0.5244667503136763,1.314930991217064,43.87703889585947,-7.013801756587202,43.78670012547052,23.36762860727729,68278990000.0,77305990000.0,26.75509012539185,12.45285245303666,203.8178805970149,326.69373205741624,3.913060347297839,3.913060347297839,14.09921393397775,73.69493803622498,230.76414925373132,369.88511961722486,0.0093440163657956,0.0030609708784503,0.530804057539114,0.26077652954923,8.605338417540516,1.5012321340561854,16.22,0.5242566510172144,0.0048916950880497,0.5235109717868338,0.0,0.032646361480941,0.5709941718050511,0.3761194029850746,0.022980120372059,0.5294117647058824,0.0,39.71536369818512,0.023033616174934,0.0418717595327164,-31.434755332496863,3051000000.0,-2795000000.0,-8894000000.0,27116000000.0,4157500000.0,3095000000.0,3517000000.0,69.58052161225606,77.97165879410947,90.12503473186996,1.2934654399622552,1.154265554842848,0.9986126526082132,0.0365636999254971,0.3161856963613551,2023-05-02,1.78,bmo,5746080000.0,2025-04-25,2023-03-31,0.0561797752808988,166.47032258064516,1990438.5322580645
2022-12-31,ETN,USD,1551182,2023-02-23,2023-02-23 16:22:19,2022,Q4,5384000000.0,3547000000.0,1837000000.0,0.3411961367,167000000,0.0,0.0,796000000.0,20000000.0,963000000.0,4510000000.0,73000000.0,44000000.0,238000000.0,895000000.0,0.1662332838,657000000.0,0.1220282318,194000000.0,851000000.0,0.1580609212,129000000.0,721000000.0,0.1339153046,1.81,1.8,398000000,400300000,https://www.sec.gov/Archives/edgar/data/1551182/000155118223000004/0001551182-23-000004-index.htm,https://www.sec.gov/Archives/edgar/data/1551182/000155118223000004/etn-20221231.htm,13.527638190954772,1.811557788944724,2.979899497487437,2.4547738693467336,1.394472361809045,42.904522613065325,-8.052763819095478,42.80904522613066,23.01005025125628,62466099999.99999,71286100000.0,21.659535367545075,11.60217310549777,52.66956155143339,63.93664278403275,3.6662812536682714,3.6662812536682714,13.240360326894502,79.64927374301676,60.10632377740304,72.96427840327533,0.0115422605221071,0.0156404833981951,0.5349219391947412,0.2601769911504424,9.854748603351956,1.3742745098039215,14.931818181818182,1.6426592797783934,0.0051547959613294,0.4466019417475728,0.0,0.0310178306092124,0.5789608906651441,0.1762225969645868,0.0388187221396731,0.8781512605042017,0.0180163447251114,41.7719862422819,0.0191456947029493,0.0488846701471286,-31.72613065326633,2386000000.0,-3205000000.0,-9193000000.0,26383000000.0,3946000000.0,3004500000.0,3429000000.0,68.13521545319465,77.94756131942486,87.03129405131097,1.3209028459273795,1.1546223958333333,1.0341107871720117,0.0423171733771569,0.5251256281407035,2023-02-08,2.05,bmo,5230270000.0,2025-04-25,2022-12-31,0.0048780487804879,153.30539682539683,1846685.9682539685
2022-09-30,ETN,USD,1551182,2022-11-01,2022-11-01 14:34:31,2022,Q3,5313000000.0,3545000000.0,1768000000.0,0.3327686806,165000000,0.0,0.0,813000000.0,-34000000.0,978000000.0,4523000000.0,15000000.0,37000000.0,237000000.0,994000000.0,0.187088274,757000000.0,0.1424807077,-70000000.0,720000000.0,0.1355166573,112000000.0,607000000.0,0.1142480708,1.52,1.52,398400000,400300000,https://www.sec.gov/Archives/edgar/data/1551182/000155118222000024/0001551182-22-000024-index.htm,https://www.sec.gov/Archives/edgar/data/1551182/000155118222000024/etn-20220930.htm,13.335843373493976,1.5235943775100402,2.4221887550200805,2.083333333333333,1.3002008032128514,40.41917670682731,-9.708835341365464,40.33132530120482,23.82530120481928,53130624000.00001,62354624000.00001,21.882464579901157,10.000117447769624,55.0576414507772,64.01280000000001,3.306610903659448,3.306610903659448,11.73623640127988,62.73101006036218,64.61619067357513,75.1260530120482,0.0114246728967459,0.015621875624875,0.588436644261887,0.2751425910836922,9.279678068410464,1.2836314444611454,20.45945945945946,1.587171052631579,0.006079356417873,0.5321252059308073,0.0,0.031055900621118,0.5811605168199279,0.1398963730569948,0.0254093732354601,0.569620253164557,0.0,37.18323628323645,0.0223207669417383,0.0421732786771347,-33.049698795180724,1887000000.0,-3868000000.0,-9721000000.0,25381000000.0,3826500000.0,2975000000.0,3436500000.0,64.64144551101073,74.5641748942172,87.0296191819464,1.3922955974842768,1.2070139598229486,1.0341306884480748,0.0377769479711227,0.338855421686747,2022-11-01,2.01,bmo,5311236322.0,2025-04-25,2022-09-30,0.0049751243781095,139.9240625,1593375.109375
2022-06-30,ETN,USD,1551182,2022-08-02,2022-08-02 14:06:44,2022,Q2,5212000000.0,3505000000.0,1707000000.0,0.3275134305,168000000,0.0,0.0,828000000.0,41000000.0,996000000.0,4501000000.0,0.0,31000000.0,235000000.0,751000000.0,0.1440905602,516000000.0,0.0990023024,204000000.0,720000000.0,0.1381427475,119000000.0,601000000.0,0.1153108212,1.51,1.5,399000000,400700000,https://www.sec.gov/Archives/edgar/data/1551182/000155118222000020/0001551182-22-000020-index.htm,https://www.sec.gov/Archives/edgar/data/1551182/000155118222000020/etn-20220630.htm,13.06265664160401,1.506265664160401,0.8521303258145363,0.5037593984962406,1.5614035087719298,41.142857142857146,-10.220551378446116,41.05263157894737,25.35338345864661,50270010000.0,59991010000.0,20.91098585690516,9.645051803530317,147.8529705882353,250.099552238806,3.0689871794871797,3.0689871794871797,11.510170759785112,79.88150466045273,176.44414705882352,298.462736318408,0.0119554382424033,0.0039984077982081,0.6156898656898657,0.2868887434927317,12.944074567243677,0.96801872074883,16.64516129032258,0.5647840531561462,0.006644120420903,0.5557404326123128,0.0,0.032233307751343,0.5829943390322305,0.4088235294117647,0.0266692248656945,0.5914893617021276,0.0,37.30031917883407,0.0145507471594428,0.0409987038679309,-33.86904761904762,-287000000.0,-4078000000.0,-10050000000.0,23743000000.0,3752000000.0,2940000000.0,3381000000.0,66.25671527244819,77.36661911554921,88.45934379457917,1.3583528798540527,1.163292399601726,1.0174165457184323,0.0366910866910866,0.3483709273182957,2022-08-02,1.82,bmo,5203555731.0,2025-04-25,2022-06-30,0.0274725274725274,139.88467741935486,2137528.1129032257
2022-03-31,ETN,USD,1551182,2022-05-03,2022-05-03 12:09:48,2022,Q1,4843000000.0,3269000000.0,1574000000.0,0.3250051621,165000000,0.0,0.0,790000000.0,8000000.0,955000000.0,4224000000.0,0.0,32000000.0,244000000.0,627000000.0,0.1294652075,383000000.0,0.0790832129,236000000.0,619000000.0,0.1278133388,86000000.0,532000000.0,0.109849267,1.33,1.32,399200000,401800000,https://www.sec.gov/Archives/edgar/data/1551182/000155118222000008/0001551182-22-000008-index.htm,https://www.sec.gov/Archives/edgar/data/1551182/000155118222000008/etn-20220331.htm,12.131763527054108,1.3326653306613228,0.1052104208416833,-0.1828657314629258,1.2650300601202404,41.723446893787575,-10.799098196392784,41.63326653306613,25.00250501002004,60582592000.0,70294592000.0,28.469263157894733,12.509310757794756,1442.4426666666666,-829.8985205479452,3.645161973525872,3.645161973525872,14.514679330993186,112.11258692185008,1673.680761904762,-962.9396164383562,0.0087814004392548,-0.001204966601627,0.5986161251504212,0.282577823221995,15.4896331738437,0.9924903100775194,11.96875,0.0787992495309568,0.0052820453769954,0.6015037593984962,0.0,0.0340697914515796,0.5955180640763463,2.738095238095238,0.0237456122238282,0.4713114754098361,0.0,35.33231163528633,0.0110682094353613,0.0373569271820799,-34.16395290581163,-62000000.0,-4311000000.0,-10358000000.0,24452000000.0,3482000000.0,2832000000.0,3143000000.0,68.14577741069584,78.93239522789844,91.3215050474151,1.320698118352877,1.1402162539239624,0.9855290925535122,0.0320096269554753,0.2880761523046092,2022-05-03,1.6,bmo,4781227766.0,2025-04-25,2022-03-31,0.0125,156.54983870967743,2074706.5322580645
2021-12-31,ETN,USD,1551182,2022-02-23,2022-02-23 16:31:49,2021,Q4,4798000000.0,3226000000.0,1572000000.0,0.3276365152,162000000,0.0,0.0,751000000.0,-2000000.0,913000000.0,4139000000.0,0.0,32000000.0,238000000.0,895000000.0,0.1865360567,657000000.0,0.136932055,-34000000.0,625000000.0,0.1302626094,74000000.0,551000000.0,0.1148395165,1.38,1.37,398900000,402100000,https://www.sec.gov/Archives/edgar/data/1551182/000155118222000004/0001551182-22-000004-index.htm,https://www.sec.gov/Archives/edgar/data/1551182/000155118222000004/etn-20211231.htm,12.02807721233392,1.3812985710704435,1.9929806969165205,1.584356981699674,1.4239157683629982,41.24091250940085,-10.416144397092005,41.1456505389822,22.431687139633997,68937898000.0,77556898000.0,31.27853811252269,14.368048770320968,86.71433710691824,109.07895253164556,4.200200938280631,4.200200938280631,16.164422259274698,86.65575195530727,97.55584654088052,122.71661075949368,0.0079927009088672,0.0091676714598985,0.5432279290806068,0.2620272136832515,9.630167597765364,1.0414586799778147,20.53125,1.442831215970962,0.0043952602094134,0.5499092558983666,0.0,0.0337640683618174,0.6055779234137597,0.2050314465408805,0.0339724885368903,0.6848739495798319,0.0210504376823676,35.75995856601835,0.0214817045580981,0.0410550629610312,-32.716846327400354,299000000.0,-4155000000.0,-10065000000.0,24411000000.0,3345000000.0,2694000000.0,2885500000.0,61.84451854939558,78.03161810291382,82.83013019218846,1.4552623597209584,1.1533786199499465,1.0865611316941732,0.0335709498568208,0.4086237152168463,2022-02-04,1.71,bmo,4901356260.0,2025-04-25,2021-12-31,0.0058479532163742,165.725625,1488027.78125
2021-09-30,ETN,USD,1551182,2021-11-02,2021-11-02 12:18:54,2021,Q3,4923000000.0,3338000000.0,1585000000.0,0.3219581556,152000000,0.0,0.0,834000000.0,-66000000.0,986000000.0,4324000000.0,0.0,37000000.0,247000000.0,846000000.0,0.1718464351,599000000.0,0.1216737762,514000000.0,1113000000.0,0.2260816575,483000000.0,629000000.0,0.1277676214,1.58,1.57,398900000,401900000,https://www.sec.gov/Archives/edgar/data/1551182/000155118221000184/0001551182-21-000184-index.htm,https://www.sec.gov/Archives/edgar/data/1551182/000155118221000184/etn-20210930.htm,12.341438957132114,1.5768362998245171,1.1807470543995988,0.8297819002256205,1.65455001253447,40.14539984958636,-12.018049636500375,40.03760340937578,23.67510654299323,59559759000.0,68695759000.0,23.67240023847377,12.098265082266913,126.45384076433122,179.93884894259818,3.729244192599086,3.729244192599086,13.954044078813732,81.20066075650118,145.85086836518047,207.54005740181267,0.0105608217790135,0.0055574435752837,0.5890050716924425,0.2756387716830755,10.79905437352246,1.265979032803517,16.18918918918919,0.7476190476190476,0.0050873275024501,0.4817170111287758,0.0,0.0308754824294129,0.609704641350211,0.2972399150743099,0.0284379443428803,0.5668016194331984,0.0,37.68934589923704,0.0117899924811734,0.0472222222222222,-33.86375031336174,1573000000.0,-4794000000.0,-10627000000.0,25854000000.0,3367000000.0,2537500000.0,2735000000.0,62.0292504570384,69.85919712402637,75.54823247453565,1.4509283819628649,1.2883056734851408,1.1912919343326196,0.0393838832884603,0.3509651541739784,2021-11-02,1.73,bmo,5158910000.0,2025-04-25,2021-09-30,0.0115606936416185,159.8178125,1634777.84375
2021-06-30,ETN,USD,1551182,2021-08-03,2021-08-03 12:17:14,2021,Q2,5215000000.0,3545000000.0,1670000000.0,0.3202301055,154000000,0.0,0.0,876000000.0,17000000.0,1030000000.0,4575000000.0,0.0,37000000.0,229000000.0,885000000.0,0.1697027804,640000000.0,0.1227229147,-20000000.0,620000000.0,0.1188878236,114000000.0,506000000.0,0.0970278044,1.27,1.26,398800000,401400000,https://www.sec.gov/Archives/edgar/data/1551182/000155118221000161/0001551182-21-000161-index.htm,https://www.sec.gov/Archives/edgar/data/1551182/000155118221000161/etn-20210630.htm,13.076730190571714,1.2688064192577733,1.5972918756268806,1.213640922768305,1.3540621865596791,38.74122367101304,-14.10481444332999,38.63590772316951,31.35656970912738,59094184000.0,71283184000.0,29.19673122529645,11.331578906999042,92.76951962323392,122.0954214876033,3.8352923156801664,3.8352923156801664,13.668875167785234,80.54597062146892,111.90452747252748,147.27930578512397,0.0085626023704803,0.0081903153108942,0.809190031152648,0.3387675252689925,13.772881355932205,1.0991466427127778,17.2972972972973,1.2588932806324111,0.0052966295295658,0.6185770750988142,0.0,0.0295302013422818,0.5726279752200848,0.2401883830455259,0.0293384467881112,0.6681222707423581,0.0,33.21119501000665,0.0166988260700521,0.032169877296713,-42.5633149448345,883000000.0,-5625000000.0,-11565000000.0,25486000000.0,3203000000.0,2328000000.0,2533500000.0,57.65867689357622,63.06346967559944,67.73483779971791,1.5609099072134092,1.4271336553945249,1.328710644677661,0.0328400830737279,0.3836509528585757,2021-08-03,1.55,bmo,4984410000.0,2025-04-25,2021-06-30,0.1096774193548386,144.12063492063493,1723805.0952380951
2021-03-31,ETN,USD,1551182,2021-05-04,2021-05-04 12:17:04,2021,Q1,4692000000.0,3184000000.0,1508000000.0,0.3213981245,148000000,0.0,0.0,795000000.0,11000000.0,943000000.0,4127000000.0,0.0,38000000.0,208000000.0,788000000.0,0.167945439,565000000.0,0.1204177323,-27000000.0,538000000.0,0.1146632566,79000000.0,458000000.0,0.0976129582,1.15,1.14,398300000,400900000,https://www.sec.gov/Archives/edgar/data/1551182/000155118221000120/0001551182-21-000120-index.htm,https://www.sec.gov/Archives/edgar/data/1551182/000155118221000120/etn-20210331.htm,11.780065277429074,1.149887019834296,0.6527742907356264,0.3540045192066282,3.261360783329149,37.75295003766006,-8.6417273412001,37.64750188300276,26.42229475269897,55076924000.0,65208924000.0,30.0638231441048,11.738474850809888,211.83432307692308,390.61648226950354,3.6730192730910303,3.6730192730910303,13.897895140664962,82.75244162436549,250.80355384615385,462.47463829787233,0.0083156423187322,0.0025600558230158,0.699299766588863,0.30768779342723,12.857868020304569,1.5050904117915211,14.86842105263158,0.5664488017429193,0.0054469272830123,0.6550218340611353,0.0,0.03154305200341,0.5422241784037559,0.4576923076923077,0.0253623188405797,0.5721153846153846,0.0,31.20950831477759,0.0166362490417646,0.0293570924940708,-35.76638212402712,3324000000.0,-3442000000.0,-9138000000.0,25154000000.0,2984500000.0,2079500000.0,2254000000.0,58.79156010230179,61.39447236180905,67.81092964824121,1.530831973898858,1.4659300184162063,1.3272196748645269,0.0305435145048349,0.2987697715289982,2021-05-04,1.23,bmo,4528780000.0,2025-04-25,2021-03-31,0.1707317073170731,128.91065573770493,2460955.885245901
2020-12-31,ETN,USD,1551182,2021-02-24,2021-02-24 16:00:55,2020,Q4,4687000000.0,3178000000.0,1509000000.0,0.3219543418,140000000,865000000.0,-100000000.0,765000000.0,-15000000.0,905000000.0,4083000000.0,0.0,36000000.0,208000000.0,804000000.0,0.1715382974,604000000.0,0.1288670792,-51000000.0,553000000.0,0.1179859185,77000000.0,475000000.0,0.1013441434,1.19,1.18,398700000,401300000,https://www.sec.gov/Archives/edgar/data/1551182/000155118221000022/0001551182-21-000022-index.htm,https://www.sec.gov/Archives/edgar/data/1551182/000155118221000022/etn-20201231.htm,11.755706044645096,1.1913719588663154,2.3651868572861803,2.1193880110358667,2.763982944569852,37.55455229495862,-5.27965889139704,37.44670178078755,21.11863556558816,47899818000.0,55845818000.0,25.210430526315797,10.21971794324728,50.79514103923648,56.68617514792899,3.2082932350971203,3.2082932350971203,11.91504544484745,69.45997263681592,59.22144008483563,66.08972544378699,0.0099165303717855,0.0176409856087553,0.5615539182853315,0.2634489693313223,9.883084577114428,1.548768140398245,16.77777777777778,1.98109243697479,0.0060751796593465,0.6126315789473684,0.1845530189886921,0.0298698527842969,0.536639014580191,0.1039236479321314,0.0209088969490078,0.4711538461538461,0.0196287604011094,31.682666952252323,0.0199784319324142,0.0322121253221212,-31.3932781540005,3252000000.0,-2105000000.0,-7673000000.0,23722000000.0,2890000000.0,1887500000.0,2102500000.0,55.76274802645616,56.27123977344242,59.72624292007552,1.6139807162534436,1.599396074484147,1.5068752963489809,0.0318151373074346,0.2457988462503135,2021-02-02,1.2,bmo,4594240000.0,2025-04-25,2020-12-31,0.0666666666666667,113.0090625,1670636.546875
2020-09-30,ETN,USD,1551182,2020-11-03,2020-11-03 12:32:39,2020,Q3,4526000000.0,3051000000.0,1475000000.0,0.3258948299,132000000,0.0,0.0,754000000.0,-23000000.0,886000000.0,3937000000.0,0.0,41000000.0,206000000.0,789000000.0,0.1743261158,589000000.0,0.1301369863,-64000000.0,525000000.0,0.1159964649,78000000.0,446000000.0,0.0985417587,1.11,1.11,400400000,402300000,https://www.sec.gov/Archives/edgar/data/1551182/000155118220000190/0001551182-20-000190-index.htm,https://www.sec.gov/Archives/edgar/data/1551182/000155118220000190/etn-20200930.htm,11.303696303696304,1.1138861138861138,2.3001998001998003,2.0779220779220777,1.9055944055944056,36.25874125874126,-5.839160839160839,36.15384615384615,21.39110889110889,40852812000.0,48947812000.0,22.899558295964127,9.026250994255411,44.35701628664495,49.1019375,2.822106382978724,2.822106382978724,10.81480600972161,62.0377845373891,53.146375678610205,58.83150480769231,0.0109172411436451,0.0203657951379209,0.588836695219674,0.2751008552525416,10.259822560202789,1.493712316968131,14.365853658536585,2.0604026845637584,0.0071476107935972,0.6547085201793722,0.0,0.0291648254529385,0.5440051637889302,0.0966340933767643,0.0196641626159964,0.4320388349514563,0.0,30.101553313288377,0.0189721722305992,0.0315662821147993,-31.21628371628372,2866000000.0,-2338000000.0,-7796000000.0,23059000000.0,2761500000.0,1704000000.0,2117000000.0,57.1895713654441,52.743362831858406,61.82890855457227,1.5737134909596662,1.7063758389261745,1.4556297709923665,0.0308096159159988,0.2222777222777222,2020-11-03,1.04,bmo,4027372881.0,2025-04-25,2020-09-30,0.1346153846153845,97.7521875,1567224.5625
2020-06-30,ETN,USD,1551182,2020-07-29,2020-07-29 12:27:40,2020,Q2,3856000000.0,2877000000.0,979000000.0,0.2538900415,126000000,0.0,0.0,691000000.0,-77000000.0,817000000.0,3694000000.0,0.0,38000000.0,198000000.0,348000000.0,0.0902489627,162000000.0,0.0420124481,-115000000.0,47000000.0,0.0121887967,-7000000.0,51000000.0,0.0132261411,0.13,0.13,400400000,401300000,https://www.sec.gov/Archives/edgar/data/1551182/000155118220000167/0001551182-20-000167-index.htm,https://www.sec.gov/Archives/edgar/data/1551182/000155118220000167/etn0630202010-q.htm,9.63036963036963,0.1273726273726273,1.8906093906093904,1.6658341658341658,1.2387612387612388,35.55194805194805,-6.251248751248752,35.434565434565435,21.543456543456543,35026992000.0,43322992000.0,171.70094117647062,9.083763485477178,46.27079524438574,52.51423088455772,2.4687758669298,2.4687758669298,11.235215767634855,124.49135632183908,57.229844121532366,64.952011994003,0.0014560199745384,0.0190424573140622,0.6053002537355512,0.2829840516673257,23.83908045977012,1.4962652577883038,4.2631578947368425,14.01851851851852,0.0085933727909036,5.901960784313726,0.0,0.0326763485477178,0.5515355212864109,0.11889035667107,0.0233402489626556,0.4545454545454545,0.0,10.077269383725802,0.0070984195711249,0.0037472446730345,-31.3754995004995,2724000000.0,-2503000000.0,-7900000000.0,22785000000.0,2799000000.0,1702500000.0,2242000000.0,61.781639004149376,50.67778936392075,66.88216892596455,1.456743483188515,1.775925925925926,1.3456501403180543,0.0035945869749083,0.2247752247752247,2020-07-29,0.52,bmo,2919542857.0,2025-04-25,2020-06-30,0.346153846153846,82.31873015873016,2526571.904761905
2020-03-31,ETN,USD,1551182,2020-04-30,2020-04-30 14:05:03,2020,Q1,4789000000.0,3302000000.0,1487000000.0,0.3105032366,153000000,865000000.0,0.0,865000000.0,-35000000.0,1018000000.0,4320000000.0,0.0,34000000.0,199000000.0,656000000.0,0.1369805805,469000000.0,0.0979327626,152000000.0,621000000.0,0.1296721654,183000000.0,438000000.0,0.0914595949,1.07,1.07,409300000,411100000,https://www.sec.gov/Archives/edgar/data/1551182/000155118220000127/0001551182-20-000127-index.htm,https://www.sec.gov/Archives/edgar/data/1551182/000155118220000127/etn0331202010-q.htm,11.700464207182996,1.0701197165892988,0.7891522110921084,0.5155142926948448,1.0188126068898118,34.90838016125092,-5.932079159540679,34.80332274615197,21.492792572685072,31798517000.0,40322517000.0,18.149838470319636,6.639907496345792,98.44742105263158,150.7038720379147,2.232258125658125,2.232258125658125,8.419819795364377,61.46725152439024,124.83751393188857,191.1019763033175,0.0137742272697811,0.0066355295751685,0.6151632151632151,0.2840979088993354,12.99390243902439,1.7536407766990292,13.794117647058824,0.7374429223744292,0.0091513701723888,0.6643835616438356,0.1806222593443307,0.0319482146585926,0.5419354838709678,0.3467492260061919,0.0233869283775318,0.5628140703517588,0.0,28.947948841899937,0.0124883823063802,0.0310000707764172,-31.1599071585634,3726000000.0,-2428000000.0,-7887000000.0,23815000000.0,3194000000.0,1949500000.0,2575500000.0,55.45834203382752,48.65233192004845,63.94306480920654,1.6228397153507286,1.8498599439775911,1.4075021312872975,0.0307476307476307,0.2736379183972636,2020-04-30,1.07,bmo,4701128440.0,2025-04-25,2020-03-31,0.0186915887850467,91.67467741935484,3623818.532258065
2019-12-31,ETN,USD,1551182,2020-02-26,2020-02-26 13:07:06,2019,Q4,5238000000.0,3556000000.0,1682000000.0,0.3211149294,152000000,874000000.0,0.0,874000000.0,-71000000.0,1026000000.0,4582000000.0,0.0,53000000.0,216000000.0,869000000.0,0.1659030164,656000000.0,0.1252386407,-124000000.0,532000000.0,0.101565483,79000000.0,452000000.0,0.086292478,1.09,1.09,413600000,415800000,https://www.sec.gov/Archives/edgar/data/1551182/000155118220000050/0001551182-20-000050-index.htm,https://www.sec.gov/Archives/edgar/data/1551182/000155118220000050/etn12312019form10-k.htm,12.664410058027078,1.0928433268858802,2.265473887814313,1.9124758220502904,1.428916827852998,39.00628626692456,-4.741295938104448,38.88297872340426,21.049323017408124,39176192000.0,47459192000.0,21.668247787610618,7.479227185948836,41.81023692636073,49.52742351453856,2.436027359781121,2.436027359781121,9.06055593738068,54.613569620253166,50.650151547492,59.99897850821745,0.0115376195828323,0.0201908342699566,0.5380549682875264,0.263770766651425,9.531645569620252,1.700701480904131,12.37735849056604,2.068432671081678,0.0075045578702493,0.6504424778761062,0.1668575792287132,0.0290187094310805,0.5515622618503276,0.1558164354322305,0.027873234058801,0.6759259259259259,0.0166093928980526,30.92074685570604,0.0199104069208844,0.0307253075929576,-29.25713249516441,3596000000.0,-1961000000.0,-7944000000.0,25622000000.0,3612000000.0,2202000000.0,2853000000.0,59.054982817869416,53.503937007874015,70.99268841394826,1.5240034914169334,1.6821192052980132,1.2677361853832445,0.028105956970526,0.3529980657640232,2020-02-04,1.41,bmo,5390934306.0,2025-04-25,2019-12-31,-0.028368794326241,88.7809375,2182372.015625
2019-09-30,ETN,USD,1551182,2019-10-29,2019-10-29 12:29:45,2019,Q3,5314000000.0,3512000000.0,1802000000.0,0.3391042529,147000000,885000000.0,0.0,885000000.0,2000000.0,1032000000.0,4544000000.0,7000000.0,54000000.0,226000000.0,992000000.0,0.186676703,770000000.0,0.1449002635,-52000000.0,718000000.0,0.1351147911,116000000.0,601000000.0,0.1130974784,1.44,1.44,416600000,418400000,https://www.sec.gov/Archives/edgar/data/1551182/000155118219000183/0001551182-19-000183-index.htm,https://www.sec.gov/Archives/edgar/data/1551182/000155118219000183/etn0930201910-q.htm,12.755640902544409,1.442630820931349,2.599615938550168,2.256361017762842,1.9923187710033603,38.166106577052325,-5.026404224675948,38.04128660585694,20.182429188670188,34640290000.0,42445290000.0,14.409438435940102,6.518684606699285,31.985493998153284,36.851372340425534,2.185783064109036,2.185783064109036,7.9874463680843055,42.78759072580645,39.192326869806095,45.15456382978723,0.0173497392775868,0.0271360314824154,0.5271327612317012,0.2619219313372002,7.867943548387097,1.7189444325252092,14.25925925925926,1.7990033222591362,0.0086026993422976,0.4958402662229617,0.1665412118931125,0.0276627775686864,0.56416366201599,0.1320406278855032,0.0269100489273616,0.6327433628318584,0.0,35.13957145190551,0.0236986596356314,0.0432342996906697,-26.10237638022084,3351000000.0,-2094000000.0,-7983000000.0,25272000000.0,3865500000.0,2279000000.0,2877000000.0,64.1381257056831,58.684510250569474,74.34225512528474,1.4032215473989966,1.5336244541484716,1.2106170286108238,0.0379227662796567,0.3432549207873259,2019-10-29,1.51,bmo,5279039473.0,2025-04-25,2019-09-30,0.0066225165562913,81.0171875,2349981.53125
2019-06-30,ETN,USD,1551182,2019-07-30,2019-07-30 12:17:20,2019,Q2,5533000000.0,3697000000.0,1836000000.0,0.3318272185,151000000,907000000.0,0.0,907000000.0,23000000.0,1058000000.0,4755000000.0,13000000.0,63000000.0,221000000.0,1013000000.0,0.1830833183,778000000.0,0.1406108802,-40000000.0,738000000.0,0.133381529,102000000.0,636000000.0,0.1149466835,1.51,1.5,421600000,423100000,https://www.sec.gov/Archives/edgar/data/1551182/000155118219000160/0001551182-19-000160-index.htm,https://www.sec.gov/Archives/edgar/data/1551182/000155118219000160/etn0630201910-q.htm,13.12381404174573,1.50853889943074,2.087286527514232,1.7338709677419355,1.8904174573055028,38.80692599620493,-4.430740037950664,38.6764705882353,20.06641366223909,35068688000.0,43053688000.0,13.784861635220128,6.338096511838063,39.85078181818182,47.97358139534884,2.150661596958175,2.150661596958175,7.781255738297488,42.50117275419546,48.924645454545455,58.896974008207934,0.0181358367327571,0.0208448060560463,0.5149638169998774,0.2604205433569036,7.882527147087858,1.8260674157303367,12.34920634920635,1.3836477987421385,0.0087542482342082,0.4827044025157233,0.1639255376829929,0.0272908006506416,0.5653454906339164,0.1693181818181818,0.0269293330923549,0.6742081447963801,0.0,36.23205222504574,0.0241168139532911,0.045379950053514,-25.383064516129032,3676000000.0,-1868000000.0,-7757000000.0,25834000000.0,3904500000.0,2271000000.0,2875000000.0,64.15326224471355,55.21233432512849,69.45361103597511,1.40289046653144,1.6300705467372134,1.2958289519803716,0.0390040475898442,0.353415559772296,2019-07-30,1.51,bmo,5460673202.0,2025-04-25,2019-06-30,0.0132450331125827,80.9368253968254,2044622.5555555555
2019-03-31,ETN,USD,1551182,2019-04-30,2019-04-30 13:03:50,2019,Q1,5305000000.0,3573000000.0,1732000000.0,0.3264844486,156000000,917000000.0,0.0,917000000.0,10000000.0,1073000000.0,4646000000.0,6000000.0,66000000.0,221000000.0,882000000.0,0.1662582469,659000000.0,0.1242224317,-56000000.0,603000000.0,0.1136663525,81000000.0,522000000.0,0.098397738,1.23,1.23,424000000,425900000,https://www.sec.gov/Archives/edgar/data/1551182/000155118219000124/0001551182-19-000124-index.htm,https://www.sec.gov/Archives/edgar/data/1551182/000155118219000124/etn0331201910-q.htm,12.51179245283019,1.231132075471698,1.2995283018867925,0.9481132075471698,1.05188679245283,38.365566037735846,-4.257075471698113,38.28537735849056,18.724056603773583,34869760000.0,42439760000.0,16.70007662835249,6.572999057492932,63.28450090744101,86.74069651741293,2.148078605310171,2.148078605310171,7.999954759660698,48.11764172335601,77.02315789473684,105.5715422885572,0.0149699911900741,0.0115286139049996,0.4849996919854617,0.2487598344339473,8.582766439909298,1.465001891789633,9.984848484848484,1.0555555555555556,0.0086607995007708,0.578544061302682,0.1728557964184731,0.0294062205466541,0.571013302158046,0.2704174228675136,0.0280867106503298,0.6742081447963801,0.0,32.565672294157416,0.0210151628947284,0.03844737423584,-24.97346698113208,2458000000.0,-1805000000.0,-7638000000.0,24423000000.0,3861500000.0,2202000000.0,2841000000.0,65.57021677662583,57.27959697732997,72.97229219143577,1.3725743855109962,1.571240105540897,1.2333448394891269,0.03215671779708,0.3514150943396226,2019-04-30,1.24,bmo,5220793650.0,2025-04-25,2019-03-31,0.0161290322580645,76.25196721311475,2759518.0655737706
2018-12-31,ETN,USD,1551182,2019-02-27,2019-02-27 15:05:59,2018,Q4,5459000000.0,3670000000.0,1789000000.0,0.3277156988,145000000,869000000.0,0.0,869000000.0,17000000.0,1014000000.0,4684000000.0,0.0,66000000.0,223000000.0,1002000000.0,0.1835501008,775000000.0,0.1419673933,-49000000.0,726000000.0,0.1329913904,94000000.0,631000000.0,0.1155889357,1.46,1.46,429900000,432400000,https://www.sec.gov/Archives/edgar/data/1551182/000155118219000045/0001551182-19-000045-index.htm,https://www.sec.gov/Archives/edgar/data/1551182/000155118219000045/etn12312018form10-k.htm,12.698301930681554,1.4677832053966038,1.9074203303093744,1.5491974877878576,1.0234938357757617,37.54826703884624,-4.726680623400791,37.46685275645499,17.648290300069785,29516934000.0,36754934000.0,11.694506339144215,5.407022165231727,35.99626097560976,44.31972072072072,1.8325531756379208,1.8325531756379208,6.732906026744825,36.68157085828344,44.82309024390244,55.18758858858859,0.0213775590649083,0.0225633190764325,0.4669398398211957,0.2418950212273253,7.223552894211576,1.4726426076833528,11.742424242424242,1.2974683544303798,0.0096554743795544,0.4516640253565768,0.1591866642242169,0.0265616413262502,0.5845233500578927,0.1878048780487805,0.0282102949258105,0.6905829596412556,0.0179520058618794,35.17594899625768,0.0255570743004364,0.0488465706765753,-23.78227494766225,2436000000.0,-2032000000.0,-7360000000.0,24077000000.0,3942500000.0,2147500000.0,2810000000.0,63.60505587103866,52.234332425068125,68.29700272479565,1.4149818558838776,1.7230046948356808,1.3177737881508078,0.0391755137517849,0.3582228425215166,2019-01-31,1.43,bmo,5346828767.0,2025-04-25,2018-12-31,0.0209790209790209,74.7911111111111,2978795.253968254
2018-09-30,ETN,USD,1551182,2018-10-30,2018-10-30 12:33:22,2018,Q3,5412000000.0,3597000000.0,1815000000.0,0.3353658537,138000000,889000000.0,0.0,889000000.0,-7000000.0,1027000000.0,4624000000.0,0.0,67000000.0,223000000.0,1012000000.0,0.1869918699,788000000.0,0.1456023651,-349000000.0,439000000.0,0.0811160384,23000000.0,416000000.0,0.0768662232,0.96,0.95,433500000,436300000,https://www.sec.gov/Archives/edgar/data/1551182/000155118218000225/0001551182-18-000225-index.htm,https://www.sec.gov/Archives/edgar/data/1551182/000155118218000225/etn0930201810-qdoc.htm,12.484429065743944,0.9596309111880046,2.306805074971165,2.0046136101499425,1.1649365628604382,38.72895040369089,-3.56401384083045,38.648212226066896,16.86735870818916,37909575000.0,44827575000.0,22.78219651442308,7.004725609756098,37.909575,43.62436708860759,2.262717858421869,2.262717858421869,8.282996119733925,44.29602272727273,44.827575,51.5852416570771,0.0109734809741338,0.0229229686695247,0.4324340456010505,0.2290691792082964,6.835968379446641,1.4936396430605658,11.761194029850746,2.4038461538461537,0.007544268169717,0.6875,0.1642645971914264,0.0254988913525498,0.579676236246364,0.131,0.0242054693274205,0.5874439461883408,0.0,28.88737492524163,0.027790958426402,0.0312923123213479,-22.82871972318339,2600000000.0,-1545000000.0,-6972000000.0,24380000000.0,4059500000.0,2178500000.0,2794000000.0,66.96784922394679,54.170141784820686,70.93411175979983,1.343928482741495,1.661431870669746,1.2687830687830688,0.0248298913692252,0.3021914648212226,2018-10-30,1.44,bmo,5412000000.0,2025-04-25,2018-09-30,-0.0069444444444444,81.79253968253968,2337200.301587302
2018-06-30,ETN,USD,1551182,2018-07-31,2018-07-31 11:28:54,2018,Q2,5487000000.0,3671000000.0,1816000000.0,0.330964097,145000000,901000000.0,0.0,901000000.0,-8000000.0,1046000000.0,4717000000.0,0.0,68000000.0,227000000.0,989000000.0,0.1802442136,770000000.0,0.1403316931,-76000000.0,694000000.0,0.1264807727,83000000.0,610000000.0,0.1111718608,1.4,1.39,435200000,437300000,https://www.sec.gov/Archives/edgar/data/1551182/000155118218000208/0001551182-18-000208-index.htm,https://www.sec.gov/Archives/edgar/data/1551182/000155118218000208/etn0630201810-qdoc.htm,12.607996323529411,1.4016544117647058,1.1465992647058822,0.8042279411764706,1.130514705882353,38.43060661764706,-4.025735294117647,38.35018382352941,17.81479779411765,32526848000.0,39955848000.0,13.330675409836063,5.927983962092218,65.18406412825651,92.93385142857142,1.9488824445775912,1.9488824445775912,7.281911427009295,40.40025075834176,80.07183967935872,114.15956571428572,0.0187537384501566,0.0107603417336964,0.4604553624925105,0.2411737015534285,7.511627906976744,1.468906627065157,11.323529411764708,0.8166939443535188,0.0090386870563049,0.4819672131147541,0.1642063058137415,0.0264260980499362,0.5798525027459596,0.2985971943887776,0.0271550938582103,0.6563876651982379,0.0,34.77726768789266,0.0247322387020871,0.0455631909172393,-23.44324448529412,2526000000.0,-1752000000.0,-7227000000.0,24465000000.0,4048500000.0,2197500000.0,2749000000.0,67.11864406779661,53.74012530645601,67.49387087986925,1.3409090909090908,1.6747262773722629,1.3334544133672357,0.03654883163571,0.3423713235294117,2018-07-31,1.33,bmo,5250151079.0,2025-04-25,2018-06-30,0.045112781954887,77.35015625,2950375.828125
2018-03-31,ETN,USD,1551182,2018-05-01,2018-05-01 11:28:10,2018,Q1,5251000000.0,3573000000.0,1678000000.0,0.3195581794,156000000,889000000.0,0.0,889000000.0,2000000.0,1045000000.0,4618000000.0,0.0,70000000.0,230000000.0,865000000.0,0.1647305275,633000000.0,0.120548467,-68000000.0,565000000.0,0.1075985527,78000000.0,488000000.0,0.0929346791,1.11,1.1,438800000,441700000,https://www.sec.gov/Archives/edgar/data/1551182/000155118218000169/0001551182-18-000169-index.htm,https://www.sec.gov/Archives/edgar/data/1551182/000155118218000169/etn0331201810-qdoc.htm,11.966727438468553,1.112123974475843,0.7725615314494074,0.4740200546946217,1.8846855059252507,39.42798541476755,-3.653144940747493,39.34138559708296,18.110756608933453,35064508000.0,42624508000.0,17.963375,6.677681965339935,103.43512684365784,168.5793653846154,2.0311943462897526,2.0311943462897526,8.117407731860599,49.27688786127168,125.73601179941004,204.92551923076925,0.0139172065383036,0.0059319240982933,0.456293807565313,0.2411228113138239,8.739884393063583,1.5064862861378798,9.042857142857144,0.6960985626283368,0.0080993579034389,0.5819672131147541,0.1693010855075223,0.0297086269282041,0.5786702583568017,0.3864306784660767,0.0249476290230432,0.5695652173913044,0.0,31.37564672658284,0.019276865085519,0.035454809648358,-23.16260255241568,2733000000.0,-1603000000.0,-7238000000.0,25180000000.0,3974000000.0,2184500000.0,2682500000.0,68.64406779661016,55.4911838790932,69.14357682619648,1.3111111111111111,1.6218792555605992,1.301639344262295,0.0282685512367491,0.2985414767547857,2018-05-01,1.07,bmo,5107790909.0,2025-04-25,2018-03-31,0.0280373831775701,82.05901639344263,2943448.62295082
2017-12-31,ETN,USD,1551182,2018-02-28,2018-02-28 12:45:42,2017,Q4,5213000000.0,3535000000.0,1678000000.0,0.3218875887,144000000,862000000.0,0.0,862000000.0,28000000.0,1006000000.0,4541000000.0,0.0,65000000.0,229000000.0,902000000.0,0.173028966,615000000.0,0.117974295,-45000000.0,635000000.0,0.1218108575,1000000.0,639000000.0,0.12257817,1.44,1.43,440300000,443300000,https://www.sec.gov/Archives/edgar/data/1551182/000155118218000074/0001551182-18-000074-index.htm,https://www.sec.gov/Archives/edgar/data/1551182/000155118218000074/etn12312017form10-k.htm,11.839654780831252,1.4512832159890985,1.9963661140131728,1.6125369066545536,2.48694072223484,39.26868044515104,-3.5044287985464457,39.184646831705656,17.751533045650692,34788103000.0,41978103000.0,13.610368935837249,6.673336466525993,39.57690898748578,48.99732816901408,2.01635095345737,2.01635095345737,8.052580663725303,46.53891685144124,47.75665870307167,59.12408873239437,0.0183683485127084,0.0204092761252316,0.4492552019938561,0.237760736196319,7.971175166297117,1.6456848772763262,9.461538461538462,1.375586854460094,0.0076175467227977,0.4147104851330203,0.165355841166315,0.0276232495683867,0.5776993865030675,0.19226393629124,0.0324189526184538,0.7379912663755459,0.0189909840782658,35.770524962664204,0.021826798523496,0.0464153410329047,-22.593118328412444,3262000000.0,-1543000000.0,-6996000000.0,25597000000.0,3952500000.0,2102500000.0,2538500000.0,68.07404565509303,55.14568599717115,66.70438472418671,1.3220897793558204,1.6320406278855033,1.349236641221374,0.037037037037037,0.3838292073586191,2018-02-01,1.21,bmo,4889713178.0,2025-04-25,2017-12-31,0.0661157024793389,77.7357142857143,2295869.015873016
2017-09-30,ETN,USD,1551182,2017-10-31,2017-10-31 14:17:05,2017,Q3,5211000000.0,3469000000.0,1742000000.0,0.3342928421,147000000,916000000.0,0.0,916000000.0,-5000000.0,1063000000.0,4532000000.0,0.0,60000000.0,232000000.0,915000000.0,0.1755900979,679000000.0,0.1303012857,995000000.0,1691000000.0,0.324505853,292000000.0,1401000000.0,0.2688543466,3.16,3.14,442600000,445200000,https://www.sec.gov/Archives/edgar/data/1551182/000155118217000181/0001551182-17-000181-index.htm,https://www.sec.gov/Archives/edgar/data/1551182/000155118217000181/etn0930201710-qdoc.htm,11.773610483506552,3.165386353366471,1.6945323090826931,1.4572977858111162,3.691821057388161,37.58698599186624,-5.112968820605513,37.4898328061455,19.95481247175779,33987254000.000004,41968254000.0,6.064820485367595,6.522213394741893,45.316338666666674,52.69341705426357,2.0482886759476893,2.0482886759476893,8.05378123200921,45.866944262295085,55.957672,65.06706046511628,0.0412213355041863,0.0189777026411136,0.5286566624480202,0.268051948051948,8.7224043715847,1.4320338983050849,11.316666666666666,0.536097212294496,0.0078264634147848,0.1898643825838686,0.1757819996161965,0.028209556706966,0.5775095492742551,0.14,0.0201496833621185,0.4525862068965517,0.0,51.67272603586616,0.0198330403506071,0.1013308259800376,-23.16990510619069,2549000000.0,-2263000000.0,-7640000000.0,24934000000.0,3887500000.0,1962000000.0,2425000000.0,68.42832469775475,52.89997117324877,63.74459498414528,1.3152448258455325,1.7013241785188815,1.4118844118844118,0.0844331947206653,0.237234523271577,2017-10-31,1.26,bmo,5211000000.0,2025-04-25,2017-09-30,-0.0079365079365079,75.47015873015873,2492296.222222222
2017-06-30,ETN,USD,1551182,2017-08-01,2017-08-01 11:56:41,2017,Q2,5132000000.0,3450000000.0,1682000000.0,0.3277474669,150000000,902000000.0,0.0,902000000.0,-11000000.0,1052000000.0,4502000000.0,0.0,60000000.0,228000000.0,858000000.0,0.1671862822,630000000.0,0.1227591582,-60000000.0,570000000.0,0.1110678098,54000000.0,516000000.0,0.1005455963,1.16,1.15,446300000,448600000,https://www.sec.gov/Archives/edgar/data/1551182/000155118217000169/0001551182-17-000169-index.htm,https://www.sec.gov/Archives/edgar/data/1551182/000155118217000169/etn0630201710-qdoc.htm,11.498991709612367,1.1561729778176115,1.2861304055568004,0.9948465157965494,1.8754201209948465,34.940622899395024,-7.380685637463589,34.846515796549404,19.41519157517365,34735529000.0,43028529000.0,16.829229166666664,6.768419524551832,60.51485888501742,78.23317342342342,2.233508809156379,2.233508809156379,8.384358729540141,50.1498006993007,74.96259407665505,96.91110135135136,0.0148551070000977,0.0127823013721771,0.5533050411522634,0.2744378886939882,9.665501165501166,1.1867173878586146,10.5,1.1124031007751938,0.0078881769729201,0.5310077519379846,0.1757599376461418,0.0292283710054559,0.6023919630043055,0.2264808362369338,0.0253312548713951,0.5701754385964912,0.0,30.10803046595645,0.0208243250255115,0.0413892676666399,-24.35077302263052,1178000000.0,-3294000000.0,-8274000000.0,23596000000.0,3743000000.0,1888000000.0,2368500000.0,66.86866718628215,49.17391304347826,62.426086956521736,1.3459218463152374,1.830238726790451,1.4417049728374425,0.033179012345679,0.2912838897602509,2017-08-01,1.16,bmo,5176626086.0,2025-04-25,2017-06-30,-0.0086206896551724,76.20619047619047,2233907.8571428573
2017-03-31,ETN,USD,1551182,2017-05-02,2017-05-02 13:39:47,2017,Q1,4848000000.0,3310000000.0,1538000000.0,0.3172442244,143000000,885000000.0,0.0,885000000.0,15000000.0,1028000000.0,4338000000.0,0.0,61000000.0,225000000.0,748000000.0,0.154290429,510000000.0,0.1051980198,-58000000.0,464000000.0,0.095709571,32000000.0,434000000.0,0.0895214521,0.97,0.96,448800000,451000000,https://www.sec.gov/Archives/edgar/data/1551182/000155118217000131/0001551182-17-000131-index.htm,https://www.sec.gov/Archives/edgar/data/1551182/000155118217000131/etn0331201710-qdoc.htm,10.802139037433156,0.967023172905526,1.0316399286987523,0.7731729055258467,1.1653297682709447,33.865864527629235,-7.883244206773618,33.7722816399287,18.43582887700535,33278520000.000004,41269520000.0,19.169654377880185,6.864381188118813,71.87585313174947,95.9035158501441,2.1955875173187307,2.1955875173187307,8.512689768976898,55.1731550802139,89.13503239740821,118.93233429394812,0.013041445352738,0.0104271463995394,0.5418618460117437,0.2683022442912678,10.683155080213904,1.255173654849739,8.360655737704919,1.0717592592592593,0.0079029956861062,0.6059907834101382,0.182549504950495,0.0294966996699669,0.6121002254091666,0.2505399568034557,0.0239273927392739,0.5155555555555555,0.0,27.107527115606008,0.0178573744342571,0.0365504463533771,-24.42569073083779,1418000000.0,-3538000000.0,-8437000000.0,23636000000.0,3616500000.0,1804500000.0,2299000000.0,68.18688118811882,51.41691842900303,63.73413897280967,1.3199019874761777,1.7503966155473294,1.4121160409556317,0.028633634624266,0.2584670231729055,2017-05-02,0.88,bmo,4444000000.0,2025-04-25,2017-03-31,0.0909090909090908,71.03225806451613,2222480.370967742
2016-12-31,ETN,USD,1551182,2017-02-22,2017-02-22 16:03:51,2016,Q4,4867000000.0,3319000000.0,1548000000.0,0.3180604068,145000000,863000000.0,0.0,863000000.0,79000000.0,1008000000.0,4327000000.0,0.0,60000000.0,229000000.0,761000000.0,0.1563591535,480000000.0,0.098623382,19000000.0,559000000.0,0.1148551469,51000000.0,504000000.0,0.1035545511,1.12,1.12,450500000,452400000,https://www.sec.gov/Archives/edgar/data/1551182/000155118217000014/0001551182-17-000014-index.htm,https://www.sec.gov/Archives/edgar/data/1551182/000155118217000014/etn12312016form10-k.htm,10.803551609322977,1.118756936736959,1.416204217536071,1.0810210876803552,1.655937846836848,33.165371809101,-8.377358490566039,33.067702552719204,18.50610432852386,30224045000.0,37958045000.0,14.992085813492064,6.209994863365523,47.37311128526646,62.06169404517454,2.028867892864335,2.028867892864335,7.799064105198275,49.8791655716163,59.495368338558,77.9425975359343,0.0166754648492615,0.0161129987729968,0.5556152245418541,0.2720996745455143,10.16294349540079,1.2654512306289882,8.0,1.2559055118110236,0.0085031636235321,0.5099206349206349,0.1773166221491678,0.0297924799671255,0.6152404747033104,0.2366771159874608,0.0310252722416272,0.6593886462882096,0.0189028148756934,28.85101794197569,0.0166873570549661,0.0430622009569378,-24.273029966703664,1456000000.0,-3774000000.0,-8537000000.0,23614000000.0,3609500000.0,1754000000.0,2291000000.0,65.83110745839326,46.58632118107864,61.120819523953,1.3671348314606742,1.931897555296857,1.4724933451641526,0.0338323152312546,0.3351831298557158,2017-02-02,1.1,bmo,4780089285.0,2025-04-25,2016-12-31,0.0181818181818181,65.60492063492063,2904554.396825397
2016-09-30,ETN,USD,1551182,2016-11-01,2016-11-01 11:13:45,2016,Q3,4987000000.0,3371000000.0,1616000000.0,0.3240425105,146000000,853000000.0,0.0,853000000.0,15000000.0,999000000.0,4370000000.0,0.0,59000000.0,233000000.0,865000000.0,0.1734509725,617000000.0,0.1237216764,-44000000.0,573000000.0,0.1148987367,51000000.0,523000000.0,0.1048726689,1.15,1.15,453900000,455600000,https://www.sec.gov/Archives/edgar/data/1551182/000155118216000106/0001551182-16-000106-index.htm,https://www.sec.gov/Archives/edgar/data/1551182/000155118216000106/etn0930201610-q.htm,10.98700154218991,1.152236175369024,1.7580964970257766,1.5377836527869575,1.5576118087684512,34.029521921128,-8.10090328266138,33.936990526547696,18.70676360431813,29825769000.0,37763769000.0,14.257059751434031,5.980703629436534,37.37565037593985,42.73032808022922,1.9362353284861071,1.9362353284861071,7.572442149588931,43.65753641618497,47.32301879699248,54.10282091690544,0.0175351723538125,0.0234025818412259,0.5473902882368216,0.2699362934980952,9.176878612716765,1.5423286180631122,10.457627118644067,1.528735632183908,0.0086837660413718,0.4952198852772466,0.1710447162622819,0.029276117906557,0.6121906713192689,0.12531328320802,0.0200521355524363,0.4291845493562232,0.0,29.66188014567675,0.0206701639993199,0.0431731880468879,-24.621612690019827,2492000000.0,-3677000000.0,-8704000000.0,25121000000.0,3643500000.0,1796000000.0,2325500000.0,66.0336875877281,47.7899733016909,62.15366360130525,1.3629406941787374,1.8832402234636871,1.4480240549828178,0.0339522202025447,0.2203128442388191,2016-11-01,1.15,bmo,4987000000.0,2025-04-25,2016-09-30,0.0,64.66484375,2333144.671875
2016-06-30,ETN,USD,1551182,2016-08-02,2016-08-02 11:40:04,2016,Q2,5080000000.0,3419000000.0,1661000000.0,0.3269685039,149000000,897000000.0,0.0,897000000.0,-5000000.0,1046000000.0,4465000000.0,0.0,57000000.0,234000000.0,850000000.0,0.1673228346,615000000.0,0.1210629921,-62000000.0,553000000.0,0.1088582677,61000000.0,491000000.0,0.0966535433,1.08,1.07,457000000,458300000,https://www.sec.gov/Archives/edgar/data/1551182/000155118216000092/0001551182-16-000092-index.htm,https://www.sec.gov/Archives/edgar/data/1551182/000155118216000092/etn0630201610-q.htm,11.11597374179431,1.074398249452954,1.6301969365426696,1.3347921225382933,1.026258205689278,33.61925601750547,-8.492341356673961,33.52297592997812,18.53610503282276,27296610000.0,35387610000.0,13.898477596741344,5.37334842519685,36.63974496644295,44.74854098360656,1.7817630548302872,1.7817630548302872,6.966064960629922,41.63248235294117,47.50014765100671,58.012475409836064,0.0179875816081191,0.0223470973135491,0.5492167101827676,0.2700776786287475,9.518823529411764,1.4173588039867109,10.789473684210526,1.5142276422764227,0.0097081652263779,0.539714867617108,0.1765748031496063,0.0293307086614173,0.617737690184246,0.1812080536912751,0.0265748031496063,0.5769230769230769,0.0,28.46722852248696,0.0201554845959221,0.0412293223612394,-25.02954048140044,2010000000.0,-3881000000.0,-8964000000.0,24806000000.0,3604500000.0,1798500000.0,2357000000.0,64.2755905511811,47.43492249195671,61.1494589061129,1.4002205071664828,1.897336293007769,1.4718037021093413,0.0320496083550913,0.2954048140043763,2016-08-02,1.07,bmo,5080000000.0,2025-04-25,2016-06-30,0.0,61.418125,2457255.984375
2016-03-31,ETN,USD,1551182,2016-04-29,2016-04-29 11:16:07,2016,Q1,4813000000.0,3291000000.0,1522000000.0,0.3162268855,149000000,892000000.0,0.0,892000000.0,18000000.0,1041000000.0,4332000000.0,0.0,57000000.0,233000000.0,715000000.0,0.1485559942,481000000.0,0.0999376688,-39000000.0,442000000.0,0.0918346146,39000000.0,404000000.0,0.083939331,0.88,0.88,458600000,459800000,https://www.sec.gov/Archives/edgar/data/1551182/000155118216000051/0001551182-16-000051-index.htm,https://www.sec.gov/Archives/edgar/data/1551182/000155118216000051/etn0331201610-q.htm,10.49498473615351,0.8809419973833406,0.8089838639337112,0.56694286960314,1.2494548626253816,33.93589184474487,-8.661142607937201,33.83994766681204,18.9751417357174,28690016000.0,37002016000.0,17.75372277227723,5.960942447537918,77.33157951482481,110.3462153846154,1.8487026225916616,1.8487026225916616,7.687931851236235,51.75107132867133,99.7358921832884,142.31544615384615,0.0140815536666134,0.009062386023068,0.5570590888588183,0.273723205521958,11.625174825174826,1.3964555953803266,8.43859649122807,0.9205955334987592,0.0089229646996362,0.6336633663366337,0.1853313941408685,0.0309578225638894,0.6185289554507172,0.2991913746630728,0.0230625389569914,0.4763948497854077,-0.0004155412424683,25.898806912700728,0.0158702621238116,0.0335325365205843,-25.219690361971217,1991000000.0,-3972000000.0,-9007000000.0,25109000000.0,3530000000.0,1776500000.0,2357000000.0,66.96239351755662,49.08842297174112,65.38742023701003,1.344037978218375,1.8334261838440111,1.3764115432873274,0.0260326051936336,0.2420409943305713,2016-04-29,0.85,bmo,4648920454.0,2025-04-25,2016-03-31,0.0352941176470588,55.24180327868852,3671489.147540984
2015-12-31,ETN,USD,1551182,2016-02-24,2016-02-24 15:56:29,2015,Q4,5057000000.0,3427000000.0,1630000000.0,0.3223254894,153000000,873000000.0,0.0,873000000.0,8000000.0,1026000000.0,4453000000.0,0.0,57000000.0,233000000.0,851000000.0,0.1682815899,547000000.0,0.1081668974,-49000000.0,555000000.0,0.109748863,21000000.0,532000000.0,0.1052007119,1.15,1.15,461400000,462700000,https://www.sec.gov/Archives/edgar/data/1551182/000155118216000041/0001551182-16-000041-index.htm,https://www.sec.gov/Archives/edgar/data/1551182/000155118216000041/etn12312015form10-k.htm,10.960121369744256,1.153012570437798,1.6081491114000868,1.309059384482011,0.964456003467707,33.01040312093628,-9.237104464672734,32.91287386215865,18.43519722583442,24011256000.0,32192256000.0,11.283484962406014,4.7481226023334,32.3601832884097,39.75373509933775,1.5811442117740024,1.5811442117740024,6.365880166106387,37.828737955346654,43.3857897574124,53.29843708609272,0.0221562753735164,0.0251548690330901,0.5563677070986435,0.2722761109857884,9.613396004700352,1.4304864864864866,9.596491228070176,1.3895131086142325,0.01062001921099,0.4793233082706767,0.1726319952541032,0.03025509195175,0.6281782733395637,0.1859838274932614,0.0272889064662843,0.592274678111588,0.0162151473205457,29.220738167897256,0.0197028564953093,0.0461085110071069,-25.106740355439964,1991000000.0,-4262000000.0,-9184000000.0,25049000000.0,3567500000.0,1877500000.0,2359000000.0,61.91615582361083,46.16866063612489,61.006711409395976,1.4535786145444094,1.9493742889647327,1.4752475247524752,0.0350322665613064,0.2990897269180754,2016-02-03,1.1,bmo,4754444444.0,2025-04-25,2015-12-31,0.0636363636363634,54.153125,4019503.75
2015-09-30,ETN,USD,1551182,2015-10-30,2015-10-30 11:11:12,2015,Q3,5203000000.0,3597000000.0,1606000000.0,0.3086680761,156000000,907000000.0,0.0,907000000.0,3000000.0,1063000000.0,4660000000.0,0.0,59000000.0,232000000.0,785000000.0,0.1508744955,543000000.0,0.1043628676,-56000000.0,487000000.0,0.0935998462,42000000.0,446000000.0,0.0857197771,0.96,0.96,465100000,466400000,https://www.sec.gov/Archives/edgar/data/1551182/000155118215000023/0001551182-15-000023-index.htm,https://www.sec.gov/Archives/edgar/data/1551182/000155118215000023/etn0930201510-q.htm,11.18684153945388,0.9589335626746937,2.0920232208127283,1.8297140399914,1.2212427434960225,33.13910986884541,-9.17222102773597,33.03805633197162,18.77230703074608,23859630000.0,32113630000.0,13.374232062780267,4.58574476263694,24.521716341212745,28.03716803760282,1.5527547832877782,1.5527547832877782,6.172137228522007,40.90908280254777,33.004758478931144,37.736345475910696,0.0186926620404423,0.0356669403507095,0.5643628790836913,0.2693084065712245,10.514649681528663,1.486078431372549,9.203389830508474,2.1865168539325843,0.0107713321623176,0.5762331838565022,0.1743225062463963,0.029982702287142,0.6111300891276669,0.1253854059609455,0.0234480107630213,0.5258620689655172,0.0,26.69886278291563,0.0177565197441756,0.0356173135281903,-26.403999139969898,2479000000.0,-4266000000.0,-9209000000.0,25748000000.0,3748000000.0,1964000000.0,2417000000.0,63.240438208725735,49.96663886572144,59.92493744787323,1.423140043763676,1.8012018027040562,1.5018789144050104,0.0290251203956787,0.2623091808213287,2015-10-30,1.0,bmo,5363917525.0,2025-04-25,2015-09-30,-0.03,59.0471875,3297651.40625
2015-06-30,ETN,USD,1551182,2015-07-29,2015-07-29 11:17:09,2015,Q2,5372000000.0,3675000000.0,1697000000.0,0.315897245,158000000,901000000.0,0.0,901000000.0,19000000.0,1059000000.0,4734000000.0,0.0,59000000.0,234000000.0,884000000.0,0.164556962,638000000.0,0.1187639613,-40000000.0,598000000.0,0.1113179449,63000000.0,535000000.0,0.0995904691,1.14,1.14,467600000,469200000,https://www.sec.gov/Archives/edgar/data/1551182/000155118215000018/0001551182-15-000018-index.htm,https://www.sec.gov/Archives/edgar/data/1551182/000155118215000018/etn0630201510-q.htm,11.488451668092386,1.1441402908468776,1.2382378100940976,0.9366980325064156,0.9195893926432848,33.795979469632165,-8.932848588537212,33.689050470487594,18.84088964927288,31558324000.0,40006324000.0,14.746880373831775,5.87459493670886,54.5048773747841,72.05096803652967,2.0033215260585284,2.0033215260585284,7.447193596425912,45.25602262443439,69.09555094991364,91.3386392694064,0.0169527380478126,0.0138790640466204,0.5555132355741763,0.2686086129101568,9.55656108597285,1.5118670886075949,10.813559322033898,1.0822429906542057,0.0083337759001396,0.491588785046729,0.1677215189873417,0.0294117647058823,0.6132784922803033,0.2435233160621761,0.026247207743857,0.6025641025641025,0.0,29.4493208764196,0.0200247668108776,0.0424636875942535,-26.190119760479043,2588000000.0,-4177000000.0,-9132000000.0,26248000000.0,3786500000.0,1950000000.0,2431500000.0,64.33358153387938,47.28979591836735,59.73061224489796,1.3989583333333333,1.9031589849818744,1.5067650676506763,0.0339617850568145,0.3015397775876818,2015-07-29,1.13,bmo,5233068965.0,2025-04-25,2015-06-30,0.0265486725663717,70.59031746031745,2420770.507936508
2015-03-31,ETN,USD,1551182,2015-04-29,2015-04-29 15:02:43,2015,Q1,5223000000.0,3593000000.0,1630000000.0,0.3120811794,158000000,915000000.0,0.0,915000000.0,5000000.0,1073000000.0,4666000000.0,0.0,57000000.0,226000000.0,794000000.0,0.1520199119,557000000.0,0.1066436914,-52000000.0,505000000.0,0.0966877274,38000000.0,466000000.0,0.0892207544,1.0,0.99,467900000,470000000,https://www.sec.gov/Archives/edgar/data/1551182/000155118215000010/0001551182-15-000010-index.htm,https://www.sec.gov/Archives/edgar/data/1551182/000155118215000010/etn0331201510-q.htm,11.162641590083352,0.9959393032699296,0.1645650780081214,-0.0598418465484077,1.7140414618508228,32.62235520410344,-9.833297713186578,32.50694592861723,20.08335114340671,31789126000.0,40466126000.0,17.054252145922746,6.086372965728509,412.8457922077922,-1135.325928571429,2.0900148586456275,2.0900148586456275,7.747678728699981,50.96489420654912,525.5341038961039,-1445.2187857142858,0.0146591007251976,-0.0008808043354196,0.6140696909927679,0.2856618546611206,10.928211586901764,1.4013413342746206,9.771929824561404,0.164882226980728,0.0078957817210828,0.5386266094420601,0.1751866743251005,0.0302508137085965,0.6075666748226083,1.3636363636363635,0.0201033888569787,0.4646017699115044,0.0,26.98955843081833,0.0180472698473379,0.0363182916374405,-26.967835007480232,2274000000.0,-4601000000.0,-9492000000.0,25773000000.0,3700000000.0,1954500000.0,2426000000.0,64.32510051694429,49.3209017534094,60.718062900083495,1.3991427806054113,1.824784154393093,1.4822607260726073,0.030637738330046,0.2244069245565291,2015-04-29,0.98,bmo,5067861386.0,2025-04-25,2015-03-31,0.0306122448979592,67.99360655737705,2681183.081967213
2014-12-31,ETN,USD,1551182,2015-02-26,2015-02-26 11:45:24,2014,Q4,5565000000.0,3847000000.0,1718000000.0,0.3087151842,154000000,903000000.0,0.0,903000000.0,2000000.0,1057000000.0,4904000000.0,0.0,54000000.0,240000000.0,933000000.0,0.1676549865,661000000.0,0.1187780773,-52000000.0,609000000.0,0.1094339623,24000000.0,581000000.0,0.1044025157,1.24,1.23,470000000,472500000,https://www.sec.gov/Archives/edgar/data/1551182/000155118215000007/0001551182-15-000007-index.htm,https://www.sec.gov/Archives/edgar/data/1551182/000155118215000007/etn12312014form10-k.htm,11.840425531914894,1.2361702127659575,2.008510638297872,1.4680851063829787,2.1829787234042555,33.7,-9.808510638297872,33.58723404255319,19.33617021276596,31941200000.0,40194200000.0,13.74406196213425,5.7396585804132965,33.836016949152544,46.291594202898544,2.023387811985303,2.023387811985303,7.2226774483378255,43.08060021436227,42.57860169491526,58.252463768115945,0.0181896735251023,0.0216021940315329,0.5722792347649817,0.2694383966118882,8.845659163987138,1.512605042016807,12.24074074074074,1.6136752136752135,0.0071694238162623,0.3941480206540447,0.1622641509433962,0.0276729559748427,0.609889946016881,0.2690677966101695,0.0456424079065588,1.0583333333333331,0.0167115902964959,30.56451554799401,0.0222080633386819,0.0444189602446483,-27.020744680851063,2745000000.0,-4610000000.0,-9590000000.0,26944000000.0,3819500000.0,1989000000.0,2463000000.0,59.304582210242586,45.38601507668313,56.80270340525084,1.5175893100627216,1.982989690721649,1.5844316309719937,0.0368047637146839,0.5404255319148936,2015-02-03,1.2,bmo,5258267716.0,2025-04-25,2014-12-31,0.0583333333333333,65.92999999999999,3051570.421875
2014-09-30,ETN,USD,1551182,2014-10-31,2014-10-31 12:39:40,2014,Q3,5728000000.0,3916000000.0,1812000000.0,0.3163407821,163000000,961000000.0,0.0,961000000.0,10000000.0,1124000000.0,5040000000.0,0.0,56000000.0,244000000.0,951000000.0,0.1660265363,688000000.0,0.1201117318,-46000000.0,642000000.0,0.1120810056,37000000.0,602000000.0,0.1050977654,1.27,1.26,474800000,477200000,https://www.sec.gov/Archives/edgar/data/1551182/000155118214000036/0001551182-14-000036-index.htm,https://www.sec.gov/Archives/edgar/data/1551182/000155118214000036/etn0930201410-q.htm,12.06402695871946,1.2679022746419546,0.6086773378264533,0.3096040438079191,2.0850884582982308,35.05686604886268,-8.807919123841618,34.93470935130581,19.07329401853412,30088076000.0,38433076000.0,12.495048172757471,5.25280656424581,104.11098961937716,204.68078911564623,1.8139552661723035,1.8139552661723035,6.709685055865922,40.41332912723449,132.98642214532873,261.4494965986394,0.0200079260634678,0.0048856563643351,0.5425935973955507,0.2628581442215018,8.774973711882229,1.6909346169273969,12.285714285714286,0.4776859504132231,0.0077439315162591,0.3870431893687707,0.167772346368715,0.0284567039106145,0.6082829521890242,0.4913494809688581,0.024790502793296,0.5819672131147541,0.0,31.569137502246,0.0218549487513423,0.0448851774530271,-26.06571187868576,3445000000.0,-4182000000.0,-9163000000.0,27974000000.0,3991000000.0,2041000000.0,2516000000.0,62.40921787709497,46.83861082737487,57.41062308478039,1.4420946626384692,1.9214916584887145,1.567654123298639,0.0362934828480135,0.2990732940185341,2014-10-29,1.23,bmo,5461581395.0,2025-04-25,2014-09-30,0.048780487804878,70.916875,3067400.78125
2014-06-30,ETN,USD,1551182,2014-07-31,2014-07-31 13:03:41,2014,Q2,5767000000.0,4025000000.0,1742000000.0,0.3020634645,168000000,984000000.0,0.0,984000000.0,166000000.0,1152000000.0,5177000000.0,0.0,55000000.0,250000000.0,877000000.0,0.1520721346,590000000.0,0.1023062251,-533000000.0,57000000.0,0.0098838217,-115000000.0,171000000.0,0.0296514652,0.36,0.36,475900000,478500000,https://www.sec.gov/Archives/edgar/data/1551182/000155118214000030/0001551182-14-000030-index.htm,https://www.sec.gov/Archives/edgar/data/1551182/000155118214000030/etn0630201410-q.htm,12.118092036142048,0.3593191847026686,1.33011136793444,1.0653498634166845,2.658121454086993,35.81004412691742,-9.058625761714646,35.683967220004206,19.09644883378861,36729962000.0,45131962000.0,53.698774853801176,6.36898942257673,58.025216429699846,72.44568441814596,2.1628761041102345,2.1628761041102345,7.825899427778741,51.4617582668187,71.29851816745655,89.01767652859961,0.0046555996981428,0.0138034447190552,0.5319161465080674,0.2561971751091951,9.580387685290765,1.5944434421793252,10.727272727272728,3.6802325581395343,0.0064797235564795,1.391812865497076,0.1706259753771458,0.0291312640887809,0.6056214192523682,0.1990521327014218,0.0218484480665857,0.504,0.0,16.985096855481718,0.0590830941888621,0.0122977346278317,-26.63689850808993,3295000000.0,-4311000000.0,-9378000000.0,28441000000.0,3949500000.0,2060000000.0,2533000000.0,62.58019767643489,45.70434782608695,56.66086956521739,1.438154613466334,1.9691780821917808,1.5883977900552486,0.010069485337416,0.2647615045177558,2014-07-29,1.13,bmo,5870909909.0,2025-04-25,2014-06-30,-0.0176991150442476,74.21492063492063,2595461.1428571427
2014-03-31,ETN,USD,1551182,2014-05-05,2014-05-05 10:55:17,2014,Q1,5492000000.0,3858000000.0,1634000000.0,0.2975236708,162000000,962000000.0,0.0,962000000.0,5000000.0,1124000000.0,4982000000.0,0.0,62000000.0,249000000.0,825000000.0,0.1502184996,510000000.0,0.0928623452,-57000000.0,453000000.0,0.0824836125,12000000.0,439000000.0,0.0799344501,0.92,0.92,475800000,478800000,https://www.sec.gov/Archives/edgar/data/1551182/000155118214000019/0001551182-14-000019-index.htm,https://www.sec.gov/Archives/edgar/data/1551182/000155118214000019/etn0331201410-q.htm,11.542664985287937,0.9226565783942832,0.0252206809583858,-0.2059688944934846,2.4043715846994536,35.96258932324506,-9.2833123160992,35.80706179066835,19.707860445565363,35742096000.0,44273096000.0,20.35426879271071,6.5080291332847775,2978.5080000000003,-364.7152653061224,2.097910195456947,2.097910195456947,8.061379461034232,53.66435878787879,3689.424666666667,-451.7662857142857,0.0122824358146203,-0.0027418649426715,0.5467511885895404,0.2641653905053598,10.34060606060606,1.8070759625390216,8.225806451612904,0.0272108843537414,0.0064070109374671,0.5216400911161732,0.1751638747268754,0.0294974508375819,0.6105155691679428,9.166666666666666,0.0200291332847778,0.4417670682730923,-0.0036416605972323,27.26438106885872,0.0161297575200664,0.0319644677442842,-26.953026481715007,3878000000.0,-4417000000.0,-9468000000.0,29212000000.0,3768500000.0,2018000000.0,2457000000.0,63.73088128186453,48.429237947122864,59.06687402799378,1.4121882231936231,1.858381502890173,1.5236966824644549,0.0257674473205376,0.2311895754518705,2014-04-29,1.0,bmo,5437623762.0,2025-04-25,2014-03-31,0.01,73.69360655737705,3255688.557377049
2013-12-31,ETN,USD,1551182,2014-02-26,2014-02-26 15:39:33,2013,Q4,5527000000.0,3881000000.0,1646000000.0,0.2978107472,165000000,1001000000.0,0.0,1001000000.0,11000000.0,1166000000.0,5047000000.0,0.0,62000000.0,257000000.0,792000000.0,0.1432965442,480000000.0,0.0868463904,-51000000.0,429000000.0,0.0776189615,-53000000.0,479000000.0,0.0866654605,1.01,1.0,474700000,478200000,https://www.sec.gov/Archives/edgar/data/1551182/000155118214000011/0001551182-14-000011-index.htm,https://www.sec.gov/Archives/edgar/data/1551182/000155118214000011/etn12312013form10-k.htm,11.643143037708024,1.009058352643775,1.8369496524120497,1.3271539919949442,3.600168527491047,35.52348851906467,-10.149568148304192,35.37181377712239,20.2464714556562,36134164000.0,44768164000.0,18.85916701461377,6.537753573367107,41.43826146788991,57.35581587301587,2.151995950211423,2.151995950211423,8.099903021530668,56.5254595959596,51.3396376146789,71.06057777777778,0.0132561528198078,0.0174350235417097,0.5686975165267107,0.2690541263982418,10.901515151515152,1.7767602767602768,7.741935483870968,1.8091286307053944,0.0055072534679368,0.4154488517745303,0.1811109100777999,0.0298534467161208,0.6108872671945,0.2775229357798165,0.0437850551836439,0.9416342412451362,0.0144743984078161,28.338578707289184,0.0178997211756347,0.0346850108616944,-27.36886454602907,3817000000.0,-4818000000.0,-9897000000.0,29331000000.0,3799000000.0,1968000000.0,2392500000.0,59.40293106567759,45.45220304045349,55.23834063385725,1.515076754385965,1.9801020408163263,1.6293031066330814,0.0285271871836102,0.5097956604171056,2014-02-04,1.06,bmo,5424648148.0,2025-04-25,2013-12-31,0.0188679245283019,71.145625,2646231.46875
2013-09-30,ETN,USD,1551182,2013-11-07,2013-11-07 13:04:48,2013,Q3,5607000000.0,3883000000.0,1724000000.0,0.3074728019,166000000,967000000.0,0.0,967000000.0,-7000000.0,1133000000.0,5016000000.0,0.0,63000000.0,250000000.0,879000000.0,0.1567683253,591000000.0,0.1054039593,-70000000.0,521000000.0,0.0929195648,7000000.0,510000000.0,0.0909577314,1.08,1.07,474000000,477200000,https://www.sec.gov/Archives/edgar/data/1551182/000155118213000046/0001551182-13-000046-index.htm,https://www.sec.gov/Archives/edgar/data/1551182/000155118213000046/etn0930201310-q.htm,11.829113924050631,1.0759493670886076,1.4852320675105486,1.229957805907173,2.827004219409283,34.00210970464135,-11.371308016877638,33.90506329113924,20.58227848101265,32630160000.0,41681160000.0,15.995176470588238,5.819539860888176,46.34965909090909,55.96939965694683,2.0303752100056003,2.0303752100056003,7.433772070626003,47.41883959044369,59.20619318181818,71.49427101200686,0.0156297118984399,0.0178669059544911,0.6031360836288968,0.2744959220661531,10.296928327645052,1.734467748318164,9.38095238095238,1.3696498054474708,0.0061292987837019,0.392156862745098,0.1724629926877117,0.0296058498305689,0.6090564114182148,0.171875,0.0215801676475833,0.484,0.0,28.649658920430625,0.0188552048947286,0.0369431365447301,-28.883966244725737,3712000000.0,-5390000000.0,-10429000000.0,28976000000.0,3885000000.0,2010500000.0,2404000000.0,63.40288924558588,45.799639454030384,55.696626319855774,1.419493670886076,1.9650809716599191,1.615896795672077,0.031734179578122,0.2552742616033755,2013-10-25,1.12,bmo,5607000000.0,2025-04-25,2013-09-30,0.0,67.1596875,2466656.6875
2013-06-30,ETN,USD,1551182,2013-08-02,2013-08-02 14:59:02,2013,Q2,5602000000.0,3870000000.0,1732000000.0,0.3091752945,161000000,960000000.0,0.0,960000000.0,-6000000.0,1121000000.0,4991000000.0,0.0,71000000.0,245000000.0,850000000.0,0.1517315245,611000000.0,0.1090681899,-77000000.0,534000000.0,0.0953230989,37000000.0,494000000.0,0.0881827919,1.04,1.04,473400000,476300000,https://www.sec.gov/Archives/edgar/data/1551182/000155118213000026/0001551182-13-000026-index.htm,https://www.sec.gov/Archives/edgar/data/1551182/000155118213000026/etn0630201310-q.htm,11.833544571187156,1.0435149978876217,1.286438529784537,1.0139416983523448,2.1039290240811157,32.59611322348965,-12.260245035910437,32.505280946345586,20.764681030840727,31471632000.0,40602632000.0,15.926939271255062,5.6179278828989645,51.67755665024631,65.5659,2.045206134650377,2.045206134650377,7.247881470903248,47.767802352941175,66.67098850574713,84.58881666666667,0.0156966756601627,0.0152518306009678,0.6341954769950611,0.276796097228919,10.74235294117647,1.6520778960048184,8.605633802816902,1.2253521126760565,0.0064502533583259,0.4109311740890688,0.1713673687968582,0.0287397358086397,0.6022917434835635,0.2118226600985221,0.0230274901820778,0.5265306122448979,0.0,27.62597209160979,0.0183641669575499,0.035230352303523,-31.183988170680188,3248000000.0,-5804000000.0,-11597000000.0,28232000000.0,3752500000.0,2011500000.0,2399500000.0,61.370938950374864,47.55813953488372,55.93023255813954,1.4664921465968586,1.8924205378973105,1.6091476091476091,0.0321029373537821,0.2724968314321926,2013-08-02,1.11,bmo,5704788990.0,2025-04-25,2013-06-30,-0.018018018018018,63.0453125,3457703.3125
2013-03-31,ETN,USD,1551182,2013-05-03,2013-05-03 08:39:30,2013,Q1,5310000000.0,3735000000.0,1575000000.0,0.2966101695,152000000,958000000.0,0.0,958000000.0,10000000.0,1110000000.0,4845000000.0,0.0,75000000.0,245000000.0,720000000.0,0.1355932203,465000000.0,0.0875706215,-65000000.0,400000000.0,0.0753295669,20000000.0,378000000.0,0.0711864407,0.8,0.79,471900000,475100000,https://www.sec.gov/Archives/edgar/data/1551182/000155118213000011/0001551182-13-000011-index.htm,https://www.sec.gov/Archives/edgar/data/1551182/000155118213000011/etn0331201310-q.htm,11.252383979656708,0.8010171646535282,0.2119093028183937,-0.0466200466200466,2.195380377198559,32.231404958677686,-12.140283958465776,32.14028395846578,21.616867980504345,28870842000.0,38357842000.0,19.094472222222223,5.437070056497175,288.70842,-1312.311,1.903530164172216,1.903530164172216,7.223699058380414,53.27478055555556,383.57842,-1743.538272727273,0.0130927944533103,-0.0007620144919916,0.667633678380695,0.2895045315493038,13.176388888888887,1.671629614521721,6.2,0.2631578947368421,0.0067195823384714,0.5132275132275133,0.1804143126177024,0.0286252354048964,0.5986505417846013,1.22,0.0229755178907721,0.4979591836734693,0.0030131826741996,24.067834974719155,0.0143766068929605,0.0269269126656218,-31.2995337995338,3293000000.0,-5729000000.0,-11571000000.0,28073000000.0,3579500000.0,1928500000.0,2366500000.0,62.45762711864407,47.66265060240964,57.68674698795181,1.440976933514247,1.8882709807886755,1.5601503759398496,0.0249225291751829,0.2585293494384403,2013-04-29,0.79,bmo,4993928571.0,2025-04-25,2013-03-31,0.0632911392405062,59.48433333333333,3419393.816666667
2012-12-31,ETN,USD,1551182,2013-02-28,2013-02-28 15:16:14,2012,Q4,4333000000.0,3132000000.0,1201000000.0,0.2771751673,126000000,815000000.0,0.0,815000000.0,-64000000.0,941000000.0,4073000000.0,0.0,108000000.0,179000000.0,375000000.0,0.0865451189,260000000.0,0.0600046157,-172000000.0,88000000.0,0.0203092546,-92000000.0,179000000.0,0.0413108701,0.47,0.46,381300000,384400000,https://www.sec.gov/Archives/edgar/data/1551182/000155118213000005/0001551182-13-000005-index.htm,https://www.sec.gov/Archives/edgar/data/1551182/000155118213000005/etn1231201210-k.htm,11.3637555730396,0.4694466299501704,1.801730920535012,1.1827956989247312,2.895357985837923,39.74560713349069,-17.109887227904537,39.63545764489903,28.69394177812746,20658834000.0,30914834000.0,28.853120111731844,4.767789983844911,30.071082969432315,45.80672727272727,1.3669578508568785,1.3669578508568785,7.1347412877913685,82.43955733333334,44.99975836972344,68.54730376940132,0.008664574196201,0.0218308545390315,0.7168001058691194,0.2985613493550876,27.349333333333337,1.4303473491773309,2.407407407407407,3.816666666666667,0.0061958966319202,0.7150837988826816,0.1880913916455112,0.0290791599353796,0.5974809833535443,0.3435225618631732,0.0544657281329333,1.318435754189944,0.0122317101315485,20.4609743268359,0.016679259269819,0.0122560766860664,-42.61736165748754,2354000000.0,-6524000000.0,-13305000000.0,27856000000.0,3059500000.0,1660000000.0,2070000000.0,72.15785829679206,53.99425287356322,67.21264367816092,1.247265400115141,1.6668440659925492,1.3390337751175716,0.0118441077218288,0.6189352216102806,2013-02-05,0.93,bmo,4914256097.0,2025-04-25,2012-12-31,-0.1182795698924732,49.61048387096774,3973889.903225807
2012-09-30,ETN,USD,1551182,2012-11-14,2012-11-14 12:45:19,2012,Q3,3950000000.0,2747000000.0,1203000000.0,0.304556962,102000000,0.0,0.0,687000000.0,4000000.0,789000000.0,3536000000.0,0.0,42000000.0,141000000.0,559000000.0,0.1415189873,414000000.0,0.1048101266,-38000000.0,376000000.0,0.0951898734,29000000.0,345000000.0,0.0873417722,1.02,1.02,337600000,339800000,https://www.sec.gov/Archives/edgar/data/1551182/000155118212000004/0001551182-12-000004-index.htm,https://www.sec.gov/Archives/edgar/data/1551182/000155118212000004/ecl0930201210-q.htm,11.700236966824644,1.021919431279621,1.7950236966824644,1.4218009478672986,3.095379146919431,24.41350710900474,0.4472748815165877,24.348341232227487,12.283767772511847,15914464000.0,19594464000.0,11.532220289855072,4.028978227848102,26.26149174917492,33.15513333333333,1.936066180048662,1.936066180048662,4.9606237974683545,35.0527084078712,32.33409900990099,40.8218,0.0216783926873063,0.0301612419997305,0.4993917274939172,0.2183510638297872,6.583184257602862,1.6707119741100325,9.857142857142858,1.7463976945244957,0.0081058337874275,0.3739130434782609,0.0,0.0258227848101265,0.4303723404255319,0.2079207920792079,0.0318987341772151,0.8936170212765957,0.0,23.661064389718423,0.0253160050978114,0.0322158931739658,-19.63492298578199,2487000000.0,151000000.0,-4363000000.0,13372000000.0,2664000000.0,1498500000.0,1778500000.0,60.265822784810126,47.21150345831816,59.006188569348375,1.4933837429111532,1.9063150589868147,1.5252637423653526,0.041970802919708,0.3732227488151659,2012-10-31,1.09,bmo,4022477064.0,2025-04-25,2012-09-30,-0.018348623853211,44.08746031746031,4267025.968253968
2012-06-30,ETN,USD,1551182,2012-06-30,2012-06-29 20:00:00,2012,Q2,4068000000.0,2815000000.0,1253000000.0,0.308013766,106000000,0.0,0.0,690000000.0,-8000000.0,796000000.0,3611000000.0,0.0,30000000.0,138000000.0,587000000.0,0.1442969518,457000000.0,0.1123402163,-38000000.0,419000000.0,0.1029990167,37000000.0,382000000.0,0.0939036382,1.13,1.12,337000000,339500000,,,12.071216617210682,1.1335311572700295,1.3916913946587537,1.0178041543026706,3.492581602373887,23.614243323442132,0.2700296735905044,23.551928783382788,13.065281899109792,13355310000.0,17203310000.0,8.74038612565445,3.2830162241887906,28.4761407249467,38.9367638483965,1.6826647347864434,1.6826647347864434,4.228935594886923,29.30717206132879,36.6808315565032,50.155422740524784,0.0286028553436797,0.0256826685415763,0.550963840241905,0.23569041716072,6.555366269165247,1.6621409921671018,15.233333333333333,1.2277486910994764,0.0095842028376728,0.3350785340314136,0.0,0.0260570304818092,0.4240056052603212,0.2686567164179104,0.0309734513274336,0.9130434782608696,0.0,24.508753834493653,0.027021492406,0.0357443623093478,-19.373145400593472,2536000000.0,91000000.0,-4230000000.0,13078000000.0,2635500000.0,1543000000.0,1767500000.0,59.35840707964602,49.74777975133215,56.142095914742455,1.5162131941856132,1.8091259640102828,1.6030751708428246,0.0481290160010079,0.373887240356083,2012-07-23,1.09,bmo,3844073394.0,2025-04-25,2012-06-30,0.0550458715596328,43.78206349206349,4890736.174603174
2012-03-31,ETN,USD,1551182,2012-03-31,2012-03-30 20:00:00,2012,Q1,3960000000.0,2754000000.0,1206000000.0,0.3045454545,105000000,0.0,0.0,702000000.0,-3000000.0,807000000.0,3561000000.0,0.0,28000000.0,140000000.0,536000000.0,0.1353535354,399000000.0,0.1007575758,-31000000.0,368000000.0,0.0929292929,57000000.0,311000000.0,0.0785353535,0.93,0.91,335400000,339800000,,,11.80679785330948,0.9272510435301132,-0.2921884317233154,-0.605247465712582,2.4180083482409063,23.71496720333929,0.468097793679189,23.65235539654144,11.264162194394752,16712982000.0,20095982000.0,13.434872990353696,4.22045,-170.54063265306124,-82.329960591133,2.1067669229799573,2.1067669229799573,5.074742929292929,37.49250373134328,-205.06104081632657,-98.99498522167488,0.0186082890533837,-0.0121462465525302,0.4727089373503088,0.208414383371311,6.311567164179104,1.649929873772791,14.25,-0.315112540192926,0.0075988833111888,0.4083601286173633,0.0,0.0265151515151515,0.4333351859056299,-1.0714285714285714,0.0265151515151515,0.75,0.0,22.21401815354965,0.0227329852063114,0.0305021577089054,-19.0742397137746,2317000000.0,157000000.0,-4157000000.0,12774000000.0,2516000000.0,1510500000.0,1740000000.0,58.81818181818182,50.0,58.13725490196079,1.5301391035548686,1.8,1.548060708263069,0.0392033278709189,0.3130590339892665,2012-04-23,0.9,bmo,3872000000.0,2025-04-25,2012-03-31,0.0222222222222222,49.81290322580645,3293095.0322580645
2011-12-31,ETN,USD,1551182,2011-12-31,2011-12-30 19:00:00,2011,Q4,4033000000.0,2817000000.0,1216000000.0,0.3015125217,101000000,0.0,0.0,707000000.0,0.0,808000000.0,3625000000.0,0.0,0.0,137000000.0,515000000.0,0.1276965038,408000000.0,0.1011653856,-18000000.0,390000000.0,0.0967022068,29000000.0,362000000.0,0.0897594843,1.07,1.07,334100000,338100000,,,12.07123615683927,1.083507931756959,1.6731517509727627,1.1224184375935349,3.2445375636037115,22.42442382520203,-0.7093684525591141,22.35558216102963,11.293026040107751,14543373000.0,17931373000.0,10.0437658839779,3.606092982891148,26.016767441860463,38.782328,1.9471646806801448,1.9471646806801448,4.446162410116538,34.8182,32.077590339892666,47.816994666666666,0.0248910620665508,0.0257849399860678,0.5051546391752577,0.2111005427180663,6.578640776699029,1.6018696728072588,0.0,1.548476454293629,0.0078386217557646,0.3149171270718232,0.0,0.025043392015869,0.432439993285962,0.3291592128801431,0.0456236052566327,1.3430656934306568,0.0,23.34534510960803,0.0257912680776848,0.035686119873817,-19.79497156539958,2189000000.0,-237000000.0,-4555000000.0,12520000000.0,2496500000.0,1509000000.0,1735000000.0,54.54004463178775,47.63578274760384,54.34504792332268,1.650163666121113,1.8893360160965795,1.656084656084656,0.0484669969206051,0.5507333133792278,2012-01-26,1.11,bmo,4142000000.0,2025-04-25,2011-12-31,-0.027027027027027,43.1552380952381,3758942.0793650793
2011-09-30,ETN,USD,1551182,2011-09-30,2011-09-29 20:00:00,2011,Q3,4123000000.0,2900000000.0,1223000000.0,0.2966286684,104000000,0.0,0.0,668000000.0,0.0,772000000.0,3672000000.0,0.0,29000000.0,139000000.0,600000000.0,0.1455251031,451000000.0,0.1093863691,-19000000.0,432000000.0,0.1047780742,65000000.0,365000000.0,0.088527771,1.07,1.07,338100000,341900000,,,12.194616977225673,1.0795622596864831,1.898846495119787,1.416740609287193,2.407571724341911,22.91038154392192,-0.2307009760425909,22.84235433303756,11.251109139307896,12002550000.0,15499550000.0,8.220924657534246,2.9111205432937184,18.695560747663556,25.05751565762004,1.5541305192282793,1.5541305192282793,3.7592893524132913,25.83258333333333,24.14260124610592,32.35814196242171,0.0304102044982108,0.039908186177104,0.4887996892399326,0.2141600953083338,5.828333333333333,1.5166666666666666,15.551724137931034,1.7493188010899183,0.0096646129364176,0.3178082191780822,0.0,0.0252243512005821,0.4438645260112328,0.2538940809968847,0.0395343196701431,1.1726618705035972,0.0,23.55513176268604,0.0268795568755229,0.0372334999489952,-18.547027506654835,1953000000.0,-78000000.0,-4148000000.0,12314000000.0,2587000000.0,1530500000.0,1767500000.0,55.64152316274557,47.38965517241379,54.9,1.6174970576696743,1.8991486574983627,1.639344262295082,0.0472614269066425,0.4821058858325939,2011-10-24,1.08,bmo,4123000000.0,2025-04-25,2011-09-30,0.0,43.47453125,4799621.671875
2011-06-30,ETN,USD,1551182,2011-06-30,2011-06-29 20:00:00,2011,Q2,4090000000.0,2862000000.0,1228000000.0,0.3002444988,107000000,0.0,0.0,698000000.0,4000000.0,805000000.0,3667000000.0,0.0,31000000.0,141000000.0,568000000.0,0.1388753056,423000000.0,0.1034229829,-27000000.0,396000000.0,0.0968215159,58000000.0,336000000.0,0.0821515892,0.99,0.97,340900000,345700000,,,11.997653270753888,0.9856262833675564,1.0296274567321797,0.639483719565855,2.590202405397477,24.015840422411262,0.3050748019947198,23.91317101789381,11.141097095922555,17539305000.0,21024305000.0,13.050078125,4.288338630806846,49.96952991452992,80.45552752293578,2.1515339793915604,2.1515339793915604,5.140416870415648,37.01462147887324,59.89830484330484,96.44176605504587,0.019156973437659,0.0124292268137192,0.4620951913640824,0.2078803598035428,6.13556338028169,1.738759917719659,13.64516129032258,1.0384615384615383,0.0066137170201441,0.3452380952380952,0.0,0.026161369193154,0.4460570608686054,0.3789173789173789,0.0325183374083129,0.9432624113475178,0.0,23.028517585001804,0.0243374084627876,0.0334728033472803,-18.1849515987093,2514000000.0,104000000.0,-4017000000.0,13186000000.0,2545500000.0,1495000000.0,1716500000.0,57.76283618581907,48.23899371069182,55.53459119496856,1.5580952380952382,1.8657105606258149,1.6206115515288788,0.0412168792934249,0.3901437371663244,2011-07-25,0.95,bmo,4003894736.0,2025-04-25,2011-06-30,0.0210526315789473,51.02253968253969,3272693.777777778
2011-03-31,ETN,USD,1551182,2011-03-31,2011-03-30 20:00:00,2011,Q1,3803000000.0,2682000000.0,1121000000.0,0.294767289,105000000,0.0,0.0,665000000.0,0.0,770000000.0,3452000000.0,0.0,32000000.0,139000000.0,506000000.0,0.133052853,351000000.0,0.0922955561,-16000000.0,335000000.0,0.0880883513,49000000.0,287000000.0,0.0754667368,0.84,0.83,340100000,345700000,,,11.182005292561012,0.8438694501617171,-0.8938547486033519,-1.152602175830638,2.049397236107027,23.00499852984416,-0.1440752719788297,22.884445751249636,10.241105557189062,18855144000.0,22105144000.0,16.424341463414635,4.957965816460689,-62.0235,-48.09985714285714,2.42260619298471,2.42260619298471,5.812554299237444,43.686055335968376,-72.7142894736842,-56.39067346938776,0.0152213104286024,-0.0207900825366276,0.4434022870358474,0.1990540462594451,6.4229249011857705,1.708840987191503,10.96875,-1.062937062937063,0.0061521672812469,0.4041811846689895,0.0,0.027609781751249,0.454115475572475,-0.2894736842105263,0.0231396266105706,0.6330935251798561,0.0,20.84486518787445,0.0210538678769435,0.0303254437869822,-18.03293149073802,2269000000.0,-49000000.0,-4043000000.0,12665000000.0,2352500000.0,1432000000.0,1615500000.0,58.35919011306864,48.85906040268456,55.939597315436245,1.5421735604217357,1.842032967032967,1.608878224355129,0.0368752409096749,0.2587474272272861,2011-04-20,0.8,bmo,3612850000.0,2025-04-25,2011-03-31,0.0499999999999999,53.23516129032258,2979493.0
2010-12-31,ETN,USD,1551182,2010-12-31,2010-12-30 19:00:00,2010,Q4,3663000000.0,2565000000.0,1098000000.0,0.2997542998,117000000,0.0,0.0,644000000.0,0.0,761000000.0,3326000000.0,0.0,0.0,138000000.0,476000000.0,0.1299481299,337000000.0,0.092001092,-44000000.0,293000000.0,0.07998908,10000000.0,280000000.0,0.0764400764,0.84,0.84,335200000,335200000,,,10.92780429594272,0.8353221957040573,1.655727923627685,1.097852028639618,3.493436754176611,22.08532219570406,-0.9636038186157518,21.96300715990453,10.316229116945108,17011400000.0,20136400000.0,15.18875,4.644116844116844,30.65117117117117,46.22663043478261,2.310703613148601,2.310703613148601,5.497242697242697,42.30336134453781,36.281801801801805,54.71847826086957,0.0164595506542671,0.0216325522884653,0.469709318120076,0.2004405286343612,6.565126050420168,1.703062171357872,0.0,1.96113074204947,0.0057608427289934,0.35,0.0,0.0319410319410319,0.4478321354045907,0.3369369369369369,0.051051051051051,1.355072463768116,0.0,20.31721476271283,0.023093174424644,0.0293932395549023,-18.546390214797132,2273000000.0,-323000000.0,-4343000000.0,12476000000.0,2285500000.0,1380500000.0,1548500000.0,55.01228501228501,49.40350877192982,54.87719298245614,1.6359982134881643,1.8217329545454544,1.6400255754475703,0.0380331431676174,0.5578758949880668,2011-01-27,0.84,bmo,3619392857.0,2025-04-25,2010-12-31,0.0119047619047619,46.6640625,2830933.625
2010-09-30,ETN,USD,1551182,2010-09-30,2010-09-29 20:00:00,2010,Q3,3571000000.0,2480000000.0,1091000000.0,0.305516662,104000000,0.0,0.0,651000000.0,0.0,755000000.0,3235000000.0,0.0,33000000.0,136000000.0,474000000.0,0.1327359283,336000000.0,0.094091291,-31000000.0,305000000.0,0.0854102492,36000000.0,268000000.0,0.0750490059,0.8,0.78,335200000,340600000,,,10.653341288782816,0.7995226730310262,1.2529832935560858,0.9367541766109784,2.649164677804296,21.625894988066825,-1.6437947494033414,21.500596658711217,10.551909307875896,13827000000.0,16936000000.0,12.898320895522389,3.872024642957155,32.92142857142857,44.03503184713376,1.9185514083529904,1.9185514083529904,4.742649117894147,35.729957805907176,40.32380952380952,53.93630573248408,0.0193823678310551,0.0227091921602661,0.4861939780768697,0.205935938877461,6.559071729957806,1.6157561122849382,10.181818181818182,1.5613382899628252,0.0070152599985535,0.3619402985074627,0.0,0.0291234948193783,0.4584190420217455,0.2523809523809524,0.0296835620274432,0.7794117647058824,0.0,19.66671875345584,0.0214739843193157,0.0290830168204015,-18.98120525059666,2040000000.0,-551000000.0,-4413000000.0,12221000000.0,2229000000.0,1291000000.0,1459500000.0,58.77345281433772,49.1008064516129,55.63306451612903,1.531303602058319,1.8329637841832964,1.6177429876060012,0.0371860690994866,0.3162291169451074,2010-10-20,0.69,bmo,3001710144.0,2025-04-25,2010-09-30,0.1594202898550726,37.54484375,3602377.15625
2010-06-30,ETN,USD,1551182,2010-06-30,2010-06-29 20:00:00,2010,Q2,3378000000.0,2387000000.0,991000000.0,0.2933688573,103000000,0.0,0.0,604000000.0,0.0,707000000.0,3094000000.0,0.0,34000000.0,136000000.0,420000000.0,0.1243339254,284000000.0,0.0840734162,-33000000.0,251000000.0,0.0743043221,22000000.0,226000000.0,0.0669034932,0.67,0.66,334700000,340400000,,,10.09262025694652,0.6752315506423663,1.4012548550941142,1.2130265909769944,2.351359426351957,19.74902898117717,-2.1452046608903497,19.629518972213923,10.487003286525246,10951384000.0,14178384000.0,12.114362831858406,3.2419727649496743,23.35049893390192,26.973852216748767,1.6668773211567731,1.6668773211567731,4.197271758436945,33.75805714285714,30.23109594882729,34.922128078817735,0.0206366610832019,0.0370729398220352,0.5290715372907153,0.2182457462171156,7.683333333333334,1.6217478318879253,8.352941176470589,2.0480349344978164,0.0076702634114555,0.3716814159292035,0.0,0.0304914150384843,0.4600992026119169,0.1343283582089552,0.0186500888099467,0.4632352941176471,0.0,17.269209217979974,0.0198900414309599,0.0262821258285847,-18.65103077382731,1864000000.0,-718000000.0,-4455000000.0,11462000000.0,2089000000.0,1182000000.0,1380000000.0,56.64298401420959,46.338500209467945,52.25806451612903,1.5888993414863593,1.9422294548413344,1.7222222222222223,0.0343987823439878,0.1882282641171198,2010-07-21,0.59,bmo,2862711864.0,2025-04-25,2010-06-30,0.152542372881356,36.84126984126984,4328526.444444444
2010-03-31,ETN,USD,1551182,2010-03-31,2010-03-30 20:00:00,2010,Q1,3103000000.0,2201000000.0,902000000.0,0.2906864325,101000000,0.0,0.0,587000000.0,0.0,688000000.0,2889000000.0,0.0,35000000.0,141000000.0,363000000.0,0.1169835643,214000000.0,0.0689655172,-27000000.0,187000000.0,0.0602642604,31000000.0,155000000.0,0.0499516597,0.46,0.46,334200000,339200000,,,9.284859365649313,0.4637941352483543,-0.4847396768402154,-0.5984440454817475,1.4631956912028723,20.11370436864153,-2.7378815080789947,19.99700777977259,10.40394973070018,12662838000.0,15953838000.0,20.42393225806452,4.080837254270061,-78.16566666666667,-63.31419,1.8947834804728416,1.8947834804728416,5.1414237834353855,43.94996694214876,-98.48048148148148,-79.76919,0.0122405419701333,-0.0157942477033979,0.5150381565165345,0.2172019940682779,9.06611570247934,1.6173285198555956,6.114285714285714,-1.0384615384615383,0.0066335840354271,0.5419354838709678,0.0,0.0325491459877537,0.4819208683031488,-0.2345679012345679,0.0122462133419271,0.2695035460992908,0.0,14.445626879523797,0.0135532997396844,0.0188794153471376,-19.180131657690005,1710000000.0,-915000000.0,-4645000000.0,11696000000.0,1975500000.0,1096000000.0,1350000000.0,59.51659684176604,46.410722398909584,56.183552930486144,1.5121832358674463,1.9392070484581496,1.6018922852983988,0.0231931767170432,0.113704368641532,2010-04-20,0.42,bmo,2659714285.0,2025-04-25,2010-03-31,0.1428571428571428,34.35934426229508,3461496.6885245903
2009-12-31,ETN,USD,1551182,2009-12-31,2009-12-30 19:00:00,2009,Q4,3131000000.0,2241000000.0,890000000.0,0.2842542319,103000000,0.0,0.0,587000000.0,0.0,690000000.0,2931000000.0,0.0,0.0,130000000.0,325000000.0,0.1038007027,200000000.0,0.0638773555,-30000000.0,170000000.0,0.0542957522,-42000000.0,211000000.0,0.06739061,0.63,0.63,329400000,334000000,,,9.505160898603522,0.6405585913782635,1.4238008500303585,1.2446873102610807,2.34669095324833,20.698239222829383,-3.211900425015179,20.57377049180328,10.525197328476017,10478214000.0,13605214000.0,12.414945497630333,3.346603002235708,22.341607675906182,25.556619512195123,1.5461434262948206,1.5461434262948206,4.345325455126158,41.86219692307692,29.008985074626867,33.18344878048781,0.0201370195340541,0.0391288057296787,0.5115832964438543,0.2129345289276501,9.621538461538462,1.6824098177761249,0.0,2.212264150943396,0.0080166333690073,0.3981042654028436,0.0,0.0328968380709038,0.4837243581869549,0.1257995735607676,0.0188438198658575,0.4538461538461538,0.0,17.219781430822717,0.0181906326822173,0.0251011182488698,-20.047814207650276,1835000000.0,-1058000000.0,-4940000000.0,12156000000.0,1973000000.0,1045000000.0,1342500000.0,54.5863941232833,42.44979919678715,53.25301204819277,1.648762506582412,2.120151371807001,1.6900452488687785,0.0311347203777482,0.1791135397692774,2010-01-25,0.62,bmo,2827999999.0,2025-04-25,2009-12-31,0.0967741935483871,31.35734375,3200760.6875
2009-09-30,ETN,USD,1551182,2009-09-30,2009-09-29 20:00:00,2009,Q3,3028000000.0,2178000000.0,850000000.0,0.2807133421,99000000,0.0,0.0,553000000.0,0.0,652000000.0,2830000000.0,0.0,38000000.0,153000000.0,352000000.0,0.1162483487,198000000.0,0.0653896962,-32000000.0,166000000.0,0.0548216645,-28000000.0,193000000.0,0.0637384412,0.58,0.57,334000000,338400000,,,9.065868263473051,0.5778443113772455,1.410179640718563,1.2904191616766467,1.9910179640718564,20.979041916167663,-2.895209580838323,20.84131736526946,11.440119760479044,9452200000.0,13043200000.0,12.24378238341969,3.1215984147952445,20.06836518046709,21.930858468677496,1.3578796149978452,1.3578796149978452,4.307529722589168,37.054545454545455,27.692569002123143,30.262645011600927,0.0204185269037895,0.0455978502359239,0.543456399942537,0.2293422249166414,10.201704545454543,1.5227348157982077,5.2105263157894735,2.427835051546392,0.0087810245233913,0.4300518134715025,0.0,0.0326948480845442,0.4834192179448318,0.0849256900212314,0.0132100396301188,0.261437908496732,0.0,16.461115555313896,0.0166785058643106,0.0226499237178734,-19.785179640718564,1575000000.0,-967000000.0,-4900000000.0,12077000000.0,2031000000.0,978000000.0,1366000000.0,60.84214002642008,42.68595041322314,56.15702479338843,1.47923790913532,2.108422071636012,1.6026490066225163,0.0277259014509409,0.1197604790419161,2009-10-19,0.46,bmo,2040608695.0,2025-04-25,2009-09-30,0.326086956521739,26.2415625,3374319.3125
2009-06-30,ETN,USD,1551182,2009-06-30,2009-06-29 20:00:00,2009,Q2,2901000000.0,2189000000.0,712000000.0,0.2454326094,95000000,0.0,0.0,554000000.0,0.0,649000000.0,2838000000.0,0.0,41000000.0,147000000.0,213000000.0,0.0734229576,63000000.0,0.0217166494,-33000000.0,30000000.0,0.0103412616,-1000000.0,29000000.0,0.0099965529,0.085,0.085,333800000,335200000,,,8.690832834032355,0.0868783702816057,1.0814859197124027,0.9376872378669864,1.7405632115038945,20.044937088076693,-3.493109646494907,19.913121629718397,12.231875374475734,7447078000.0,11341078000.0,64.19894827586207,2.5670727335401584,20.62902493074792,23.792581469648564,1.1203667820069203,1.1203667820069203,3.909368493622889,53.24449765258216,31.41572853185595,36.23347603833866,0.0038941447907488,0.0420299075691163,0.608093876936964,0.2496448644308566,18.281690140845072,1.4635501797973194,1.5365853658536586,12.448275862068966,0.0112795918076861,2.896551724137931,0.0,0.0327473285074112,0.4852695942190105,0.1329639889196676,0.0165460186142709,0.3265306122448979,0.0,6.239025562875172,0.0047259528130671,0.0034797216222702,-20.13556021569802,1418000000.0,-1166000000.0,-5023000000.0,11817000000.0,2015500000.0,946000000.0,1431500000.0,62.5129265770424,37.94883508451347,56.45043398812243,1.4397022332506204,2.371614301191766,1.5943190094683175,0.0043628704678802,0.1437986818454164,2009-07-20,0.09,bmo,1934000000.0,2025-04-25,2009-06-30,0.3333333333333333,22.336666666666662,4624524.158730159
2009-03-31,ETN,USD,1551182,2009-03-31,2009-03-30 20:00:00,2009,Q1,2813000000.0,2174000000.0,639000000.0,0.2271596161,98000000,0.0,0.0,558000000.0,0.0,656000000.0,2830000000.0,0.0,37000000.0,143000000.0,126000000.0,0.044792037,-17000000.0,-0.0060433701,-46000000.0,-63000000.0,-0.0223960185,-11000000.0,-50000000.0,-0.0177746178,-0.15,-0.15,332200000,332200000,,,8.467790487658037,-0.1505117399157134,0.3220951234196267,0.1776038531005418,1.3064419024683924,18.38350391330524,-4.61167971101746,18.25707405177604,12.71523178807947,6122446000.0,10164446000.0,-30.61223,2.17648275862069,57.21912149532711,103.77027118644068,1.0094717230008246,1.0094717230008246,3.6133828652683966,80.67020634920635,94.99482242990656,172.27874576271188,-0.008166670641113,0.0096366713565133,0.6903544929925803,0.2616711455534029,32.07936507936508,1.5109215017064843,-0.4594594594594595,-2.14,0.0135566732642476,-1.66,0.0,0.0348382509776039,0.4774076620211236,0.4485981308411215,0.0170636331318876,0.3356643356643357,0.0,,-0.0010354767937234,-0.0059794307581918,-21.682721252257675,1497000000.0,-1532000000.0,-5467000000.0,11661000000.0,2155500000.0,1045000000.0,1522000000.0,64.50053323853537,40.11499540018399,61.68353265869365,1.3953373015873016,2.243550051599587,1.4590604026845635,-0.0082440230832646,0.1444912703190849,2009-04-20,-0.12,bmo,3047416666.0,2025-04-25,2009-03-31,-0.0833333333333333,20.606393442622952,4762245.278688525
2008-12-31,ETN,USD,1551182,2008-12-31,2008-12-30 19:00:00,2008,Q4,3487000000.0,2626000000.0,861000000.0,0.2469171207,100000000,0.0,0.0,598000000.0,0.0,698000000.0,3324000000.0,0.0,0.0,157000000.0,320000000.0,0.0917694293,163000000.0,0.0467450531,-29000000.0,134000000.0,0.0384284485,-29000000.0,163000000.0,0.0467450531,0.49,0.49,331200000,332400000,,,10.528381642512077,0.4921497584541063,1.884057971014493,1.5519323671497585,1.6002415458937198,19.073067632850243,-4.326690821256038,19.073067632850243,12.895531400966185,8233632000.0,12316632000.0,12.628269938650304,2.361236593059937,13.194923076923075,16.018739299610896,1.3034085800221622,1.3034085800221622,3.532157155147692,38.489475,19.73819230769231,23.96231906614786,0.019796852713359,0.0624268852433531,0.676112078518284,0.2564395076553588,12.759375,1.280373831775701,0.0,3.8282208588957056,0.009959152898745,0.5030674846625767,0.0,0.0286779466590192,0.4653257280096067,0.1762820512820513,0.0315457413249211,0.7006369426751592,0.0,14.532829271719146,0.0141716903297108,0.0183043234138124,-22.070501207729468,1050000000.0,-1433000000.0,-5543000000.0,11439000000.0,2570000000.0,1272500000.0,1674500000.0,59.23429882420418,38.41964965727343,53.25971058644326,1.5193899782135076,2.3425512934879573,1.68983268983269,0.0258033876840272,0.3321256038647343,2009-01-26,0.52,bmo,3352884615.0,2025-04-25,2008-12-31,0.0384615384615384,22.4765625,5151272.125
2008-09-30,ETN,USD,1551182,2008-09-30,2008-09-29 20:00:00,2008,Q3,4114000000.0,2964000000.0,1150000000.0,0.2795333009,117000000,0.0,0.0,659000000.0,0.0,776000000.0,3740000000.0,0.0,0.0,155000000.0,529000000.0,0.1285853184,374000000.0,0.0909090909,-20000000.0,354000000.0,0.0860476422,39000000.0,315000000.0,0.0765678172,0.95,0.94,332400000,336800000,,,12.376654632972322,0.947653429602888,1.302647412755716,0.9386281588447654,1.3929001203369435,20.995788206979544,-2.4669073405535498,20.995788206979544,13.12274368231047,9337116000.0,13518116000.0,7.410409523809523,2.2695955274671853,21.56377829099307,29.926653846153847,1.337887376414959,1.337887376414959,3.285881380651434,25.55409451795841,31.21966743648961,43.32729487179487,0.0337363271485542,0.0334150287947584,0.6250179108754836,0.2570872870866977,7.90359168241966,1.241003998223012,0.0,1.3746031746031746,0.0087821550037506,0.2603174603174603,0.0,0.0284394749635391,0.4596569811987976,0.279445727482679,0.0294117647058823,0.7806451612903226,0.0,21.158365739940805,0.0239318718660643,0.0343586387434554,-19.53595066185319,1085000000.0,-820000000.0,-4401000000.0,11469000000.0,2937000000.0,1446000000.0,1819500000.0,62.23869713174526,43.23886639676113,54.50404858299596,1.4460456942003517,2.081460674157303,1.6512534818941504,0.0451354062186559,0.3640192539109506,2008-10-20,0.94,bmo,3938936170.0,2025-04-25,2008-09-30,0.0425531914893617,35.74296875,4596298.96875
2008-06-30,ETN,USD,1551182,2008-06-30,2008-06-29 20:00:00,2008,Q2,4279000000.0,3069000000.0,1210000000.0,0.2827763496,111000000,0.0,0.0,704000000.0,0.0,815000000.0,3884000000.0,0.0,0.0,154000000.0,549000000.0,0.1283010049,395000000.0,0.0923112877,-37000000.0,354000000.0,0.0827296097,21000000.0,333000000.0,0.077821921,1.03,1.01,322400000,327200000,,,13.272332506203474,1.03287841191067,1.1662531017369726,0.750620347394541,2.227047146401985,22.93424317617866,-2.586848635235732,22.93424317617866,14.404466501240694,13698776000.0,18123776000.0,10.284366366366369,3.201396587987848,36.432914893617024,56.60651239669421,1.852688125507168,1.852688125507168,4.235516709511568,33.012342440801454,48.201531914893614,74.89163636363637,0.0243087411605241,0.0176658118944349,0.6280768190424668,0.2591084081905931,8.060109289617486,1.2968983957219251,0.0,1.1291291291291292,0.0060589354844549,0.2492492492492492,0.0,0.0259406403365272,0.4590749316520672,0.3563829787234042,0.0313157279738256,0.8701298701298701,0.0,23.086498328658507,0.0252132589136302,0.0343476018566271,-20.524968982630277,1388000000.0,-834000000.0,-4466000000.0,12315000000.0,2795000000.0,1393500000.0,1739000000.0,63.70881046973592,43.049853372434015,54.07624633431085,1.4126774513040607,2.090599455040872,1.6643167028199566,0.0450365160941303,0.4156327543424317,2008-07-15,0.97,bmo,3926092783.0,2025-04-25,2008-06-30,0.0824742268041237,44.2709375,5094224.78125
2008-03-31,ETN,USD,1551182,2008-03-31,2008-03-30 20:00:00,2008,Q1,3496000000.0,2532000000.0,964000000.0,0.2757437071,89000000,0.0,0.0,552000000.0,0.0,641000000.0,3173000000.0,0.0,38000000.0,126000000.0,448000000.0,0.1281464531,323000000.0,0.0923913043,-34000000.0,286000000.0,0.0818077803,42000000.0,247000000.0,0.0706521739,0.84,0.82,295400000,301000000,,,11.834800270819228,0.8361543669600542,-0.0575490859851049,-0.3385240352064996,1.973595125253893,18.61882193635748,-1.993906567366283,18.61882193635748,14.22816519972918,11768736000.000002,15776736000.000002,11.911676113360324,3.366343249427918,-692.2785882352941,-117.68736,2.1397701818181822,2.1397701818181822,4.51279633867277,35.21592857142858,-928.0432941176472,-157.76736000000002,0.020987810415664,-0.0084970892371109,0.7572727272727273,0.2843779871637307,8.946428571428571,1.2315814171750352,8.5,-0.068825910931174,0.0062028751430909,0.2955465587044534,0.0,0.0254576659038901,0.4157449132869042,-4.882352941176471,0.023741418764302,0.6587301587301587,0.0,18.71589454365144,0.0232643675446545,0.0288652565151338,-19.719871360866623,987000000.0,-589000000.0,-3897000000.0,9549000000.0,2384500000.0,1244500000.0,1558500000.0,65.92963386727688,46.883886255924175,58.08056872037915,1.3650917610308473,1.9196360879454133,1.5495716034271725,0.0449090909090909,0.2809749492213947,2008-04-14,0.83,bmo,3411759036.0,2025-04-25,2008-03-31,0.0240963855421686,41.44098360655738,3757851.180327869
2007-12-31,ETN,USD,1551182,2007-12-31,2007-12-30 19:00:00,2007,Q4,3374000000.0,2428000000.0,946000000.0,0.2803793717,77000000,0.0,0.0,581000000.0,0.0,658000000.0,3086000000.0,0.0,0.0,125000000.0,413000000.0,0.122406639,288000000.0,0.0853586248,-29000000.0,259000000.0,0.0767634855,7000000.0,256000000.0,0.0758743331,0.87,0.87,294000000,294000000,,,11.476190476190476,0.8707482993197279,1.45578231292517,1.0272108843537415,2.197278911564626,17.591836734693878,-1.248299319727891,17.591836734693878,11.622448979591836,14253120000.0,17528120000.0,13.9190625,4.224398340248962,33.30168224299065,47.19576158940397,2.755823665893271,2.755823665893271,5.195056312981624,42.44096852300242,40.95355140186915,58.04013245033113,0.0179609797714465,0.0211883433241283,0.6606728538283063,0.2544303797468354,7.929782082324455,1.3028149767696091,0.0,1.671875,0.0044200848656294,0.24609375,0.0,0.0228215767634854,0.4124348473566642,0.2943925233644859,0.0373443983402489,1.008,0.0,18.56492373185284,0.0260520840662157,0.0324420225573438,-17.73639455782313,1108000000.0,-367000000.0,-3491000000.0,8980000000.0,2214000000.0,1148000000.0,1441000000.0,58.897451096621225,43.36902800658979,54.97116968698518,1.5280797101449275,2.0752136752136754,1.6372218476062037,0.0494972931167826,0.4285714285714285,2008-01-22,0.86,bmo,3217069767.0,2025-04-25,2007-12-31,0.0465116279069767,46.4296875,2451938.34375
2007-09-30,ETN,USD,1551182,2007-09-30,2007-09-29 20:00:00,2007,Q3,3298000000.0,2381000000.0,917000000.0,0.2780473014,88000000,0.0,0.0,528000000.0,0.0,616000000.0,2997000000.0,0.0,0.0,117000000.0,418000000.0,0.1267434809,301000000.0,0.0912674348,-38000000.0,263000000.0,0.0797453002,25000000.0,258000000.0,0.0782292298,0.88,0.86,294000000,300800000,,,11.217687074829932,0.8775510204081632,1.683673469387755,1.3945578231292517,2.5136054421768708,16.132653061224488,-0.4557823129251701,16.132653061224488,10.54421768707483,14799960000.000002,17728960000.0,14.341046511627908,4.48755609460279,29.898909090909093,36.09746341463415,3.120379506641367,3.120379506641367,5.375670103092784,42.41377990430622,35.816080808080805,43.241365853658536,0.017432479547242,0.0277027775750745,0.6535947712418301,0.2433472015071826,7.007177033492823,1.530605772280368,0.0,1.9186046511627908,0.0041892005113527,0.2403100775193798,0.0,0.026682838083687,0.3828400973388806,0.1717171717171717,0.0257731958762886,0.7264957264957265,0.0,17.847621368260523,0.0268653548377177,0.0328160773340117,-16.641156462585034,1673000000.0,-134000000.0,-3170000000.0,8802000000.0,2214000000.0,1103500000.0,1390500000.0,60.58217101273499,42.56194876102478,52.88114237715246,1.4855855855855855,2.1145648312611014,1.7019299499642602,0.0543959519291587,0.2891156462585034,2007-10-15,0.84,bmo,3062428571.0,2025-04-25,2007-09-30,0.0714285714285715,47.58285714285714,2761904.571428572
2007-06-30,ETN,USD,1551182,2007-06-30,2007-06-29 20:00:00,2007,Q2,3248000000.0,2346000000.0,902000000.0,0.2777093596,88000000,0.0,0.0,525000000.0,0.0,613000000.0,2959000000.0,0.0,0.0,118000000.0,407000000.0,0.1253078818,289000000.0,0.0889778325,-33000000.0,256000000.0,0.078817734,16000000.0,246000000.0,0.0757389163,0.84,0.82,294800000,300600000,,,11.01763907734057,0.8344640434192673,1.1940298507462686,0.9362279511533242,1.6757123473541384,15.084803256445047,-1.4145183175033922,15.084803256445047,11.116010854816825,13708200000.0,16873200000.0,13.93109756097561,4.220504926108374,38.94375,49.667391304347824,3.08257252080054,3.08257252080054,5.194950738916257,41.45749385749386,47.93522727272728,61.13478260869565,0.017945463299339,0.0201339344334048,0.7369012817629863,0.2638698768016748,7.776412776412776,1.431050804670243,0.0,1.4308943089430894,0.004595789381538,0.2560975609756097,0.0,0.0270935960591133,0.3916579434737096,0.2159090909090909,0.0233990147783251,0.6440677966101694,0.0,16.829255277344817,0.0270693875512039,0.0325612177365982,-17.40502035278155,1366000000.0,-417000000.0,-3437000000.0,8500000000.0,2173500000.0,1070500000.0,1385500000.0,61.18226600985222,41.47058823529411,53.01790281329923,1.4710144927536233,2.1702127659574466,1.6975397973950797,0.0553181920395772,0.2578018995929443,2007-07-16,0.73,bmo,2714082191.0,2025-04-25,2007-06-30,0.1643835616438356,45.10650793650794,2100294.4444444445
2007-03-31,ETN,USD,1551182,2007-03-31,2007-03-30 20:00:00,2007,Q1,3153000000.0,2256000000.0,897000000.0,0.284490961,83000000,0.0,0.0,508000000.0,0.0,591000000.0,2847000000.0,0.0,0.0,109000000.0,408000000.0,0.1294005709,306000000.0,0.0970504282,-30000000.0,269000000.0,0.0853155725,35000000.0,234000000.0,0.0742150333,0.8,0.78,295200000,300000000,,,10.68089430894309,0.7926829268292683,-0.3861788617886179,-0.6131436314363143,1.4193766937669376,14.491869918699187,-1.8021680216802167,14.491869918699187,11.1449864498645,12333456000.0,15517456000.0,13.17676923076923,3.9116574690770696,-108.1882105263158,-68.1406408839779,2.8829957924263674,2.8829957924263674,4.921489375198224,38.03298039215687,-136.1180350877193,-85.73180110497238,0.0189727842706861,-0.0146755297136504,0.7690509583917718,0.2687908496732026,7.803921568627451,1.405103668261563,0.0,-0.4871794871794871,0.0051080573036462,0.2692307692307692,0.0,0.0263241357437361,0.3929738562091503,-0.5877192982456141,0.0212496035521725,0.6146788990825688,0.0,16.076933846465526,0.0270459127825592,0.0314939434724091,-17.76507452574526,1270000000.0,-532000000.0,-3557000000.0,8355000000.0,2033500000.0,1055000000.0,1341000000.0,61.05613701236917,42.28723404255319,55.41223404255319,1.4740532959326789,2.128301886792453,1.6241900647948164,0.0546984572230014,0.2269647696476965,2007-04-16,0.71,bmo,2708915492.0,2025-04-25,2007-03-31,0.1408450704225353,39.70688524590164,2465175.344262295
2006-12-31,ETN,USD,1551182,2006-12-31,2006-12-30 19:00:00,2006,Q4,3102000000.0,2300000000.0,802000000.0,0.2585428756,73000000,0.0,0.0,501000000.0,0.0,574000000.0,2874000000.0,0.0,0.0,112000000.0,340000000.0,0.1096067054,228000000.0,0.0735009671,11000000.0,239000000.0,0.0770470664,-2000000.0,241000000.0,0.0776918117,0.8,0.8,297400000,301000000,,,10.43039677202421,0.8103564223268326,1.3954270342972428,0.9347679892400808,2.6395427034297243,13.806321452589106,0.3463349024882313,13.806321452589106,8.695359784801614,11173318000.0,13645318000.0,11.590578838174274,3.601972275951,26.9236578313253,40.19179136690647,2.721217243058938,2.721217243058938,4.398877498388137,40.13328823529412,32.880284337349394,49.08387769784173,0.0215692420102963,0.0248807024019185,0.6298100340964442,0.2265043356398353,7.270588235294118,1.2938068682125037,0.0,1.7219917012448134,0.0051909379111916,0.2406639004149377,0.0,0.0235332043842682,0.3506175002189717,0.3301204819277108,0.0441650548033526,1.2232142857142858,0.0,15.866030640989631,0.0260607515065512,0.0325060695980577,-14.907531943510424,1001000000.0,103000000.0,-2903000000.0,7275000000.0,1976500000.0,1036000000.0,1266000000.0,55.93810444874275,41.08695652173913,50.595652173913045,1.6089211618257262,2.1904761904761907,1.778808971384377,0.0586945932781295,0.4606590450571621,2007-01-22,0.79,bmo,2944936708.0,2025-04-25,2006-12-31,0.0506329113924049,37.19015873015873,1976482.53968254
2006-09-30,ETN,USD,1551182,2006-09-30,2006-09-29 20:00:00,2006,Q3,3115000000.0,2313000000.0,802000000.0,0.2574638844,86000000,0.0,0.0,468000000.0,0.0,554000000.0,2867000000.0,0.0,0.0,108000000.0,351000000.0,0.1126805778,248000000.0,0.0796147673,-22000000.0,225000000.0,0.0722311396,12000000.0,248000000.0,0.0796147673,0.83,0.81,301000000,306000000,,,10.348837209302326,0.8239202657807309,1.4883720930232558,1.2093023255813953,2.3289036544850497,14.578073089700997,1.3255813953488371,14.578073089700997,8.219269102990033,10363430000.0,12708430000.0,10.447006048387095,3.3269438202247192,23.13265625,28.470961538461538,2.361766180492252,2.361766180492252,4.079752808988764,36.20635327635328,28.36703125,34.91326923076923,0.0239303010682756,0.0351235064066626,0.5638103919781221,0.2198329482850542,6.680911680911681,1.292511013215859,0.0,1.806451612903225,0.0055966026691935,0.2338709677419354,0.0,0.0276083467094703,0.3544517504887151,0.1875,0.0269662921348314,0.7777777777777778,0.0,16.439322423060528,0.027449238084103,0.0341362697866483,-13.377906976744184,996000000.0,399000000.0,-2465000000.0,7187000000.0,2030000000.0,1017000000.0,1212500000.0,58.507223113964685,39.76653696498055,48.21011673151751,1.5382716049382716,2.26320939334638,1.8668280871670704,0.056517775752051,0.2790697674418604,2006-10-16,0.79,bmo,2957278481.0,2025-04-25,2006-09-30,0.0506329113924049,33.58269841269841,2058076.1904761903
2006-06-30,ETN,USD,1551182,2006-06-30,2006-06-29 20:00:00,2006,Q2,3186000000.0,2307000000.0,879000000.0,0.2758945386,82000000,0.0,0.0,499000000.0,0.0,581000000.0,2888000000.0,0.0,0.0,108000000.0,396000000.0,0.1242937853,298000000.0,0.0935342122,-10000000.0,278000000.0,0.0872567483,25000000.0,253000000.0,0.0794099184,0.84,0.82,303400000,308600000,,,10.50098879367172,0.8338826631509558,1.4535266974291363,1.1997363216875412,1.5787738958470665,14.00461437046803,1.0975609756097562,14.00461437046803,7.982860909690178,11438180000.0,13735180000.0,11.302549407114626,3.590138104205901,25.93691609977324,31.423571428571428,2.691969875264768,2.691969875264768,4.311104833647207,34.68479797979798,31.145532879818592,37.73401098901099,0.0221189035318555,0.0318232446070965,0.5700164744645799,0.222508038585209,5.80050505050505,1.1839609083069849,0.0,1.743083003952569,0.0045461778010137,0.2055335968379446,0.0,0.0257376020087884,0.359761139182361,0.1746031746031746,0.0241682360326428,0.7129629629629629,0.0,16.209861670356126,0.0326198507155305,0.0363036303630363,-13.308338826631507,640000000.0,333000000.0,-2517000000.0,6776000000.0,2003000000.0,945000000.0,1171500000.0,57.48587570621469,39.47984395318595,46.26788036410923,1.5656019656019655,2.279644268774704,1.945193929173693,0.0595434219816427,0.2537903757415952,2006-07-17,0.82,bmo,3108292682.0,2025-04-25,2006-06-30,0.024390243902439,37.36380952380952,1932165.0793650795
2006-03-31,ETN,USD,1551182,2006-03-31,2006-03-30 19:00:00,2006,Q1,3013000000.0,2167000000.0,846000000.0,0.2807832725,81000000,0.0,0.0,480000000.0,0.0,561000000.0,2728000000.0,0.0,0.0,106000000.0,389000000.0,0.1291072021,285000000.0,0.0945901095,-32000000.0,253000000.0,0.0839694656,45000000.0,208000000.0,0.0690341852,0.69,0.68,300800000,306200000,,,10.016622340425531,0.6914893617021277,0.4222074468085106,0.2160904255319149,1.4694148936170213,13.454122340425531,0.5019946808510638,13.454122340425531,8.75997340425532,10976192000.0,13503192000.0,13.192538461538462,3.6429445735147694,86.42670866141732,168.8644923076923,2.7121798863355573,2.7121798863355573,4.481643544639894,34.712575835475576,106.32434645669292,207.74141538461532,0.0189501058290525,0.0059219080715789,0.6510995799357548,0.246468992610607,6.496143958868895,1.1293078894901738,0.0,0.6105769230769231,0.0047375264572631,0.25,0.0,0.0268835048124792,0.3644186699092694,0.4881889763779528,0.0205774975107865,0.5849056603773585,0.0,14.468106495408156,0.0283872425969538,0.0306107431935246,-13.780751329787234,454000000.0,151000000.0,-2679000000.0,6554000000.0,1878000000.0,844000000.0,1128000000.0,58.87487553932957,36.46515920627596,48.05260729118597,1.5286656519533233,2.4681093394077447,1.87294727744166,0.0513960958734865,0.2061170212765957,2006-04-17,0.66,bmo,2830393939.0,2025-04-25,2006-03-31,0.0606060606060604,34.266451612903225,1622761.2903225806
2005-12-31,ETN,USD,1551182,2005-12-31,2005-12-30 19:00:00,2005,Q4,2838000000.0,2059000000.0,779000000.0,0.2744890768,74000000,0.0,0.0,453000000.0,0.0,527000000.0,2586000000.0,0.0,0.0,109000000.0,361000000.0,0.1272022551,252000000.0,0.088794926,-8000000.0,244000000.0,0.0859760395,34000000.0,210000000.0,0.0739957717,0.7,0.7,297400000,298200000,,,9.542703429724275,0.7061197041022192,1.425689307330195,0.9852051109616676,1.1297915265635508,12.703429724277068,0.0437121721587088,12.703429724277068,8.285137861466039,9977770000.0,12331770000.0,11.878297619047618,3.51577519379845,23.532476415094337,34.05382252559727,2.641019057702488,2.641019057702488,4.345232558139535,34.16002770083102,29.08436320754717,42.08795221843003,0.0210467870075177,0.0293652790152509,0.652196929592377,0.2411430808377373,6.520775623268698,1.2055256064690028,0.0,2.019047619047619,0.0046102485825991,0.219047619047619,0.0,0.0260747004933051,0.3684674104521432,0.3089622641509434,0.0461592670894996,1.201834862385321,0.0,14.206625069127847,0.0275095441275544,0.0325430032543003,-14.175353059852052,610000000.0,13000000.0,-2862000000.0,6550000000.0,1823000000.0,804500000.0,1082000000.0,56.60676532769556,35.40553666828558,48.0378824672171,1.5899159663865543,2.5419753086419754,1.8735213830755235,0.0555849655902594,0.4404841963685272,2006-01-23,0.68,bmo,2671058823.0,2025-04-25,2005-12-31,0.0588235294117645,31.29063492063492,1376885.7142857143
2005-09-30,ETN,USD,1551182,2005-09-30,2005-09-29 20:00:00,2005,Q3,2789000000.0,2001000000.0,788000000.0,0.2825385443,75000000,0.0,0.0,439000000.0,0.0,514000000.0,2515000000.0,0.0,0.0,101000000.0,373000000.0,0.1337396916,274000000.0,0.0982430979,-25000000.0,249000000.0,0.0892793116,50000000.0,199000000.0,0.071351739,0.67,0.65,298200000,304800000,,,9.352783366867872,0.6673373574782026,0.9926224010731052,0.6975184439973172,1.13682092555332,12.39101274312542,1.1301140174379611,12.39101274312542,7.183098591549296,9476796000.0,11526796000.0,11.905522613065328,3.397918967371818,32.01620270270271,45.56151923076923,2.564762110960758,2.564762110960758,4.1329494442452495,30.902938337801608,38.94187837837838,55.41728846153846,0.0209986581962933,0.0219483462554221,0.5797023004059539,0.2197148425479536,5.49597855227882,1.2844491675522494,0.0,1.4874371859296482,0.0047484402956442,0.2261306532663316,0.0,0.0268913589100035,0.3444455841624782,0.2972972972972973,0.0315525277877375,0.8712871287128713,0.0,13.640094510695706,0.0298215878630961,0.0311375371616335,-12.698692152917506,803000000.0,337000000.0,-2428000000.0,6261000000.0,1810000000.0,783500000.0,1048000000.0,60.053782717820006,35.93703148425787,47.90104947526237,1.4986566362170877,2.504380475594493,1.87887323943662,0.0538565629228687,0.295103957075788,2005-10-17,0.66,bmo,2746742424.0,2025-04-25,2005-09-30,0.0151515151515151,32.159375,1436968.75
2005-06-30,ETN,USD,1551182,2005-06-30,2005-06-29 20:00:00,2005,Q2,2834000000.0,2039000000.0,795000000.0,0.2805222301,69000000,0.0,0.0,446000000.0,0.0,515000000.0,2554000000.0,0.0,0.0,99000000.0,379000000.0,0.1337332392,280000000.0,0.0988002823,-13000000.0,267000000.0,0.0942131263,58000000.0,209000000.0,0.0737473536,0.7,0.69,299600000,306800000,,,9.459279038718291,0.6975967957276369,1.074766355140187,0.8144192256341789,1.485313751668892,11.645527369826436,1.014686248331108,11.645527369826436,7.386515353805073,8973020000.0,11056020000.0,10.733277511961722,3.1662032462949896,27.86652173913043,36.77467213114754,2.5718028088277443,2.5718028088277443,3.901206774876499,29.17155672823219,34.335465838509315,45.31155737704918,0.0232920466019244,0.0271926285687538,0.6342791630839782,0.2327758493741453,5.496042216358839,1.382615444315095,0.0,1.5406698564593302,0.0051264791564044,0.2200956937799043,0.0,0.0243472124206069,0.3350163037761649,0.2422360248447205,0.0275229357798165,0.7878787878787878,0.0,13.51988749950834,0.0304326617554216,0.0330591584941474,-12.477469959946596,986000000.0,304000000.0,-2455000000.0,6246000000.0,1734000000.0,759500000.0,1024500000.0,55.86097388849682,33.8989700833742,45.50760176557136,1.611142694712905,2.6549479166666665,1.9776915615906887,0.0599025508741759,0.260347129506008,2005-07-18,0.66,bmo,2662242424.0,2025-04-25,2005-06-30,0.0606060606060604,30.1684375,2317878.125
2005-03-31,ETN,USD,1551182,2005-03-31,2005-03-30 19:00:00,2005,Q1,2654000000.0,1913000000.0,741000000.0,0.2792012057,69000000,0.0,0.0,419000000.0,0.0,488000000.0,2401000000.0,0.0,0.0,100000000.0,353000000.0,0.1330067822,253000000.0,0.0953278071,-17000000.0,236000000.0,0.0889223813,49000000.0,187000000.0,0.0704596835,0.61,0.6,306200000,314400000,,,8.667537557152189,0.6107119529719138,0.3037230568256042,0.0881776616590463,1.1201828870019594,11.521881123448726,1.502286087524494,11.521881123448726,6.858262573481385,10012740000.0,12022740000.0,13.38601604278075,3.7726978146194425,107.66387096774194,370.84222222222223,2.838078231292517,2.838078231292517,4.530045214770158,34.058753541076484,129.2767741935484,445.2866666666667,0.0186762065129025,0.0026965645767292,0.5952380952380952,0.2264395083027819,5.694050991501417,1.3477227722772278,0.0,0.4973262032085561,0.0046940198187509,0.2513368983957219,0.0,0.0259984928409947,0.3308173387966358,0.7096774193548387,0.0248681235870384,0.66,0.0,12.582622412011776,0.0281757328156079,0.0301321301965839,-11.79702808621816,878000000.0,460000000.0,-2343000000.0,6051000000.0,1660500000.0,763500000.0,992000000.0,57.95403165033911,35.33193936225823,47.89336121275483,1.5529549444119368,2.5472703062583224,1.8791748526522591,0.0530045351473922,0.2155453951665578,2005-04-14,0.62,bmo,2654000000.0,2025-04-25,2005-03-31,0.0,34.20393442622951,2143518.0327868853
2004-12-31,ETN,USD,1551182,2004-12-31,2004-12-30 19:00:00,2004,Q4,2633000000.0,1899000000.0,734000000.0,0.2787694645,65000000,0.0,0.0,431000000.0,0.0,496000000.0,2395000000.0,0.0,0.0,102000000.0,340000000.0,0.1291302697,238000000.0,0.0903911888,-44000000.0,194000000.0,0.0736802127,11000000.0,183000000.0,0.0695024687,0.6,0.6,305600000,305600000,,,8.61583769633508,0.5988219895287958,0.8540575916230366,0.425392670157068,0.9685863874345548,11.799738219895287,1.731020942408377,11.799738219895287,5.8017015706806285,11056608000.0,12744608000.0,15.104655737704917,4.199243448537789,42.36248275862069,85.05083076923077,3.0661697171381035,3.0661697171381035,4.840337257880744,37.48414117647059,48.82991570881226,98.03544615384617,0.016551188212515,0.0117576746864861,0.4916805324459234,0.1953719008264463,4.964705882352941,1.406719717064545,0.0,1.4262295081967211,0.0037081897088148,0.2240437158469945,0.0,0.0246866691986327,0.3390633608815427,0.5019157088122606,0.0497531333080136,1.2843137254901962,0.0,12.608874300548203,0.0327649087330962,0.0305101700566855,-11.390706806282722,920000000.0,529000000.0,-2287000000.0,6144000000.0,1630500000.0,768500000.0,948000000.0,55.10064565134827,36.77725118483412,45.78199052132702,1.6333746898263026,2.4471649484536084,1.9658385093167705,0.0507487520798668,0.4286649214659686,2005-01-24,0.56,bmo,2585982142.0,2025-04-25,2004-12-31,0.0178571428571426,33.37203125,1724056.25
2004-09-30,ETN,USD,1551182,2004-09-30,2004-09-29 20:00:00,2004,Q3,2543000000.0,1836000000.0,707000000.0,0.2780180889,72000000,0.0,0.0,406000000.0,0.0,478000000.0,2314000000.0,0.0,0.0,100000000.0,329000000.0,0.1293747542,229000000.0,0.0900511207,-18000000.0,211000000.0,0.0829728667,41000000.0,170000000.0,0.066850177,0.56,0.55,305600000,313800000,,,8.321335078534032,0.556282722513089,0.7198952879581152,0.494109947643979,1.1452879581151831,11.027486910994764,1.0013089005235605,11.027486910994764,6.351439790575916,9690576000.0,11548576000.0,14.250847058823531,3.8106865906409753,44.048072727272725,64.176,2.875541839762612,2.875541839762612,4.541319701140385,35.102054711246204,52.49352727272727,76.4806357615894,0.0175428168562941,0.0155821490900024,0.5759643916913947,0.2185072610604525,5.64741641337386,1.2777337559429478,0.0,1.2941176470588236,0.0041277216132456,0.2352941176470588,0.0,0.0283130161226897,0.3449285151412811,0.3136363636363636,0.0271333071175776,0.69,0.0,11.748362010502843,0.0277322064735076,0.0292146416910122,-11.326079842931938,701000000.0,306000000.0,-2288000000.0,5822000000.0,1614000000.0,791000000.0,903500000.0,58.36020448289422,37.30392156862745,45.588235294117645,1.5421467556094604,2.412614980289093,1.9741935483870967,0.0504451038575667,0.2257853403141361,2004-10-14,0.56,bmo,2543000000.0,2025-04-25,2004-09-30,0.0,31.061875,1873787.5
2004-06-30,ETN,USD,1551182,2004-06-30,2004-06-29 20:00:00,2004,Q2,2403000000.0,1726000000.0,677000000.0,0.2817311694,64000000,0.0,0.0,389000000.0,0.0,453000000.0,2179000000.0,0.0,0.0,98000000.0,322000000.0,0.1339991677,224000000.0,0.0932168123,-21000000.0,203000000.0,0.0844777362,42000000.0,161000000.0,0.0669995839,0.53,0.52,304200000,312400000,,,7.899408284023669,0.5292570677186061,1.0848126232741615,0.8185404339250493,0.9500328731097962,10.466798159105853,0.4898093359631821,10.466798159105853,6.268902038132808,9846954000.0,11667954000.0,15.290301242236024,4.097775280898876,29.839254545454544,39.546,3.0926363065326634,3.0926363065326634,4.855578027465668,36.23588198757764,35.35743636363637,46.85925301204819,0.0163502337880323,0.0252870075355282,0.5989321608040201,0.2229105786090006,5.65527950310559,1.2512214983713354,0.0,2.049689440993789,0.004163724132356,0.2546583850931677,0.0,0.0266333749479816,0.3547632963179427,0.2454545454545454,0.0337078651685393,0.826530612244898,0.0,11.164300484000083,0.0277933623926459,0.0291666666666666,-11.371630506245891,617000000.0,149000000.0,-2298000000.0,5711000000.0,1489000000.0,725500000.0,814000000.0,59.13857677902622,42.80996523754346,45.73001158748552,1.5218492716909435,2.10231425091352,1.968072976054732,0.0505653266331658,0.2662721893491124,2004-07-15,0.51,bmo,2308764705.0,2025-04-25,2004-06-30,0.0392156862745098,29.706451612903223,1883806.4516129035
2004-03-31,ETN,USD,1551182,2004-03-31,2004-03-30 19:00:00,2004,Q1,2238000000.0,1621000000.0,617000000.0,0.2756925827,60000000,0.0,0.0,361000000.0,0.0,421000000.0,2042000000.0,0.0,0.0,100000000.0,296000000.0,0.1322609473,196000000.0,0.0875781948,-23000000.0,173000000.0,0.0773011618,39000000.0,134000000.0,0.0598748883,0.44,0.43,306200000,314200000,,,7.308948399738733,0.4376224689745264,0.0881776616590463,-0.0718484650555192,1.890920966688439,9.937949052906596,1.3585891574134552,9.937949052906596,6.407576747224036,8604220000.0,10501220000.0,16.052649253731346,3.844602323503128,318.6748148148148,-391.1009090909091,2.8275451856720344,2.8275451856720344,4.6922341376228776,35.4770945945946,388.9340740740741,-477.3281818181818,0.0155737533442891,-0.0025568848774206,0.6447584620440355,0.2394727206151592,6.408783783783784,1.3829113924050631,0.0,0.2014925373134328,0.0047651036351929,0.3059701492537313,0.0,0.0268096514745308,0.3206395703649456,1.8148148148148149,0.0218945487042001,0.49,0.0,9.89212163917382,0.0241705188507775,0.0240747394897592,-10.275146962769432,847000000.0,416000000.0,-2091000000.0,5504000000.0,1294500000.0,578000000.0,736000000.0,56.260053619302944,34.97840838988279,41.69648365206663,1.5997140814867763,2.573015873015873,2.158455392809587,0.0440354912914886,0.1600261267145656,2004-04-14,0.4,bmo,2014200000.0,2025-04-25,2004-03-31,0.0999999999999999,28.958548387096776,2586474.193548387
2003-12-31,ETN,USD,1551182,2003-12-31,2003-12-30 19:00:00,2003,Q4,2083000000.0,1505000000.0,578000000.0,0.2774843975,55000000,0.0,0.0,356000000.0,0.0,411000000.0,1916000000.0,0.0,0.0,96000000.0,263000000.0,0.1262602016,167000000.0,0.0801728277,-22000000.0,145000000.0,0.0696111378,31000000.0,114000000.0,0.0547287566,0.38,0.38,303600000,303600000,,,6.861001317523057,0.375494071146245,1.1758893280632412,0.8596837944664032,2.8491436100131757,10.266798418972332,1.5843214756258237,10.266798418972332,6.432806324110672,8197200000.0,10089200000.0,17.976315789473684,3.935285645703313,22.961344537815123,31.40689655172413,2.6298363811357075,2.6298363811357075,4.843590974555929,38.36197718631179,28.261064425770307,38.65593869731801,0.0139071878202313,0.0318401405357927,0.6265640038498557,0.2375045603794235,7.193916349809886,1.4548447789275636,0.0,3.131578947368421,0.0043917435221783,0.3157894736842105,0.0,0.0264042246759481,0.3205642709473428,0.2689075630252101,0.0460873739798367,1.0,0.0,9.31344423720352,0.0205182921900512,0.0204045104707356,-9.84189723320158,967000000.0,481000000.0,-2013000000.0,5679000000.0,1252000000.0,515000000.0,728000000.0,51.4162265962554,31.45514950166113,43.11627906976744,1.750420168067227,2.8612167300380227,2.087378640776699,0.0365736284889316,0.3162055335968379,2004-01-21,0.35,bmo,1844942857.0,2025-04-25,2003-12-31,0.1142857142857144,25.4309375,2200368.75
2003-09-30,ETN,USD,1551182,2003-09-30,2003-09-29 20:00:00,2003,Q3,2026000000.0,1479000000.0,547000000.0,0.2699901283,57000000,0.0,0.0,327000000.0,0.0,384000000.0,1863000000.0,0.0,0.0,97000000.0,260000000.0,0.1283316881,163000000.0,0.0804540967,-21000000.0,142000000.0,0.070088845,35000000.0,107000000.0,0.0528134255,0.35,0.35,303600000,309000000,,,6.673254281949935,0.3524374176548089,0.8629776021080369,0.642292490118577,1.9565217391304348,9.693675889328064,1.4393939393939394,9.693675889328064,6.396574440052701,6727776000.0,8597776000.0,15.719102803738318,3.3207186574531096,25.67853435114504,34.501415384615385,2.286026503567788,2.286026503567788,4.243719644619941,33.06836923076923,32.81593893129771,44.091158974358976,0.0159042155981412,0.0289843181461451,0.6598708800543663,0.2457294698215867,7.1923076923076925,1.6456473214285714,0.0,2.448598130841121,0.0053509510423652,0.3364485981308411,0.0,0.0281342546890424,0.3170947741364039,0.2557251908396946,0.0330700888450148,0.6907216494845361,0.0,8.767514881960166,0.0199648803091631,0.0198258291643505,-9.924242424242424,1157000000.0,437000000.0,-2011000000.0,5722000000.0,1291500000.0,488500000.0,744000000.0,58.37117472852912,30.66937119675456,44.72616632860041,1.5418569254185692,2.9345238095238093,2.012244897959184,0.036357458375807,0.2206851119894598,2003-10-14,0.33,bmo,1841818181.0,2025-04-25,2003-09-30,0.0909090909090908,21.82609375,2477787.5
2003-06-30,ETN,USD,1551182,2003-06-30,2003-06-29 20:00:00,2003,Q2,2027000000.0,1498000000.0,529000000.0,0.260976813,56000000,0.0,0.0,339000000.0,0.0,395000000.0,1893000000.0,0.0,0.0,103000000.0,237000000.0,0.116921559,134000000.0,0.0661075481,-12000000.0,122000000.0,0.0601874692,29000000.0,93000000.0,0.0458806117,0.32,0.32,290000000,294000000,,,6.989655172413793,0.3206896551724137,0.8931034482758621,0.6620689655172414,1.4793103448275862,9.675862068965516,1.186206896551724,9.675862068965516,6.779310344827586,5698500000.0,7577500000.0,15.318548387096774,2.811297483966453,22.0019305019305,29.6796875,2.0308267997148968,2.0308267997148968,3.738283177109028,31.97257383966245,29.25675675675676,39.466145833333336,0.0163200842326928,0.0336930771255593,0.7006414825374199,0.2567920585161964,7.928270042194093,1.631610219845514,0.0,2.78494623655914,0.0054400280775642,0.3333333333333333,0.0,0.0276270350271336,0.3215778474399164,0.2586872586872586,0.0330537740503206,0.6504854368932039,0.0,8.355617845726835,0.0169511352445414,0.0179052753176742,-10.664655172413791,1063000000.0,344000000.0,-2104000000.0,5596000000.0,1250000000.0,473000000.0,765000000.0,56.34435125801677,28.41789052069426,45.24032042723632,1.5973207249802994,3.167019027484144,1.98937583001328,0.033143264433357,0.2310344827586206,2003-07-15,0.33,bmo,1965575757.0,2025-04-25,2003-06-30,0.0303030303030303,19.9615873015873,2646304.761904762
2003-03-31,ETN,USD,1551182,2003-03-31,2003-03-30 19:00:00,2003,Q1,1925000000.0,1415000000.0,510000000.0,0.2649350649,55000000,0.0,0.0,329000000.0,0.0,384000000.0,1799000000.0,0.0,0.0,98000000.0,224000000.0,0.1163636364,126000000.0,0.0654545455,-27000000.0,99000000.0,0.0514285714,27000000.0,72000000.0,0.0374025974,0.25,0.25,288400000,288400000,,,6.674757281553398,0.2496532593619972,-0.0138696255201109,-0.1629680998613037,0.3536754507628294,8.25242718446602,-0.2080443828016643,8.25242718446602,7.20873786407767,5044116000.0,7064116000.0,17.514291666666665,2.62032,-1261.0289999999998,-107.3216170212766,2.119376470588235,2.119376470588235,3.6696706493506497,31.53623214285714,-1766.029,-150.3003404255319,0.0142740571390507,-0.0093177872991025,0.8735294117647059,0.2862847700358028,9.017857142857142,1.3443080357142858,0.0,-0.0555555555555555,0.0061457746015357,0.4305555555555556,0.0,0.0285714285714285,0.3359955935004131,-10.75,0.0223376623376623,0.4387755102040816,0.0,6.808488837151279,0.0161473768522226,0.0149315636665284,-12.025832177531209,617000000.0,-60000000.0,-2473000000.0,5104000000.0,1131500000.0,480500000.0,737500000.0,57.55324675324675,30.084805653710248,49.420494699646646,1.5637692932575142,2.9915433403805496,1.821106821106821,0.0302521008403361,0.1490984743411927,2003-04-14,0.24,bmo,1684374999.0,2025-04-25,2003-03-31,0.1250000000000001,17.987868852459016,2167108.196721312
2002-12-31,ETN,USD,1551182,2002-12-31,2002-12-30 19:00:00,2002,Q4,1775000000.0,1306000000.0,469000000.0,0.2642253521,47000000,0.0,0.0,300000000.0,0.0,347000000.0,1653000000.0,0.0,0.0,95000000.0,217000000.0,0.1222535211,122000000.0,0.0687323944,-30000000.0,92000000.0,0.0518309859,25000000.0,67000000.0,0.0377464789,0.23,0.23,288400000,288400000,,,6.154646324549237,0.2323162274618585,0.891123439667129,0.5825242718446602,1.4840499306518724,7.981969486823855,-0.4091539528432732,7.981969486823855,7.23994452149792,5632452000.0,7645452000.0,21.016611940298507,3.1732123943661974,21.916155642023348,33.5265,2.446764552562989,2.446764552562989,4.307296901408451,35.23249769585254,29.74884046692607,45.50864285714286,0.0118953521485846,0.0298271516561525,0.9070373588184188,0.2925189128607453,9.276497695852534,1.416955017301038,0.0,3.835820895522388,0.0055038196508376,0.4626865671641791,0.0,0.0264788732394366,0.339030540767722,0.3463035019455253,0.0501408450704225,0.936842105263158,0.0,6.459309047810621,0.0158515300779583,0.0142009325985587,-11.390429958391124,723000000.0,-118000000.0,-2379000000.0,5098000000.0,1085500000.0,428000000.0,666000000.0,52.32676056338027,33.62940275650842,48.1010719754977,1.7199612403100777,2.6762295081967213,1.8710601719197708,0.0291051259774109,0.3085991678224687,2003-01-21,0.23,bmo,1620652173.0,2025-04-25,2002-12-31,0.0869565217391303,17.8746875,1835150.0
2002-09-30,ETN,USD,1551182,2002-09-30,2002-09-29 20:00:00,2002,Q3,1830000000.0,1316000000.0,514000000.0,0.2808743169,51000000,0.0,0.0,302000000.0,0.0,353000000.0,1669000000.0,0.0,0.0,94000000.0,255000000.0,0.1393442623,161000000.0,0.0879781421,-29000000.0,132000000.0,0.0721311475,39000000.0,93000000.0,0.0508196721,0.33,0.33,283200000,287600000,,,6.461864406779661,0.3283898305084746,1.1581920903954803,0.9745762711864406,1.338276836158192,9.198446327683616,0.7309322033898306,9.198446327683616,7.175141242937853,4514208000.0,6167208000.0,12.134967741935483,2.4667803278688525,13.76282926829268,16.355826086956522,1.7329013435700575,1.7329013435700575,3.3700590163934425,24.185129411764706,18.802463414634147,22.34495652173913,0.0206016204835931,0.0611402930480828,0.7800383877159309,0.2720214190093708,6.482352941176471,1.350328947368421,0.0,3.5268817204301075,0.0068672068278643,0.3333333333333333,0.0,0.0278688524590163,0.3210174029451138,0.1585365853658536,0.028415300546448,0.5531914893617021,0.0,8.244101842287598,0.0194066412629286,0.0183359621451104,-11.704625706214689,639000000.0,207000000.0,-2402000000.0,4935000000.0,1155000000.0,371000000.0,651500000.0,56.01639344262296,25.167173252279635,43.35866261398176,1.6066725197541702,3.5760869565217392,2.0757097791798107,0.0357005758157389,0.1836158192090395,2002-10-14,0.3,bmo,1707999999.0,2025-04-25,2002-09-30,0.0666666666666667,17.07984375,1906556.25
2002-06-30,ETN,USD,1551182,2002-06-30,2002-06-29 20:00:00,2002,Q2,1881000000.0,1364000000.0,517000000.0,0.2748538012,50000000,0.0,0.0,305000000.0,0.0,355000000.0,1719000000.0,0.0,0.0,92000000.0,254000000.0,0.1350345561,162000000.0,0.0861244019,-35000000.0,127000000.0,0.067517278,39000000.0,88000000.0,0.0467836257,0.31,0.3,288400000,288400000,,,6.5221914008321775,0.305131761442441,0.8044382801664355,0.6414701803051318,1.116504854368932,8.949375866851595,0.4750346740638003,8.949375866851595,7.902219140083218,5153708000.0,7110708000.0,14.641215909090912,2.739876661350346,22.21425862068966,27.85788108108108,1.9967872917473848,1.9967872917473848,3.780280701754386,27.99491338582677,30.64960344827586,38.43625945945946,0.0170750845798791,0.0358964846281551,0.8829910887253003,0.2977139124755062,7.704724409448819,1.3227513227513228,0.0,2.636363636363636,0.0060150866133665,0.3522727272727273,0.0,0.0265816055289739,0.319268451992162,0.2025862068965517,0.0249867091972355,0.5108695652173914,0.0,7.838470737102694,0.0183748516130196,0.0168873536749184,-12.272018030513175,610000000.0,137000000.0,-2574000000.0,5028000000.0,1133500000.0,365000000.0,668500000.0,56.02870813397129,24.677419354838708,44.14222873900293,1.6063193851409052,3.647058823529412,2.038863976083707,0.0340953118946144,0.1629680998613037,2002-07-15,0.3,bmo,1818300000.0,2025-04-25,2002-06-30,0.0333333333333333,20.348125,1654906.25
2002-03-31,ETN,USD,1551182,2002-03-31,2002-03-30 19:00:00,2002,Q1,1723000000.0,1286000000.0,437000000.0,0.2536273941,55000000,0.0,0.0,310000000.0,0.0,365000000.0,1651000000.0,0.0,0.0,95000000.0,167000000.0,0.0969239698,72000000.0,0.0417875798,-24000000.0,48000000.0,0.0278583865,15000000.0,33000000.0,0.0191526407,0.12,0.12,280400000,284800000,,,6.144793152639087,0.1176890156918687,0.2960057061340941,0.1533523537803138,0.9343794579172612,8.940798858773181,0.2639087018544935,8.940798858773181,8.348787446504993,5658472000.0,7737472000.0,42.86721212121212,3.2840812536273942,68.17436144578313,131.59237209302324,2.257069006781013,2.257069006781013,4.490697620429484,46.332167664670656,93.22255421686748,179.94120930232555,0.0058319631165445,0.0075992246670125,0.9337854008775428,0.3100662251655629,12.449101796407186,1.420611144397843,0.0,2.515151515151515,0.0053017846514041,0.9090909090909092,0.0,0.0319210679048171,0.3222516556291391,0.4819277108433735,0.0232153221125943,0.4210526315789473,0.0,4.86572305898414,0.0081441263573543,0.0064490912644127,-12.92796005706134,702000000.0,74000000.0,-2672000000.0,5134000000.0,1083000000.0,387000000.0,674500000.0,57.24898432965757,24.914463452566096,46.74961119751167,1.572080291970803,3.6123595505617976,1.9251497005988023,0.0131631431990426,0.1426533523537803,2002-04-15,0.21,bmo,1558904761.0,2025-04-25,2002-03-31,0.0952380952380953,19.162333333333333,1829033.3333333333
2001-12-31,ETN,USD,1551182,2001-12-31,2001-12-30 19:00:00,2001,Q4,1695000000.0,1280000000.0,415000000.0,0.2448377581,51000000,0.0,0.0,296000000.0,0.0,347000000.0,1627000000.0,0.0,0.0,110000000.0,178000000.0,0.1050147493,68000000.0,0.0401179941,-29000000.0,39000000.0,0.0230088496,9000000.0,30000000.0,0.017699115,0.11,0.11,278400000,278400000,,,6.088362068965517,0.1077586206896551,0.9698275862068966,0.639367816091954,1.1170977011494252,8.890086206896552,0.1436781609195402,8.890086206896552,8.764367816091953,5178240000.0,7506240000.0,43.15200000000001,3.055008849557522,19.17866666666667,29.09123595505618,2.092218181818182,2.092218181818182,4.42846017699115,42.16988764044944,27.80088888888889,42.16988764044944,0.0057934742306266,0.0343746137683846,0.985858585858586,0.3191211090766414,13.07865168539326,1.4301977231875374,0.0,9.0,0.0057934742306266,1.0,0.0,0.0300884955752212,0.3184671723777138,0.3407407407407407,0.0542772861356932,0.8363636363636363,0.0,4.642696104421898,0.0084846216233077,0.0057570523891767,-13.351293103448276,718000000.0,40000000.0,-2784000000.0,5203000000.0,1120500000.0,373500000.0,710000000.0,56.8141592920354,29.390625,47.8828125,1.5841121495327102,3.062200956937799,1.8795888399412628,0.0121212121212121,0.3304597701149425,2002-01-22,0.15,bmo,1581999999.0,2025-04-25,2001-12-31,0.0666666666666667,17.2709375,1261343.75
2001-09-30,ETN,USD,1551182,2001-09-30,2001-09-29 20:00:00,2001,Q3,1750000000.0,1326000000.0,424000000.0,0.2422857143,56000000,0.0,0.0,300000000.0,0.0,356000000.0,1682000000.0,0.0,0.0,112000000.0,180000000.0,0.1028571429,68000000.0,0.0388571429,-7000000.0,61000000.0,0.0348571429,21000000.0,40000000.0,0.0228571429,0.14,0.14,278400000,283600000,,,6.285919540229885,0.1436781609195402,0.6968390804597702,0.4669540229885057,0.7579022988505747,8.814655172413794,0.028735632183908,8.814655172413794,9.03735632183908,4131456000.0,6436456000.0,25.8216,2.360832,21.296164948453608,31.78043076923077,1.6835599022004888,1.6835599022004888,3.677974857142857,35.75808888888889,33.17760824742268,49.5112,0.0096818167735539,0.0314659045140502,1.0252648736756316,0.3187634612948182,12.805555555555555,1.376063829787234,0.0,4.85,0.0072613625801654,0.75,0.0,0.032,0.3098948435322438,0.3298969072164948,0.0365714285714285,0.5714285714285714,0.0,5.338131929526222,0.0071896426853315,0.0073434918303653,-14.296875,707000000.0,8000000.0,-2852000000.0,5208000000.0,1193000000.0,330500000.0,760000000.0,60.22285714285714,22.330316742081447,50.15837104072398,1.4944491887275833,4.030395136778116,1.794316644113667,0.0162999185004074,0.2298850574712643,2001-10-15,0.16,bmo,1640625000.0,2025-04-25,2001-09-30,0.0625,17.690677966101696,1146691.5254237289
2001-06-30,ETN,USD,1551182,2001-06-30,2001-06-29 20:00:00,2001,Q2,1871000000.0,1311000000.0,560000000.0,0.2993051844,53000000,0.0,0.0,303000000.0,89000000.0,445000000.0,1756000000.0,0.0,0.0,112000000.0,227000000.0,0.1213254944,115000000.0,0.0614644575,-41000000.0,74000000.0,0.0395510422,25000000.0,49000000.0,0.0261892036,0.18,0.17,278000000,282800000,,,6.73021582733813,0.1762589928057553,0.6906474820143885,0.4172661870503597,0.7446043165467626,8.841726618705035,-0.0575539568345323,8.841726618705035,9.528776978417266,4873340000.0,7417340000.0,24.86397959183674,2.604671298770711,25.381979166666667,42.01155172413793,1.982644426362897,1.982644426362897,3.9643719935863175,32.67550660792951,38.63197916666667,63.94258620689655,0.0100547058075159,0.0238029770137113,1.0777054515866558,0.336723020211008,11.20704845814978,1.5221822541966428,0.0,3.918367346938776,0.0061559423311322,0.6122448979591837,0.0,0.0283270978086584,0.314478200076268,0.3958333333333333,0.0406199893105291,0.6785714285714286,0.0,5.921550568958074,0.0120794176155851,0.0090858520304097,-14.029676258992806,871000000.0,-16000000.0,-2870000000.0,5450000000.0,1243500000.0,396000000.0,810500000.0,58.444681988241584,22.79176201372998,53.61556064073227,1.539917695473251,3.9487951807228914,1.678617157490397,0.0199349064279902,0.2733812949640288,2001-07-16,0.22,bmo,1700909090.0,2025-04-25,2001-06-30,0.0909090909090908,18.45777777777777,1259377.7777777778
2001-03-31,ETN,USD,1551182,2001-03-31,2001-03-30 19:00:00,2001,Q1,1983000000.0,1407000000.0,576000000.0,0.2904689864,68000000,0.0,0.0,321000000.0,90000000.0,479000000.0,1886000000.0,0.0,0.0,115000000.0,212000000.0,0.1069087242,97000000.0,0.0489157842,7000000.0,104000000.0,0.0524457892,54000000.0,50000000.0,0.0252143217,0.18,0.18,276000000,280400000,,,7.184782608695652,0.181159420289855,0.394927536231884,0.1666666666666666,1.365942028985507,8.793478260869565,-0.2463768115942029,8.793478260869565,10.797101449275363,4727880000.0,7587880000.0,23.6394,2.384205748865356,43.37504587155964,102.78,1.948034610630408,1.948034610630408,3.8264649520927887,35.79188679245283,69.61357798165137,164.95391304347825,0.0105755645236342,0.0097295193617435,1.2278533168520809,0.3637251312095691,13.49056603773585,1.3635486981677918,0.0,2.18,0.0063453387141805,0.6,0.0,0.0342914775592536,0.3045282558281459,0.5779816513761468,0.0317700453857791,0.5478260869565217,0.0,5.986900871201051,0.0070647803945789,0.0087750087750087,-14.547101449275363,754000000.0,-68000000.0,-2938000000.0,5379000000.0,1245500000.0,472500000.0,856000000.0,57.73071104387292,29.42430703624733,53.731343283582085,1.5589622641509433,3.0586956521739133,1.675,0.0206015657189946,0.2282608695652173,2001-04-16,0.24,bmo,1817750000.0,2025-04-25,2001-03-31,0.0833333333333334,17.38290322580645,1623083.8709677418
2000-12-31,ETN,USD,1551182,2000-12-31,2000-12-30 19:00:00,2000,Q4,1458000000.0,1064000000.0,394000000.0,0.2702331962,12000000,0.0,0.0,244000000.0,108000000.0,364000000.0,1428000000.0,0.0,0.0,108000000.0,138000000.0,0.0946502058,30000000.0,0.0205761317,-37000000.0,-7000000.0,-0.0048010974,-1000000.0,84000000.0,0.0576131687,0.29,0.29,277600000,288000000,,,5.252161383285302,0.3025936599423631,0.1585014409221902,-0.3782420749279538,0.4538904899135447,8.681556195965419,-0.6195965417867435,8.681556195965419,10.821325648414986,4672008000.0,7594008000.0,13.904785714285714,3.204395061728395,106.182,-44.49531428571429,1.938592531120332,1.938592531120332,5.208510288065844,55.02904347826087,172.59109090909092,-72.32388571428571,0.0179794212681142,-0.0224742765851428,1.2464730290456432,0.3672371638141809,21.17391304347826,1.220218319886094,0.0,0.5238095238095238,0.0066352626108516,0.369047619047619,0.0,0.0082304526748971,0.3156479217603912,3.386363636363636,0.1021947873799725,1.3796296296296295,0.0,7.688116604538506,0.0038784744667097,0.015005359056806,-15.467399135446684,464000000.0,-172000000.0,-3199000000.0,5320000000.0,1287500000.0,468500000.0,926500000.0,75.24691358024691,41.02443609022557,73.7593984962406,1.196062346185398,2.193814432989691,1.220183486238532,0.0348547717842323,0.5367435158501441,2001-01-22,0.37,bmo,1536810810.0,2025-04-25,2000-12-31,-0.0540540540540541,14.525396825396824,1258930.6825396826
2000-09-30,ETN,USD,1551182,2000-09-30,2000-09-29 20:00:00,2000,Q3,2191000000.0,1473000000.0,718000000.0,0.3277042446,86000000,0.0,0.0,337000000.0,123000000.0,546000000.0,2019000000.0,0.0,0.0,123000000.0,255000000.0,0.1163852122,172000000.0,0.0785029667,-3000000.0,140000000.0,0.0638977636,47000000.0,93000000.0,0.0424463715,0.32,0.32,288000000,291200000,,,7.607638888888889,0.3229166666666667,0.5972222222222222,0.2951388888888889,0.6979166666666666,9.97222222222222,0.8368055555555556,9.97222222222222,9.78472222222222,3818880000.0,6604880000.0,10.265806451612905,1.7429849383842997,22.20279069767442,44.928,1.3296935933147631,1.3296935933147631,3.014550433591967,25.90149019607843,38.40046511627907,77.7044705882353,0.0243526897938662,0.0222578347578347,0.9811977715877436,0.3245048364808844,10.925490196078432,1.453125,0.0,1.849462365591397,0.008379420144126,0.3440860215053763,0.0,0.0392514833409402,0.3029709811146936,0.5058139534883721,0.0397078959379278,0.7073170731707317,0.0,8.512016628469032,0.016306142836755,0.0153642821741285,-14.24826388888889,928000000.0,241000000.0,-2836000000.0,5835000000.0,1391000000.0,489000000.0,973000000.0,55.70059333637609,27.61710794297353,59.93890020366599,1.6157817109144543,3.258849557522124,1.5015290519877675,0.0323816155988857,0.3020833333333333,2000-10-16,0.33,bmo,2058212121.0,2025-04-25,2000-09-30,0.0606060606060604,14.5,1850057.047619048
2000-06-30,ETN,USD,1551182,2000-06-30,2000-06-29 20:00:00,2000,Q2,2335000000.0,1547000000.0,788000000.0,0.3374732334,87000000,0.0,0.0,356000000.0,114000000.0,557000000.0,2104000000.0,0.0,0.0,114000000.0,311000000.0,0.1331905782,231000000.0,0.0989293362,17000000.0,218000000.0,0.0933618844,73000000.0,145000000.0,0.0620985011,0.5,0.49,292800000,296400000,,,7.9747267759562845,0.4952185792349727,0.8777322404371585,0.587431693989071,0.4952185792349727,9.453551912568306,0.549863387978142,9.453551912568306,9.955601092896174,4222176000.0,7059176000.0,7.279613793103448,1.808212419700214,16.428700389105057,24.54753488372093,1.5253526011560694,1.5253526011560694,3.0232017130620985,22.698315112540197,27.46761089494164,41.04172093023256,0.0343424812229523,0.0407372880713641,1.053106936416185,0.3384026004179243,9.122186495176848,1.389227166276347,0.0,1.7724137931034485,0.0075790303388584,0.2206896551724138,0.0,0.0372591006423982,0.3026468539586719,0.3307392996108949,0.0364025695931477,0.7456140350877193,0.0,10.26330489191898,0.0222547492744533,0.0241385050774096,-14.170081967213116,831000000.0,161000000.0,-2880000000.0,5723000000.0,1416000000.0,1111500000.0,970000000.0,54.96359743040685,30.60116354234001,56.14091790562379,1.637447405329593,2.94106463878327,1.6031088082901557,0.0523843930635838,0.2903005464480874,2000-07-17,0.48,bmo,2286354166.0,2025-04-25,2000-06-30,0.0208333333333333,16.470952380952383,1516528.365079365
2000-03-31,ETN,USD,1551182,2000-03-31,2000-03-30 19:00:00,2000,Q1,2325000000.0,1546000000.0,779000000.0,0.3350537634,84000000,0.0,0.0,362000000.0,117000000.0,563000000.0,2109000000.0,0.0,0.0,117000000.0,312000000.0,0.1341935484,216000000.0,0.0929032258,6000000.0,201000000.0,0.0864516129,70000000.0,131000000.0,0.056344086,0.45,0.44,291600000,295200000,,,7.973251028806584,0.4492455418381344,-0.1989026063100137,-0.4218106995884774,0.3463648834019204,9.132373113854594,0.1131687242798353,9.132373113854594,10.39437585733882,4895964000.0,7859964000.0,9.343442748091602,2.1057909677419357,-84.41317241379309,-39.80458536585366,1.838514457378896,1.838514457378896,3.3806296774193547,25.19219230769231,-135.51662068965518,-63.90214634146341,0.0267567326883939,-0.0251227337455912,1.13819001126549,0.3523599162985352,9.5,1.1128048780487805,0.0,-0.4427480916030534,0.0065359957712107,0.2442748091603053,0.0,0.0361290322580645,0.3057428504998837,-1.1206896551724137,0.0279569892473118,0.5555555555555556,0.0,9.607822486158682,0.0203875625493099,0.0219356999330207,-14.732510288065845,296000000.0,33000000.0,-3019000000.0,5246000000.0,1285500000.0,1092000000.0,970000000.0,54.42580645161291,98.79042690815008,56.75937904269082,1.6536273115220483,0.91101944608132,1.5856410256410256,0.0491926398798347,0.2229080932784636,2000-04-17,0.42,bmo,2214285714.0,2025-04-25,2000-03-31,0.0476190476190476,15.474603174603176,2264629.4603174604
1999-12-31,ETN,USD,1551182,1999-12-31,1999-12-30 19:00:00,1999,Q4,2214000000.0,1496000000.0,718000000.0,0.3242999097,84000000,0.0,0.0,340000000.0,118000000.0,542000000.0,2038000000.0,0.0,0.0,118000000.0,294000000.0,0.1327913279,176000000.0,0.0794941283,192000000.0,368000000.0,0.1662149955,144000000.0,224000000.0,0.1011743451,0.77,0.77,292800000,292800000,,,7.561475409836065,0.7650273224043715,0.782103825136612,0.157103825136612,0.5635245901639344,8.96174863387978,0.3210382513661202,8.96174863387978,9.853142076502731,4576464000.0,7380464000.0,5.107660714285715,2.067056910569106,19.984558951965067,99.48834782608697,1.7440792682926831,1.7440792682926831,3.333542908762421,25.10361904761905,32.22910043668122,160.4448695652174,0.0489460858863961,0.0100514283516706,1.099466463414634,0.3419461894038165,9.537414965986397,1.0502076255190638,0.0,1.0223214285714286,0.0069922979837708,0.1428571428571428,0.0,0.037940379403794,0.2998696219035202,0.7991266375545851,0.0826558265582655,1.5508474576271187,0.0,12.420129131066105,0.0158523875085245,0.0379211105468088,-14.65761612021858,133000000.0,94000000.0,-3031000000.0,5032000000.0,1282500000.0,1051500000.0,957500000.0,47.357723577235774,29.298128342245988,58.0548128342246,1.900429184549356,3.071868583162217,1.550259067357513,0.0853658536585365,0.625,2000-01-24,0.39,bmo,2157230769.0,2025-04-25,1999-12-31,0.0256410256410256,16.466718750000002,1791121.203125
1999-09-30,ETN,USD,1551182,1999-09-30,1999-09-29 20:00:00,1999,Q3,2227000000.0,1490000000.0,737000000.0,0.3309384823,82000000,0.0,0.0,349000000.0,122000000.0,553000000.0,2043000000.0,0.0,0.0,122000000.0,306000000.0,0.1374045802,184000000.0,0.0826223619,102000000.0,286000000.0,0.1284238886,102000000.0,184000000.0,0.0826223619,0.63,0.62,292800000,299600000,,,7.60587431693989,0.6284153005464481,1.0314207650273224,0.587431693989071,0.2424863387978142,8.367486338797814,0.0136612021857923,8.367486338797814,10.74795081967213,5440223999.999999,8552223999.999999,7.391608695652173,2.442848675348001,18.013986754966886,31.629209302325577,2.2204995918367345,2.2204995918367345,3.84024427480916,27.94844444444444,28.31862251655629,49.72223255813953,0.0338221367355461,0.0316163452093149,1.2844897959183674,0.376030589078743,10.169934640522875,0.9843805466808662,0.0,1.641304347826087,0.006065926697136,0.1793478260869565,0.0,0.0368208352043107,0.2922690883020671,0.4304635761589404,0.0583744948361023,1.0655737704918034,0.0,10.877075432041158,0.0175296345887194,0.0310653385108897,-14.76434426229508,-44000000.0,4000000.0,-3146000000.0,4807000000.0,1414500000.0,1549500000.0,966000000.0,56.57835653345308,97.61073825503355,57.38255033557047,1.5907142857142855,0.9220297029702972,1.568421052631579,0.0751020408163265,0.4439890710382513,1999-10-19,0.38,bmo,2344210526.0,2025-04-25,1999-09-30,-0.0526315789473684,20.6865625,1456310.5
1999-06-30,ETN,USD,1551182,1999-06-30,1999-06-29 20:00:00,1999,Q2,2300000000.0,1528000000.0,772000000.0,0.3356521739,77000000,0.0,0.0,354000000.0,115000000.0,546000000.0,2074000000.0,0.0,0.0,115000000.0,341000000.0,0.1482608696,226000000.0,0.0982608696,-40000000.0,186000000.0,0.0808695652,61000000.0,125000000.0,0.0543478261,0.44,0.43,286800000,291200000,,,8.01952580195258,0.4358437935843793,0.5509065550906556,0.1813110181311018,0.1534170153417015,7.4093444909344495,-1.1785216178521618,7.4093444909344495,12.503486750348674,5678640000.0,9238640000.0,11.35728,2.4689739130434782,35.94075949367088,109.20461538461538,2.6723011764705884,2.6723011764705884,4.0168,27.092785923753667,58.47240506329114,177.66615384615383,0.0220123128072918,0.0091571221278334,1.687529411764706,0.4299244694880709,10.439882697947214,0.907546553413917,0.0,1.264,0.0054590535762083,0.248,0.0,0.0334782608695652,0.2952883347320465,0.6708860759493671,0.0460869565217391,0.9217391304347826,0.0,8.524061722283797,0.02214664923157,0.0212657366451173,-16.071304044630406,-283000000.0,-338000000.0,-3438000000.0,4573000000.0,1223500000.0,1332000000.0,848000000.0,55.917391304347824,87.34947643979058,57.84031413612566,1.609517144856543,1.0303438975050574,1.5560081466395113,0.0588235294117647,0.3695955369595537,1999-07-19,0.39,bmo,2064102564.0,2025-04-25,1999-06-30,0.1025641025641025,18.72492063492064,1644316.888888889
1999-03-31,ETN,USD,1551182,1999-03-31,1999-03-30 19:00:00,1999,Q1,1661000000.0,1086000000.0,575000000.0,0.3461770018,71000000,0.0,0.0,275000000.0,86000000.0,432000000.0,1518000000.0,0.0,0.0,86000000.0,229000000.0,0.1378687538,143000000.0,0.0860927152,-20000000.0,123000000.0,0.074051776,39000000.0,84000000.0,0.0505719446,0.3,0.29,284800000,288800000,,,5.832162921348314,0.2949438202247191,-0.0245786516853932,-0.2949438202247191,0.0702247191011236,7.08567415730337,3.5217696629213484,7.08567415730337,5.568820224719101,4383072000.0,5949072000.0,13.044857142857143,2.638815171583384,-626.1531428571428,-52.17942857142857,2.17198810703667,2.17198810703667,3.5816207104154123,25.978480349344977,-849.8674285714286,-70.82228571428571,0.0191646406903651,-0.0191646406903651,0.7859266600594648,0.2800141242937853,6.8384279475982535,1.305889803673211,0.0,-0.0833333333333333,0.0073008155010914,0.3809523809523809,0.0,0.0427453341360626,0.1792019774011299,-11.0,0.0463576158940397,0.8953488372093024,0.0,6.857273919606029,0.0217841928586584,0.0180684018068401,-8.79740168539326,483000000.0,1003000000.0,-1584000000.0,3279000000.0,951500000.0,813000000.0,710500000.0,55.15954244431065,97.87292817679558,59.17127071823205,1.6316306483300589,0.9195596951735816,1.5210084033613445,0.041625371655104,0.2703651685393258,1999-04-15,0.32,bmo,1764812500.0,2025-04-25,1999-03-31,-0.0625,14.806393442622952,1415978.0983606558
1998-12-31,ETN,USD,1551182,1998-12-31,1998-12-30 19:00:00,1998,Q4,1606000000.0,1074000000.0,532000000.0,0.3312577833,85000000,0.0,0.0,276000000.0,86000000.0,447000000.0,1521000000.0,0.0,0.0,86000000.0,171000000.0,0.1064757161,85000000.0,0.0529265255,5000000.0,90000000.0,0.0560398506,18000000.0,72000000.0,0.0448318804,0.25,0.25,284400000,284400000,,,5.646976090014065,0.2531645569620253,1.2165963431786218,0.4711673699015471,0.2812939521800281,7.232770745428973,3.628691983122363,7.232770745428973,5.358649789029536,4325724000.0,5769724000.0,15.019875,2.6934769613947696,12.502092485549133,32.2815223880597,2.102928536703938,2.102928536703938,3.5926052303860523,33.74107602339181,16.675502890173412,43.05764179104477,0.0166446125550312,0.0309774733663081,0.7408847836655323,0.2690203000882613,8.444444444444445,1.3073878627968338,0.0,4.805555555555555,0.0073976055800138,0.4444444444444444,0.0,0.0529265255292652,0.1809355692850838,0.6127167630057804,0.1320049813200498,2.4651162790697674,0.0,6.418670191786188,0.0151717983043284,0.0155172413793103,-8.82823488045007,466000000.0,1032000000.0,-1626000000.0,3328000000.0,943000000.0,815500000.0,697000000.0,49.59526774595268,37.290502793296085,59.24581005586592,1.8146892655367235,2.413483146067416,1.5190947666195191,0.0350024307243558,0.7454289732770746,1999-01-20,0.29,bmo,1606000000.0,2025-04-25,1998-12-31,0.0,14.5596875,1369061.875
1998-09-30,ETN,USD,1551182,1998-09-30,1998-09-29 20:00:00,1998,Q3,1620000000.0,1110000000.0,510000000.0,0.3148148148,85000000,0.0,0.0,247000000.0,82000000.0,414000000.0,1524000000.0,0.0,0.0,82000000.0,178000000.0,0.1098765432,96000000.0,0.0592592593,-17000000.0,79000000.0,0.0487654321,21000000.0,58000000.0,0.0358024691,0.21,0.2,284400000,289200000,,,5.69620253164557,0.2039381153305204,0.7876230661040787,0.3621659634317862,0.1652601969057665,7.060478199718706,3.361462728551336,7.060478199718706,5.590717299578059,3836556000.0,5379556000.0,16.53687931034483,2.3682444444444446,17.127482142857144,37.248116504854366,1.9106354581673304,1.9106354581673304,3.3207135802469137,30.222224719101124,24.015875,52.22869902912621,0.0151177253766138,0.0268469950653659,0.7918326693227091,0.2894593118514473,8.668539325842696,1.3027812895069533,0.0,3.8620689655172415,0.0080801635633625,0.5344827586206896,0.0,0.0524691358024691,0.1915164755142909,0.5401785714285714,0.0746913580246913,1.475609756097561,0.0,5.691903362770165,0.0163642936285646,0.0130601215942355,-8.24103375527426,479000000.0,956000000.0,-1424000000.0,3243000000.0,1000000000.0,1128500000.0,685500000.0,55.61111111111112,96.16216216216216,55.7027027027027,1.6183816183816184,0.9359190556492412,1.6157205240174672,0.0288844621513944,0.4254571026722925,1998-10-13,0.3,bmo,1620000000.0,2025-04-25,1998-09-30,0.0,14.2128125,1994766.25
1998-06-30,ETN,USD,1551182,1998-06-30,1998-06-29 20:00:00,1998,Q2,1712000000.0,1118000000.0,594000000.0,0.3469626168,82000000,0.0,0.0,264000000.0,82000000.0,428000000.0,1546000000.0,0.0,0.0,82000000.0,248000000.0,0.1448598131,166000000.0,0.0969626168,-5000000.0,161000000.0,0.0940420561,47000000.0,114000000.0,0.066588785,0.4,0.39,285000000,290445860,,,6.007017543859649,0.4,0.2491228070175438,-0.0736842105263157,0.1543859649122807,6.849122807017544,3.280701754385965,6.849122807017544,5.512280701754386,4768050000.0,6295050000.0,10.45625,2.785075934579439,67.15563380281691,-227.05,2.44264856557377,2.44264856557377,3.677015186915888,25.383266129032258,88.66267605633803,-299.76428571428573,0.0239091452480573,-0.0044043162299053,0.8048155737704918,0.2963032817804602,6.157258064516129,1.393103448275862,0.0,0.6228070175438597,0.0065016096727173,0.2719298245614035,0.0,0.0478971962616822,0.1918144096567333,1.295774647887324,0.0537383177570093,1.1219512195121952,0.0,7.851248643569881,0.0277807545901223,0.0266044340723453,-7.771052631578947,570000000.0,935000000.0,-1330000000.0,3203000000.0,995000000.0,1116500000.0,688500000.0,52.51752336448597,86.21645796064401,55.062611806797854,1.7137137137137135,1.0438842203548089,1.6345029239766082,0.0584016393442623,0.3228070175438596,1998-07-14,0.4,bmo,1712000000.0,2025-04-25,1998-06-30,0.0,19.08555555555556,1732715.0476190476
1998-03-31,ETN,USD,1551182,1998-03-31,1998-03-30 19:00:00,1998,Q1,1687000000.0,1133000000.0,554000000.0,0.3283935981,82000000,0.0,0.0,263000000.0,81000000.0,426000000.0,1559000000.0,0.0,0.0,81000000.0,209000000.0,0.1238885596,128000000.0,0.0758743331,27000000.0,155000000.0,0.0918790753,50000000.0,105000000.0,0.0622406639,0.36,0.36,288000000,294800000,,,5.857638888888889,0.3645833333333333,0.0034722222222222,-0.1979166666666666,0.1597222222222222,6.513888888888889,2.9375,6.513888888888889,5.482638888888889,5901120000.0,7434120000.0,14.050285714285714,3.497996443390634,5901.12,-103.5284210526316,3.1455863539445623,3.1455863539445623,4.4067101363366925,35.569952153110044,7434.12,-130.42315789473685,0.0177932324711241,-0.0096591833414673,0.841684434968017,0.2966372346421191,7.334928229665072,1.4027586206896552,0.0,0.0095238095238095,0.0054226994197711,0.3047619047619048,0.0,0.0486069946650859,0.1934999060680067,58.0,0.0343805572021339,0.7160493827160493,0.0,7.309873103663747,0.0208386631625462,0.0244584206848357,-8.02517361111111,584000000.0,846000000.0,-1413000000.0,3226000000.0,974500000.0,840500000.0,713500000.0,52.86899822169532,92.30361871138572,55.04854368932039,1.7023208879919274,0.9750430292598968,1.6349206349206349,0.0559701492537313,0.2013888888888889,1998-04-15,0.38,bmo,1775789473.0,2025-04-25,1998-03-31,-0.0526315789473684,20.04245901639344,1259544.7213114754
1997-12-31,ETN,USD,1551182,1997-12-31,1997-12-30 19:00:00,1997,Q4,1934000000.0,1296000000.0,638000000.0,0.3298862461,84000000,0.0,0.0,287000000.0,92000000.0,463000000.0,1759000000.0,0.0,0.0,92000000.0,267000000.0,0.1380558428,175000000.0,0.0904860393,71000000.0,246000000.0,0.1271975181,63000000.0,129000000.0,0.0667011375,0.42,0.42,304964384,308400000,,,6.341724153598212,0.4230002150021558,0.8722330014773135,0.2951164290712715,0.1737907860086376,6.790956940073369,3.623373934708389,6.790956940073369,4.512002293356328,5858365816.64,7181365816.64,11.35342212527132,3.0291446828541884,22.02393164150376,65.09295351822223,2.8287618622114925,2.8287618622114925,3.713219139937953,26.896501185917604,26.99761585203008,79.79295351822222,0.0220197925560726,0.015362645969353,0.6644133268952197,0.2517840805123513,4.955056179775281,1.5143699336772292,0.0,1.453551912568306,0.0058036662550889,0.2635658914728682,0.0,0.0434332988624612,0.1767612076852699,0.6616541353383458,0.0910031023784901,1.9130434782608696,0.0,8.03946301246121,0.0309076274523429,0.0286730384529895,-7.395945619669476,698000000.0,1105000000.0,-1339000000.0,3423000000.0,1051000000.0,916000000.0,759500000.0,44.58117890382627,36.04166666666666,50.97222222222222,2.018789144050104,2.4971098265895955,1.7656675749318802,0.0622887493964268,0.577116572406042,1998-01-20,0.42,bmo,1899464284.0,2025-04-25,1997-12-31,0.4047619047619047,20.51734375,1369540.9375
1997-09-30,ETN,USD,1551182,1997-09-30,1997-09-29 20:00:00,1997,Q3,1931000000.0,1305000000.0,626000000.0,0.3241843604,81000000,0.0,0.0,272000000.0,85000000.0,438000000.0,1743000000.0,0.0,0.0,85000000.0,273000000.0,0.1413775246,188000000.0,0.0973588814,-93000000.0,95000000.0,0.0491973071,41000000.0,54000000.0,0.0279647851,0.18,0.17,308571429,313043478,,,6.257870361678884,0.1749999997569444,0.9592592579269548,0.6027777769405864,0.077777777669753,7.243055545495756,3.5162036988200875,7.243055545495756,4.592129623251672,6134400008.52,7527400008.52,28.400000039444443,3.176799590119109,20.724324353108106,32.98064520709677,2.7446979903892617,2.7446979903892617,3.898187472045572,27.572893804102563,25.430405434189183,40.46989251892473,0.0088028168891823,0.0303208137294057,0.6340044742729306,0.2424294268605646,5.102564102564102,1.720029784065525,0.0,5.481481481481482,0.0055425143376333,0.6296296296296297,0.0,0.0419471776281719,0.1967493584260051,0.3716216216216216,0.0569653029518384,1.2941176470588236,0.0,5.340368074466317,0.0235796906210805,0.0115015974440894,-7.568749989487848,967000000.0,1085000000.0,-1300000000.0,3954000000.0,1132000000.0,1255500000.0,764500000.0,53.319523562920764,90.55172413793105,54.13793103448276,1.687937062937063,0.993907083015994,1.6624203821656052,0.0241610738255033,0.3564814809863683,1997-10-13,0.35,bmo,1379285714.0,2025-04-25,1997-09-30,0.2857142857142858,19.293125,981862.875
1997-06-30,ETN,USD,1551182,1997-06-30,1997-06-29 20:00:00,1997,Q2,1909000000.0,1288000000.0,621000000.0,0.3253012048,79000000,0.0,0.0,272000000.0,83000000.0,434000000.0,1722000000.0,0.0,0.0,83000000.0,270000000.0,0.1414353064,187000000.0,0.0979570456,-5000000.0,182000000.0,0.0953378732,56000000.0,126000000.0,0.066003143,0.41,0.4,308400000,313200000,,,6.190012970168612,0.4085603112840467,0.5642023346303502,0.2237354085603113,0.0745784695201037,7.373540856031128,4.296368352788586,7.373540856031128,3.5181582360570687,5794836000.0,6856836000.0,11.497690476190476,3.0355348349921423,33.30365517241379,83.98313043478261,2.5483007915567284,2.5483007915567284,3.5918470403352543,25.395688888888888,39.40710344827586,99.3744347826087,0.0217434971412478,0.0119071531963976,0.4771328056288478,0.2009259259259259,3.933333333333333,1.763029315960912,0.0,1.380952380952381,0.0058672928793843,0.2698412698412698,0.0,0.0413829229963331,0.1757407407407407,0.603448275862069,0.0550026191723415,1.2650602409638554,0.0,8.23298629396579,0.0308095046314941,0.0283082453381262,-6.131647211413749,937000000.0,1325000000.0,-961000000.0,3648000000.0,1100500000.0,1188000000.0,733500000.0,52.80251440544787,83.7111801242236,51.98757763975155,1.7044642857142858,1.0751252086811351,1.7311827956989247,0.0554089709762532,0.3404669260700389,1997-07-14,0.36,bmo,1643861111.0,2025-04-25,1997-06-30,0.1388888888888888,16.90203125,938351.375
1997-03-31,ETN,USD,1551182,1997-03-31,1997-03-30 19:00:00,1997,Q1,1789000000.0,1225000000.0,564000000.0,0.3152599217,75000000,0.0,0.0,257000000.0,82000000.0,414000000.0,1639000000.0,0.0,0.0,82000000.0,232000000.0,0.1296813862,150000000.0,0.0838457239,-5000000.0,145000000.0,0.0810508664,44000000.0,101000000.0,0.0564561207,0.33,0.32,308400000,312800000,,,5.800907911802853,0.3274967574578469,0.0875486381322957,-0.0648508430609598,0.0810635538261997,7.101167315175097,3.998054474708171,7.101167315175097,3.732166018158236,4687680000.0,5813680000.0,11.603168316831685,2.620279485746227,173.61777777777775,-234.384,2.1404931506849314,2.1404931506849314,3.2496813862493013,25.05896551724138,215.32148148148147,-290.684,0.0215458393064373,-0.0042665028329578,0.5255707762557078,0.2147788766560925,4.853448275862069,1.765728476821192,0.0,0.2673267326732673,0.0066130793910847,0.3069306930693069,0.0,0.0419228619340413,0.178578092927785,1.7407407407407407,0.0262716601453325,0.573170731707317,0.0,7.233685683828369,0.0249898968238913,0.0229441163107678,-6.3934824902723735,925000000.0,1233000000.0,-1036000000.0,3625000000.0,1033000000.0,845000000.0,726000000.0,54.38233650083846,86.5469387755102,53.118367346938776,1.6549491211840888,1.0398981324278438,1.69432918395574,0.0461187214611872,0.1523994811932555,1997-04-14,0.3,bmo,1610099999.0,2025-04-25,1997-03-31,0.1,15.397213114754098,695011.5409836066
1996-12-31,ETN,USD,1551182,1996-12-31,1996-12-30 19:00:00,1996,Q4,1724000000.0,1216000000.0,508000000.0,0.2946635731,67000000,0.0,0.0,267000000.0,84000000.0,418000000.0,1634000000.0,0.0,0.0,84000000.0,174000000.0,0.1009280742,90000000.0,0.0522041763,-10000000.0,80000000.0,0.0464037123,14000000.0,66000000.0,0.0382830626,0.21,0.21,308400000,309200000,,,5.590142671854734,0.2140077821011673,0.8592736705577172,0.3761348897535668,0.0713359273670557,7.003891050583658,3.865110246433204,7.003891050583658,3.5408560311284045,4629084000.0,5699084000.0,17.53440909090909,2.6850835266821345,17.468241509433962,39.90589655172414,2.1430944444444444,2.1430944444444444,3.3057331786542923,32.75335632183908,21.505977358490565,49.13003448275862,0.0142576803531757,0.0250589533480057,0.5055555555555555,0.2057659694742792,6.149425287356322,1.6398373983739838,0.0,4.015151515151516,0.0066967892567946,0.4696969696969697,0.0,0.0388631090487239,0.1824006029771999,0.5622641509433962,0.0864269141531322,1.7738095238095235,0.0,5.807319671828521,0.0180788897005113,0.0152108780825074,-6.555609597924773,787000000.0,1192000000.0,-1130000000.0,3547000000.0,1020500000.0,821500000.0,732500000.0,51.42111368909513,37.89473684210526,53.95559210526316,1.750253807106599,2.375,1.6680384087791496,0.0305555555555555,0.4831387808041504,1997-01-20,0.24,bmo,1364833333.0,2025-04-25,1996-12-31,0.2083333333333333,13.8584375,754103.0625
1996-09-30,ETN,USD,1551182,1996-09-30,1996-09-29 20:00:00,1996,Q3,1719000000.0,1199000000.0,520000000.0,0.3025014543,67000000,0.0,0.0,244000000.0,82000000.0,393000000.0,1592000000.0,0.0,0.0,82000000.0,209000000.0,0.1215823153,127000000.0,0.0738801629,-12000000.0,115000000.0,0.0668993601,30000000.0,85000000.0,0.0494473531,0.28,0.27,309200000,309200000,,,5.559508408796895,0.2749029754204398,0.6338939197930142,0.3913324708926261,0.0808538163001293,6.891979301423027,3.809831824062096,6.891979301423027,3.738680465717982,4016508000.0,5147508000.0,11.813258823529411,2.336537521815009,20.49238775510204,33.19428099173554,1.8847996245893948,1.8847996245893948,2.994478184991274,24.629224880382772,26.262795918367345,42.54138842975207,0.0211626616951839,0.0301256713543207,0.5424683247301736,0.2190638620428273,5.411483253588517,1.7969018932874354,0.0,2.3058823529411763,0.0077181472064788,0.3647058823529411,0.0,0.0389761489237929,0.180595035057798,0.3826530612244898,0.0436300174520069,0.9146341463414634,0.0,6.529094605777181,0.0226409949873109,0.0196577243293247,-6.342173350582147,926000000.0,1178000000.0,-1058000000.0,3587000000.0,1074500000.0,1122000000.0,735500000.0,55.28795811518325,84.89574645537948,55.24603836530442,1.6278409090909092,1.0601237842617153,1.6290760869565215,0.0398873768183951,0.2425614489003881,1996-10-14,0.28,bmo,,2025-04-25,1996-09-30,0.0,12.1690625,646488.9375
1996-06-30,ETN,USD,1551182,1996-06-30,1996-06-29 20:00:00,1996,Q2,1782000000.0,1227000000.0,555000000.0,0.3114478114,68000000,0.0,0.0,245000000.0,79000000.0,392000000.0,1619000000.0,0.0,0.0,79000000.0,242000000.0,0.1358024691,163000000.0,0.0914702581,-14000000.0,149000000.0,0.0836139169,46000000.0,103000000.0,0.0578002245,0.33,0.33,310800000,310800000,,,5.7335907335907335,0.3314028314028314,0.6306306306306306,0.4118404118404118,0.0257400257400257,6.76962676962677,3.712998712998713,6.76962676962677,3.8095238095238098,3888108000.0,5064108000.0,9.437155339805823,2.181878787878788,19.837285714285716,30.37584375,1.8479600760456272,1.8479600760456272,2.841811447811448,20.92606611570248,25.837285714285716,39.56334375,0.0264910336852782,0.0329208962302487,0.5627376425855514,0.2253092293054234,4.859504132231405,1.8214904679376085,0.0,1.9029126213592231,0.0079730295557633,0.3009708737864077,0.0,0.0381593714927048,0.1807802093244529,0.3469387755102041,0.0381593714927048,0.8607594936708861,0.0,7.104797905456641,0.0272037306492016,0.0239256678281068,-6.292631917631917,948000000.0,1154000000.0,-1049000000.0,3584000000.0,1089500000.0,1116000000.0,737000000.0,55.2020202020202,81.63814180929094,53.9119804400978,1.6303751143641354,1.1024258760107817,1.6693877551020408,0.0489543726235741,0.2187902187902188,1996-07-15,0.32,bmo,,2025-04-25,1996-06-30,0.03125,12.736825396825395,858276.0
1996-03-31,ETN,USD,1551182,1996-03-31,1996-03-30 19:00:00,1996,Q1,1736000000.0,1203000000.0,533000000.0,0.3070276498,65000000,0.0,0.0,239000000.0,75000000.0,379000000.0,1582000000.0,0.0,0.0,75000000.0,229000000.0,0.1319124424,154000000.0,0.0887096774,-13000000.0,141000000.0,0.0812211982,46000000.0,95000000.0,0.0547235023,0.31,0.31,310800000,310800000,,,5.585585585585585,0.3056628056628057,0.1158301158301158,-0.0611325611325611,0.0096525096525096,6.583011583011583,3.7226512226512223,6.583011583011583,3.581081081081081,4071480000.0,5181480000.0,10.71442105263158,2.345322580645161,113.09666666666666,-214.2884210526316,1.9899706744868035,1.9899706744868035,2.9847235023041474,22.62655021834061,143.93,-272.70947368421054,0.0233330386002141,-0.0046666077200428,0.5439882697947214,0.2169590643274853,4.847161572052402,1.7906976744186047,0.0,0.3789473684210526,0.0076139389116488,0.3263157894736842,0.0,0.037442396313364,0.1732943469785575,1.5277777777777777,0.0316820276497695,0.7333333333333333,0.0,6.728602401607375,0.0258685777233176,0.0224003772695119,-6.103603603603603,918000000.0,1157000000.0,-1005000000.0,3444000000.0,1009000000.0,802500000.0,737000000.0,56.30184331797235,83.71571072319202,55.28678304239402,1.598526703499079,1.0750670241286864,1.6278755074424898,0.0464320625610948,0.1769626769626769,1996-04-18,0.32,bmo,,2025-04-25,1996-03-31,0.0,12.292380952380952,1258916.0
1995-12-31,ETN,USD,1551182,1995-12-31,1995-12-30 19:00:00,1995,Q4,1661000000.0,1157000000.0,504000000.0,0.3034316677,59000000,0.0,0.0,231000000.0,74000000.0,364000000.0,1521000000.0,0.0,0.0,74000000.0,214000000.0,0.1288380494,140000000.0,0.0842865744,-13000000.0,127000000.0,0.0764599639,37000000.0,90000000.0,0.0541842264,0.29,0.29,310800000,310800000,,,5.344272844272845,0.2895752895752895,0.9652509652509652,0.4343629343629344,0.1801801801801801,6.354568854568854,3.474903474903475,6.354568854568854,3.6486486486486487,3586631999.9999995,4664632000.0,9.962866666666669,2.1593208910295,11.95544,26.56764444444444,1.8160162025316453,1.8160162025316453,2.8083275135460566,21.797345794392523,15.548773333333331,34.55282962962963,0.0250931793392798,0.0376397690089197,0.5741772151898734,0.2244211359588363,5.037383177570093,1.7179039301310044,0.0,3.333333333333333,0.008643206216863,0.3444444444444444,0.0,0.0355207706201083,0.1771225014842667,0.55,0.0993377483443708,2.22972972972973,0.0,6.434503680489084,0.0250663462418385,0.0216450216450216,-6.291827541827542,822000000.0,1080000000.0,-1111000000.0,3370000000.0,982000000.0,779000000.0,745500000.0,50.499698976520165,37.80466724286949,57.17372515125324,1.7821888412017168,2.380658436213992,1.5741496598639455,0.0455696202531645,0.5308880308880309,1996-01-22,0.32,bmo,,2025-04-25,1995-12-31,-0.09375,11.39047619047619,894026.4126984127
1995-09-30,ETN,USD,1551182,1995-09-30,1995-09-29 20:00:00,1995,Q3,1672000000.0,1173000000.0,499000000.0,0.2984449761,53000000,0.0,0.0,226000000.0,70000000.0,349000000.0,1522000000.0,0.0,0.0,70000000.0,220000000.0,0.1315789474,150000000.0,0.0897129187,-12000000.0,138000000.0,0.0825358852,47000000.0,91000000.0,0.0544258373,0.3,0.3,310800000,310800000,,,5.379665379665379,0.2927927927927928,0.5115830115830116,0.222007722007722,0.045045045045045,6.148648648648648,3.236808236808237,6.148648648648648,3.815958815958816,3546228000.0,4718228000.0,9.742384615384616,2.12094976076555,22.30332075471698,51.394608695652174,1.855692307692308,1.855692307692308,2.821906698564593,21.446490909090908,29.67438993710692,68.38011594202898,0.0256610686058538,0.019457293778065,0.6206174777603349,0.2341559723593287,5.327272727272727,1.8604860486048604,0.0,1.7472527472527473,0.0087416827118842,0.3406593406593406,0.0,0.0316985645933014,0.1786771964461994,0.5660377358490566,0.0538277511961722,1.2857142857142858,0.0,6.36445600339401,0.0247716111891462,0.021875,-6.396396396396397,956000000.0,1006000000.0,-1087000000.0,3422000000.0,1042500000.0,1090500000.0,764500000.0,55.55023923444976,82.25063938618925,58.005115089514064,1.62015503875969,1.0942164179104477,1.5515873015873016,0.0476190476190476,0.2895752895752895,1995-10-18,0.31,bmo,,2025-04-25,1995-09-30,-0.032258064516129,11.996507936507935,1312256.888888889
1995-06-30,ETN,USD,1551182,1995-06-30,1995-06-29 20:00:00,1995,Q2,1758000000.0,1218000000.0,540000000.0,0.3071672355,58000000,0.0,0.0,238000000.0,71000000.0,367000000.0,1585000000.0,0.0,0.0,71000000.0,244000000.0,0.1387940842,173000000.0,0.098407281,-9000000.0,164000000.0,0.0932878271,54000000.0,110000000.0,0.0625711035,0.35,0.35,311600000,311600000,,,5.641848523748395,0.3530166880616174,0.4717586649550706,0.1925545571245186,0.0288831835686777,5.962772785622593,3.0006418485237485,5.962772785622593,3.918485237483954,3898116000.0,5110116000.0,8.859354545454545,2.217358361774744,26.517795918367344,64.9686,2.098017222820237,2.098017222820237,2.906778156996587,20.94309836065574,34.76269387755102,85.1686,0.0282187600368998,0.0153920509292181,0.6571582346609257,0.2403070261759496,4.967213114754099,1.8189730200174064,0.0,1.3363636363636364,0.0082090938289163,0.2909090909090909,0.0,0.0329920364050056,0.1816571541035229,0.5918367346938775,0.0494880546075085,1.2253521126760565,0.0,6.881973682018825,0.0292136418343035,0.0264550264550264,-6.539634146341464,941000000.0,935000000.0,-1133000000.0,3406000000.0,1052500000.0,1121000000.0,754000000.0,53.90784982935154,81.94581280788177,57.11822660098522,1.6695156695156694,1.0982867448151488,1.575679172056921,0.0592034445640473,0.279204107830552,1995-07-20,0.37,bmo,,2025-04-25,1995-06-30,-0.0540540540540541,12.416349206349206,1057589.396825397
1995-03-31,ETN,USD,1551182,1995-03-31,1995-03-30 19:00:00,1995,Q1,1731000000.0,1199000000.0,532000000.0,0.3073367995,57000000,0.0,0.0,229000000.0,66000000.0,352000000.0,1551000000.0,0.0,0.0,66000000.0,246000000.0,0.1421143847,180000000.0,0.1039861352,-17000000.0,163000000.0,0.0941652224,55000000.0,108000000.0,0.0623916811,0.35,0.35,311600000,311600000,,,5.555198973042362,0.3465982028241335,0.131578947368421,-0.0513478818998716,0.0706033376123234,5.667522464698331,2.958921694480103,5.667522464698331,3.706675224646984,3639488000.0,4772488000.0,8.42474074074074,2.102534950895436,88.768,-227.468,2.0608652321630805,2.0608652321630805,2.757069901790872,19.40035772357724,116.40214634146342,-298.2805,0.0296745036664497,-0.0043962227653999,0.6540203850509626,0.2344701583434835,4.605691056910569,1.7512647554806071,0.0,0.3796296296296296,0.0063195702252624,0.2129629629629629,0.0,0.0329289428076256,0.1713357693869265,1.3902439024390243,0.0329289428076256,0.8636363636363636,0.0,6.648153485474107,0.0314431330558875,0.0264576188143067,-6.359114249037227,891000000.0,922000000.0,-1083000000.0,3210000000.0,970500000.0,791000000.0,716500000.0,54.69670710571924,85.04587155963303,55.17097581317765,1.6454372623574145,1.058252427184466,1.631292517006803,0.0611551528878822,0.1829268292682926,1995-04-20,0.3,bmo,,2025-04-25,1995-03-31,0.1666666666666666,10.583968253968251,1036760.380952381
1994-12-31,ETN,USD,1551182,1994-12-31,1994-12-30 19:00:00,1994,Q4,1605000000.0,1099000000.0,506000000.0,0.3152647975,56000000,0.0,0.0,237000000.0,64000000.0,357000000.0,1456000000.0,0.0,0.0,64000000.0,213000000.0,0.1327102804,149000000.0,0.092834891,-19000000.0,130000000.0,0.0809968847,41000000.0,89000000.0,0.0554517134,0.29,0.29,305200000,305200000,,,5.258846657929227,0.2916120576671035,0.5897771952817824,0.1834862385321101,0.0589777195281782,5.504587155963303,2.7195281782437744,5.504587155963303,3.568152031454784,3250380000.0,4321380000.0,9.130280898876403,2.025158878504673,18.05766666666667,58.0425,1.93475,1.93475,2.692448598130841,20.288169014084502,24.007666666666665,77.1675,0.0273814138654557,0.0172287547917474,0.6482142857142857,0.2325929090132422,5.028169014084507,1.67513611615245,0.0,2.02247191011236,0.0070760957180391,0.2584269662921348,0.0,0.0348909657320872,0.1815463477146518,0.6888888888888889,0.0772585669781931,1.9375,0.0,6.009749554770422,0.0282100918992511,0.0232254697286012,-6.449049803407601,744000000.0,830000000.0,-1156000000.0,3063000000.0,911500000.0,739000000.0,687500000.0,49.85046728971963,36.7697907188353,57.16105550500455,1.8053993250843643,2.447661469933185,1.5744985673352436,0.0529761904761904,0.4062909567496723,1995-01-30,0.3,bmo,,2025-04-25,1994-12-31,-0.0333333333333333,10.465079365079363,857184.8253968254
1994-09-30,ETN,USD,1551182,1994-09-30,1994-09-29 20:00:00,1994,Q3,1531000000.0,1058000000.0,473000000.0,0.3089483997,52000000,0.0,0.0,221000000.0,62000000.0,335000000.0,1393000000.0,0.0,0.0,62000000.0,200000000.0,0.1306335728,138000000.0,0.0901371653,-12000000.0,126000000.0,0.0822991509,42000000.0,84000000.0,0.0548661006,0.28,0.28,305200000,305200000,,,5.016382699868938,0.2752293577981651,0.3702490170380079,0.1965923984272608,0.0524246395806028,5.262123197903015,2.58519003931848,5.262123197903015,3.738532110091743,3119144000.0,4244144000.0,9.283166666666666,2.037324624428478,27.60304424778761,51.985733333333336,1.9421818181818185,1.9421818181818185,2.7721384715871977,21.22072,37.55879646017699,70.73573333333333,0.0269304655379809,0.0192360468128435,0.7104607721046077,0.243024494142705,5.625,1.791863765373699,0.0,1.3452380952380951,0.0073738179449233,0.2738095238095238,0.0,0.0339647289353363,0.1740149094781682,0.4690265486725664,0.0346178967994774,0.8548387096774194,0.0,5.708462379599927,0.0250954719039825,0.0216606498194945,-6.664482306684142,837000000.0,789000000.0,-1195000000.0,3077000000.0,917500000.0,1010500000.0,671000000.0,54.90529065969954,87.53308128544423,57.58979206049149,1.639186295503212,1.0281827016520897,1.5627769571639587,0.0523038605230386,0.173656618610747,1994-10-20,0.22,bmo,,2025-04-25,1994-09-30,0.2727272727272728,10.83234375,839689.0625
1994-06-30,ETN,USD,1551182,1994-06-30,1994-06-29 20:00:00,1994,Q2,1545000000.0,1053000000.0,492000000.0,0.3184466019,55000000,0.0,0.0,227000000.0,63000000.0,345000000.0,1398000000.0,0.0,0.0,63000000.0,210000000.0,0.1359223301,147000000.0,0.0951456311,-22000000.0,125000000.0,0.0809061489,39000000.0,86000000.0,0.0556634304,0.28,0.28,305200000,305200000,,,5.062254259501966,0.2817824377457405,0.5570117955439057,0.3899082568807339,0.0425950196592398,5.006553079947575,2.1461336828309308,5.006553079947575,4.092398427260813,3415188000.0,4651188000.0,9.927872093023254,2.2104776699029127,20.089341176470587,28.699058823529413,2.2350706806282723,2.2350706806282723,3.0104776699029125,22.148514285714285,27.359929411764707,39.08561344537815,0.0251816298253566,0.0348443482467143,0.8174083769633508,0.2667663391712943,5.885714285714286,1.7696030977734754,0.0,1.976744186046512,0.0067346219300372,0.2674418604651162,0.0,0.0355987055016181,0.1864587782998718,0.3,0.033009708737864,0.8095238095238095,0.0,5.634010246738033,0.0274081300813008,0.0225781044893672,-6.988040629095675,795000000.0,655000000.0,-1326000000.0,3089000000.0,890000000.0,496000000.0,660500000.0,52.48543689320388,84.78632478632478,56.83760683760684,1.7147613762486127,1.061491935483871,1.5834586466165417,0.056282722513089,0.1671035386631716,1994-07-21,0.27,bmo,,2025-04-25,1994-06-30,0.037037037037037,11.672580645161291,784372.1290322581
1994-03-31,ETN,USD,1551182,1994-03-31,1994-03-30 19:00:00,1994,Q1,1371000000.0,936000000.0,435000000.0,0.3172866521,50000000,0.0,0.0,197000000.0,62000000.0,309000000.0,1245000000.0,0.0,0.0,62000000.0,188000000.0,0.1371261853,126000000.0,0.0919037199,-19000000.0,107000000.0,0.0780452225,33000000.0,74000000.0,0.0539752006,0.25,0.25,292400000,292400000,,,4.688782489740082,0.253077975376197,0.2017783857729138,0.0683994528043775,0.0752393980848153,4.924760601915184,2.021203830369357,4.924760601915184,4.6443228454172365,3643304000.000001,4979304000.0,12.308459459459462,2.657406272793582,61.75091525423729,182.16520000000003,2.5300722222222225,2.5300722222222225,3.6318774617067833,26.485659574468084,84.39498305084746,248.9652,0.020311233978828,0.0054895226969805,0.9430555555555556,0.2959895379250218,7.1063829787234045,1.6887417218543046,0.0,0.7972972972972973,0.0060384749666785,0.2972972972972973,0.0,0.036469730123997,0.1850479511769834,0.6610169491525424,0.0284463894967177,0.6290322580645161,0.0,5.295549069998881,0.0236152268064736,0.0197913880716769,-7.314466484268125,728000000.0,591000000.0,-1363000000.0,3102000000.0,714500000.0,133000000.0,545000000.0,57.70240700218818,0.0,63.07692307692308,1.5597269624573378,0.0,1.4268292682926829,0.0513888888888888,0.1333789329685362,1994-04-21,0.23,bmo,,2025-04-25,1994-03-31,0.0869565217391303,12.412063492063492,1164175.6825396826
1993-12-31,ETN,USD,1551182,1993-12-31,1993-12-30 19:00:00,1993,Q4,1115000000.0,769000000.0,346000000.0,0.3103139013,0,0.0,0.0,246000000.0,49000000.0,295000000.0,1064000000.0,0.0,0.0,49000000.0,100000000.0,0.0896860987,51000000.0,0.0457399103,-9000000.0,42000000.0,0.0376681614,9000000.0,40000000.0,0.0358744395,0.14,0.14,279365079,279365079,,,3.9911931870339457,0.1431818183689308,0.3830113641368898,0.1324431819912609,0.1145454546951446,3.955397732441713,3.0068181857475467,3.955397732441713,2.7669886399795875,3036698408.73,3777698408.73,18.979365054562496,2.723496330699552,28.380358960093456,82.07292996567567,2.7481433563167417,2.7481433563167417,3.388070321730942,37.7769840873,35.30559260495327,102.0999569927027,0.0131722004019255,0.0121842853717811,0.6995475113122172,0.2365361077111383,7.41,1.8627700127064803,0.0,3.242424242424242,0.0069154052110109,0.525,0.0,0.0,0.0810893512851897,0.6542056074766355,0.0627802690582959,1.4285714285714286,0.0,3.5696881367040145,0.0153825061694543,0.0133200133200133,-5.374687507023739,679000000.0,840000000.0,-697000000.0,2132000000.0,574500000.0,133000000.0,436500000.0,44.39461883408072,31.131339401820547,50.79323797139142,2.027272727272728,2.8909774436090228,1.771889400921659,0.0361990950226244,0.2505681821456288,1994-02-01,0.21,bmo,,2025-04-25,1993-12-31,0.0952380952380953,10.97640625,628925.9375
1993-09-30,ETN,USD,1551182,1993-09-30,1993-09-29 20:00:00,1993,Q3,1053000000.0,738000000.0,315000000.0,0.2991452991,0,0.0,0.0,185000000.0,49000000.0,234000000.0,972000000.0,0.0,0.0,49000000.0,130000000.0,0.1234567901,81000000.0,0.0769230769,-16000000.0,65000000.0,0.0617283951,21000000.0,44000000.0,0.0417853751,0.16,0.16,279365079,279365079,,,3.769261368562103,0.1575000002058238,0.1932954547980565,-0.0214772727553396,0.0644318182660188,3.729886368510647,2.774147730898034,3.729886368510647,2.8206818218679364,3059047615.05,3829047615.05,17.380952358238634,2.9050784568376065,56.649029908333326,-509.841269175,2.9357462716410745,2.9357462716410745,3.636322521415004,29.45421242346153,70.90828916759259,-638.1746025083332,0.0143835616626323,-0.0019613947721771,0.7562380038387716,0.2447965206585896,5.923076923076923,2.023224043715847,0.0,1.2272727272727273,0.0068648817026199,0.4772727272727273,0.0,0.0,0.0829450139794967,1.1111111111111112,0.0569800569800569,1.2244897959183674,0.0,3.63562715850826,0.0216808102929099,0.0149051490514905,-5.334417620607478,749000000.0,775000000.0,-696000000.0,2189000000.0,604500000.0,0.0,434500000.0,51.1965811965812,0.0,53.53658536585366,1.7579298831385644,0.0,1.6810933940774488,0.0422264875239923,0.2147727275533962,1993-10-20,0.16,bmo,,2025-04-25,1993-09-30,0.0,10.07703125,589007.625
1993-06-30,ETN,USD,1551182,1993-06-30,1993-06-29 20:00:00,1993,Q2,1147000000.0,819000000.0,328000000.0,0.2859633827,0,0.0,0.0,189000000.0,49000000.0,238000000.0,1057000000.0,0.0,0.0,53000000.0,143000000.0,0.1246730602,90000000.0,0.0784655623,-10000000.0,80000000.0,0.0697471665,27000000.0,53000000.0,0.0462074978,0.19,0.19,275324675,275324675,,,4.165990570950461,0.1925000002270047,0.6755660385325071,0.4685377364015775,0.0726415095196244,3.6211792495532777,2.640518871038348,3.6211792495532777,2.8221226448374086,2659636360.5,3416636360.5,12.545454530660376,2.318776251525719,14.299120217741937,20.617336127906977,2.667639278335005,2.667639278335005,2.978758814734089,23.892561961538465,18.369012690860217,26.48555318217054,0.0199275362553835,0.0485028712631032,0.7793380140421263,0.2419053549190535,5.293706293706293,1.9255874673629243,0.0,3.509433962264151,0.0082718075022346,0.4150943396226415,0.0,0.0,0.0840597758405977,0.3064516129032258,0.049694856146469,1.0754716981132075,0.0,3.960332390484818,0.0241006467259498,0.0180149558123725,-5.529834912181409,709000000.0,727000000.0,-740000000.0,2150000000.0,602500000.0,0.0,435000000.0,47.86399302528335,0.0,47.252747252747255,1.880327868852459,0.0,1.9046511627906977,0.0531594784353059,0.2070283021309296,1993-07-20,0.19,bmo,,2025-04-25,1993-06-30,0.0,9.537936507936507,722054.9841269841
1993-03-31,ETN,USD,1551182,1993-03-31,1993-03-30 19:00:00,1993,Q1,1034000000.0,723000000.0,311000000.0,0.3007736944,0,0.0,0.0,171000000.0,45000000.0,216000000.0,939000000.0,0.0,0.0,45000000.0,140000000.0,0.1353965184,95000000.0,0.0918762089,-20000000.0,75000000.0,0.0725338491,25000000.0,50000000.0,0.0483558994,0.18,0.18,277777778,277777778,,,3.72239999702208,0.179999999856,0.31679999974656,0.17279999986176,0.06119999995104,3.5459999971632,2.5919999979264,3.5459999971632,3.10319999751744,2494444446.44,3339444446.44,12.472222232200002,2.412422095203095,28.345959618636368,51.96759263416667,2.5324309100913704,2.5324309100913704,3.2296367953965186,23.85317461742857,37.94823234590909,69.57175930083334,0.0200445434138084,0.0192427616772561,0.8751269035532995,0.2751356527290137,6.035714285714286,1.937584803256445,0.0,1.76,0.0076169264972472,0.38,0.0,0.0,0.0845834663262049,0.4545454545454545,0.0386847195357833,0.8888888888888888,0.0,3.789630585825209,0.0253029697696098,0.0174337517433751,-5.27309999578152,691000000.0,720000000.0,-720000000.0,2047000000.0,547500000.0,122000000.0,438500000.0,51.78916827852999,0.0,54.77178423236515,1.7378151260504202,0.0,1.643181818181818,0.0507614213197969,0.1439999998848,1993-04-22,0.15,bmo,,2025-04-25,1993-03-31,0.2,8.761612903225807,807050.9677419355
1992-12-31,ETN,USD,1551182,1992-12-31,1992-12-30 19:00:00,1992,Q4,964000000.0,695000000.0,269000000.0,0.2790456432,0,0.0,0.0,180000000.0,46000000.0,226000000.0,921000000.0,0.0,0.0,46000000.0,89000000.0,0.0923236515,43000000.0,0.0446058091,-16000000.0,27000000.0,0.0280082988,-7000000.0,-232000000.0,-0.2406639004,-0.84,-0.84,276190476,276190476,,,3.490344829993341,-0.8400000005793103,0.5467241383080856,0.2968965519288942,0.1086206897300832,3.43241379547063,2.469310346530559,3.43241379547063,3.193448278064447,2424952379.28,3276952379.28,-2.6130952362931037,2.5155107668879664,16.05928728,29.57258999121951,2.5579666448101266,2.5579666448101266,3.3993281942738585,36.81968965483146,21.701671385960264,39.96283389365853,-0.095671981842746,0.0338150970306257,0.930379746835443,0.2848837209302325,9.573033707865168,2.012213740458016,0.0,4.194444444444445,0.0078352054095352,-0.0818965517241379,0.0,0.0,0.0859173126614987,0.4569536423841059,0.0715767634854771,1.5,0.0,,0.021746244236204,-0.0819787985865724,-5.519741383117063,663000000.0,682000000.0,-830000000.0,2029000000.0,534500000.0,122000000.0,441000000.0,46.6804979253112,31.59712230215828,56.58992805755396,1.928,2.848360655737705,1.5903890160183067,-0.2447257383966244,0.2498275863791914,1992-12-30,,bmo,,2025-04-25,1992-12-31,,8.07046875,922828.3125
1992-09-30,ETN,USD,1551182,1992-09-30,1992-09-29 20:00:00,1992,Q3,945000000.0,682000000.0,263000000.0,0.2783068783,0,0.0,0.0,174000000.0,46000000.0,220000000.0,902000000.0,0.0,0.0,46000000.0,89000000.0,0.0941798942,43000000.0,0.0455026455,-1000000.0,42000000.0,0.0444444444,14000000.0,29000000.0,0.0306878307,0.11,0.11,276190476,276190476,,,3.421551726497622,0.1050000000724138,0.336724138163258,0.1737931035681331,0.0941379310994054,4.4462068996180735,3.439655174785969,4.4462068996180735,3.370862071290249,2311714284.12,3216714284.12,19.928571414827584,2.446258501714285,24.85714284,48.1607142525,1.8825034886970684,1.8825034886970684,3.403930459386243,36.142857124943816,34.58832563569892,67.01488091916666,0.0125448028760351,0.0207638116568856,0.75814332247557,0.2926752593524049,10.168539325842696,2.0444104134762635,0.0,3.206896551724138,0.0082190087808505,0.6551724137931034,0.0,0.0,0.0873939012889028,0.4838709677419355,0.0476190476190476,0.9782608695652174,0.0,3.2410127749812943,0.0110298832884442,0.0099896658629004,-4.626336210087128,682000000.0,950000000.0,-618000000.0,2084000000.0,573000000.0,0.0,440000000.0,54.19047619047619,0.0,58.724340175953074,1.6608084358523725,0.0,1.5325842696629213,0.023615635179153,0.1629310345951248,1993-01-29,0.13,bmo,,2025-04-25,1992-09-30,0.0,8.265,724589.5
1992-06-30,ETN,USD,1551182,1992-06-30,1992-06-29 20:00:00,1992,Q2,1011000000.0,718000000.0,293000000.0,0.2898120673,0,0.0,0.0,168000000.0,47000000.0,215000000.0,933000000.0,0.0,0.0,47000000.0,125000000.0,0.1236399604,78000000.0,0.0771513353,-17000000.0,61000000.0,0.0603363007,19000000.0,42000000.0,0.0415430267,0.16,0.16,270967742,270967742,,,3.7310714276830783,0.1549999999630952,0.2251190475654478,0.0959523809295351,0.0811904761711451,4.506071427498554,3.4690476182216554,4.506071427498554,3.1184523802098925,2327612903.78,3150612903.78,13.85483871297619,2.302287738654797,38.157588586557374,89.52357322230768,1.9063168745126944,1.9063168745126944,3.1163332381602373,25.20490323024,51.649391865245896,121.17741937615384,0.0180442374811519,0.0111702422502369,0.6920556920556921,0.2717915728530074,6.584,1.7858197932053177,0.0,1.4523809523809523,0.0081628693367115,0.4523809523809524,0.0,0.0,0.0903827597298166,0.5737704918032787,0.0346191889218595,0.7446808510638298,0.0,3.964205355384552,0.0214905634384901,0.0148514851485148,-4.486696427503167,532000000.0,940000000.0,-679000000.0,1942000000.0,569500000.0,0.0,436000000.0,51.36498516320474,0.0,54.52646239554318,1.7521663778162913,0.0,1.650574712643678,0.0343980343980344,0.1291666666359127,1992-06-29,,bmo,,2025-04-25,1992-06-30,,8.486984126984126,845752.5714285715
1992-03-31,ETN,USD,1551182,1992-03-31,1992-03-30 19:00:00,1992,Q1,949000000.0,678000000.0,271000000.0,0.2855637513,0,0.0,0.0,161000000.0,45000000.0,206000000.0,884000000.0,0.0,0.0,45000000.0,110000000.0,0.1159114858,65000000.0,0.0684931507,-17000000.0,48000000.0,0.0505795574,15000000.0,33000000.0,0.0347734457,0.12,0.12,269387755,269387755,,,3.5228030316374253,0.1225000000464015,0.2153030303845844,0.1299242424734561,0.0668181818434917,4.320909092545799,3.2778030315446225,4.320909092545799,3.17015151635233,2165877550.2,3001877550.2,16.408163259090905,2.2822734986301367,37.34271638275862,61.88221572,1.8607195448453608,1.8607195448453608,3.1632007905163326,27.28979591090909,51.756509486206895,85.76793000571428,0.0152363184137315,0.0161597316509273,0.7336769759450171,0.2787206266318537,7.6,1.7293777134587554,0.0,1.7575757575757576,0.0087724257533605,0.5757575757575758,0.0,0.0,0.091710182767624,0.396551724137931,0.024236037934668,0.5111111111111111,0.0,3.451015168155674,0.0182621577441765,0.0118577075098814,-4.61045454720093,504000000.0,883000000.0,-705000000.0,1896000000.0,523000000.0,123000000.0,438500000.0,53.2982086406744,0.0,58.008849557522126,1.688612099644128,0.0,1.551487414187643,0.0283505154639175,0.0853787879111283,1992-03-30,,bmo,,2025-04-25,1992-03-31,,7.5220634920634915,693838.5555555555
1991-12-31,ETN,USD,1551182,1991-12-31,1991-12-30 19:00:00,1991,Q4,866000000.0,618000000.0,248000000.0,0.2863741339,0,0.0,0.0,191000000.0,44000000.0,235000000.0,853000000.0,0.0,0.0,44000000.0,57000000.0,0.0658198614,13000000.0,0.0150115473,24000000.0,37000000.0,0.0427251732,9000000.0,33000000.0,0.0381062356,0.12,0.12,269806259,270588235,,,3.2097105649428244,0.122309986885812,0.270564516444372,0.033357269150676,0.077833628018244,4.273436814525493,3.2171232914207524,4.273436814525493,3.4357987225196283,1875153500.05,2781153500.05,14.20570833371212,2.165304272575057,25.687034247260275,208.35038889444445,1.6263256722029489,1.6263256722029489,3.211493649018476,48.79216666754386,38.09799315136986,309.01705556111114,0.0175985592641456,0.0047996070720397,0.8039895923677364,0.3002915451895043,15.894736842105264,1.6967095851216023,0.0,2.212121212121212,0.0101325038187505,0.5757575757575758,0.0,0.0,0.0923226433430515,0.8767123287671232,0.0739030023094688,1.4545454545454546,0.0,3.4293425050137647,0.0039039039039039,0.0117773019271948,-4.92946310782212,487000000.0,868000000.0,-748000000.0,1883000000.0,505500000.0,123000000.0,431000000.0,50.300230946882216,35.8252427184466,64.07766990291262,1.7892561983471074,2.5121951219512195,1.4045454545454543,0.028620988725065,0.237207247293696,1991-12-30,,bmo,,2025-04-25,1991-12-31,,6.43578125,617861.125
1991-09-30,ETN,USD,1551182,1991-09-30,1991-09-29 20:00:00,1991,Q3,842000000.0,609000000.0,233000000.0,0.2767220903,0,0.0,0.0,150000000.0,39000000.0,189000000.0,798000000.0,0.0,0.0,39000000.0,83000000.0,0.0985748219,44000000.0,0.0522565321,-14000000.0,30000000.0,0.0356294537,9000000.0,23000000.0,0.0273159145,0.085,0.085,270588235,270588235,,,3.111739133817108,0.0850000000923913,0.070217391380671,-0.070217391380671,0.0295652174234404,4.135434787103733,3.0821739163936672,4.135434787103733,3.381521742806002,1821058821.55,2728058821.55,19.79411762554348,2.162777697802851,95.84520113421053,-95.84520113421054,1.627398410679178,1.627398410679178,3.239974847446556,32.868178572891566,143.5820432394737,-143.5820432394737,0.0126300148725692,-0.010433490546905,0.8176943699731903,0.3002953724975385,10.927710843373497,1.935483870967742,0.0,0.8260869565217391,0.010433490546905,0.8260869565217391,0.0,0.0,0.0935346242205448,2.0,0.0451306413301662,0.9743589743589745,0.0,2.812297821876739,0.012409347300564,0.0083272990586531,-4.855163048755612,580000000.0,834000000.0,-728000000.0,1932000000.0,526500000.0,0.0,418000000.0,56.33016627078385,0.0,62.364532019704434,1.5977229601518026,0.0,1.443127962085308,0.0205540661304736,0.1404347827613421,1991-09-29,,bmo,,2025-04-25,1991-09-30,,6.84671875,560837.75
1991-06-30,ETN,USD,1551182,1991-06-30,1991-06-29 20:00:00,1991,Q2,855000000.0,733000000.0,122000000.0,0.1426900585,0,0.0,0.0,30000000.0,43000000.0,73000000.0,806000000.0,0.0,0.0,43000000.0,92000000.0,0.1076023392,49000000.0,0.0573099415,-11000000.0,38000000.0,0.0444444444,11000000.0,30000000.0,0.0350877193,0.11,0.11,266666667,266666667,,,3.2062499959921875,0.112499999859375,0.0862499998921875,-0.0337499999578125,0.0412499999484375,4.087499994890625,3.01499999623125,4.087499994890625,3.0787499961515623,1768000002.21,2578000002.21,14.73333335175,2.067836259894737,76.86956531347826,-196.44444469,1.622018350651376,1.622018350651376,3.0152046809473685,28.02173915445652,112.08695661782608,-286.44444469,0.0169683257706447,-0.0050904977311934,0.7532110091743119,0.2798227675528289,8.804347826086957,1.8343949044585988,0.0,0.7666666666666667,0.0101809954623868,0.6,0.0,0.0,0.0974778459441036,1.391304347826087,0.0374269005847953,0.7441860465116279,0.0,3.21659514846581,0.0147150420429772,0.0113293051359516,-4.618124994227344,524000000.0,804000000.0,-692000000.0,1843000000.0,517000000.0,0.0,421500000.0,55.36842105263158,0.0,50.832196452933154,1.6254752851711027,0.0,1.7705314009661837,0.0275229357798165,0.11999999985,1991-06-29,,bmo,,2025-04-25,1991-06-30,,6.26328125,825959.4375
1991-03-31,ETN,USD,1551182,1991-03-31,1991-03-30 19:00:00,1991,Q1,818000000.0,715000000.0,103000000.0,0.1259168704,0,0.0,0.0,70000000.0,43000000.0,113000000.0,828000000.0,0.0,0.0,43000000.0,33000000.0,0.0403422983,-10000000.0,-0.0122249389,-13000000.0,-23000000.0,-0.0281173594,-9000000.0,-12000000.0,-0.0146699267,-0.0425,-0.0425,282352941,282352941,,,2.8970833351440106,-0.0425000000265625,-0.3045833335236979,-0.4320833336033854,0.0389583333576822,3.8604166690794273,2.875833335130729,3.8604166690794273,3.003333335210417,1716705881.28,2553705881.28,-35.76470586,2.0986624465525674,-19.961696293953487,-14.071359682622951,1.5749595241100918,1.5749595241100918,3.121889830415648,77.38502670545454,-29.694254433488368,-20.93201542032787,-0.0069901315833162,-0.0710663377637147,0.7779816513761468,0.2856180532165712,25.363636363636363,1.8840803709428129,0.0,7.166666666666667,0.0110677083402506,-1.5833333333333333,0.0,0.0,0.0936342202761872,-0.4186046511627907,0.0440097799511002,0.8372093023255814,0.0,,-0.0025351755609075,-0.0044593088071348,-4.506770836150065,572000000.0,812000000.0,-660000000.0,1905000000.0,503000000.0,120500000.0,429500000.0,55.89242053789731,0.0,54.0,1.610236220472441,0.0,1.6666666666666667,-0.0110091743119266,0.1275000000796875,1991-03-30,,bmo,,2025-04-25,1991-03-31,,5.899180327868853,568477.0491803279
1990-12-31,ETN,USD,1551182,1990-12-31,1990-12-30 19:00:00,1990,Q4,875500000.0,626100000.0,249400000.0,0.284865791,0,0.0,0.0,151200000.0,48100000.0,199300000.0,825400000.0,0.0,0.0,48100000.0,98200000.0,0.1121644774,50100000.0,0.0572244432,-12000000.0,38100000.0,0.0435179897,3400000.0,35900000.0,0.0410051399,0.13,0.13,273415810,280784314,,,3.202082571596719,0.1313018438838631,0.5767771805149088,0.3664747843220917,0.1097229893179915,4.169473594083678,3.1380774944945578,4.169473594083678,2.980807876472103,1468242899.7,2253242899.7,10.22453272771588,1.677033580468304,9.310354468611289,14.653122751497008,1.2879323681578947,1.2879323681578947,2.573664077327241,22.945447043788185,14.28816042929613,22.487454088822357,0.0244509951366598,0.0682448387936856,0.7149122807017544,0.2704945237305011,7.993890020366599,2.0473933649289098,0.0,4.392757660167131,0.0130768553377122,0.5348189415041783,0.0,0.0,0.0935944241619648,0.3646163601775523,0.0656767561393489,1.195426195426195,0.0,3.5096780971886816,0.0187004646960113,0.0131453679970706,-4.588249669980679,663000000.0,858000000.0,-577000000.0,2031000000.0,516350000.0,120500000.0,425800000.0,51.193603655054254,34.643028270244365,61.81121226641111,1.7580321285140563,2.59792531120332,1.4560465116279069,0.0314912280701754,0.2103023961928171,1990-12-30,,bmo,,2025-04-25,1990-12-31,,4.86609375,549612.75
1990-09-30,ETN,USD,1551182,1990-09-30,1990-09-29 20:00:00,1990,Q3,869100000.0,628500000.0,240600000.0,0.2768381084,0,0.0,0.0,146600000.0,36000000.0,182600000.0,811100000.0,0.0,0.0,36000000.0,94000000.0,0.1081578645,58000000.0,0.0667357036,-5500000.0,52500000.0,0.0604073179,18600000.0,35800000.0,0.0411920377,0.13,0.13,280784314,280784314,,,3.0952583768621778,0.1274999998753491,0.4312918990196867,0.2745879885583637,0.0259986033265376,4.084273739023755,3.079944131067094,4.084273739023755,2.9121997178232686,1336533334.64,2146933334.64,9.3333333424581,1.5378360771372683,11.03660887398844,17.33506270609598,1.1654458795256366,1.1654458795256366,2.470294942630307,22.839716325957447,17.72859896482246,27.84608734941634,0.0267857142595271,0.0576865522181436,0.7130275549354727,0.2686356319195768,8.62127659574468,1.934818358499028,0.0,3.38268156424581,0.0145899840240441,0.5446927374301676,0.0,0.0,0.0926443050034495,0.3633360858794385,0.0506270854907375,1.2222222222222223,0.0,3.4229753544788286,0.0153741496598639,0.0129620913139505,-4.551447272086574,625300000.0,864800000.0,-602900000.0,1963800000.0,539700000.0,0.0,412250000.0,55.37107352433552,0.0,60.37231503579952,1.6253974191135216,0.0,1.4907495256166985,0.0312173003139169,0.1567039104613229,1990-09-29,,bmo,,2025-04-25,1990-09-30,,5.828571428571428,543998.7301587302
1990-06-30,ETN,USD,1551182,1990-06-30,1990-06-29 20:00:00,1990,Q2,952800000.0,653600000.0,299200000.0,0.3140218304,0,0.0,0.0,149900000.0,55600000.0,205500000.0,859100000.0,0.0,0.0,55600000.0,149300000.0,0.1566960537,93700000.0,0.0983417296,-14000000.0,79700000.0,0.0836481948,29500000.0,53600000.0,0.0562552477,0.19,0.19,285866667,285866667,,,3.333022384173248,0.1874999997813666,0.5583022381549647,0.3991371264002599,0.0297341417563734,4.078474808677152,3.085354474014278,4.078474808677152,3.064715481501032,1935317335.59,2802917335.59,9.026666677192164,2.0311894789987406,12.126048468609024,16.96158926897458,1.6599342444377732,1.6599342444377732,2.941768824086902,18.77372629330208,17.562138694172933,24.565445535407537,0.0276957163635696,0.0589567394978227,0.7514366583755039,0.283931812289344,5.811118553248493,2.023482769136932,0.0,2.9776119402985075,0.009300800271348,0.3358208955223881,0.0,0.0,0.0920080373347161,0.2850877192982456,0.0477539882451721,0.8183453237410072,0.0,4.148019476695317,0.023700131617572,0.0191312417460827,-4.551859836110238,671200000.0,882000000.0,-592700000.0,1970600000.0,548800000.0,0.0,404350000.0,51.4515113350126,0.0,55.47888616891065,1.7492197539930237,0.0,1.6222387689252915,0.0459730680161248,0.1591651117547048,1990-06-29,,bmo,,2025-04-25,1990-06-30,,6.336984126984127,564340.5079365079
1990-03-31,ETN,USD,1551182,1990-03-31,1990-03-30 19:00:00,1990,Q1,941600000.0,679800000.0,261800000.0,0.2780373832,0,0.0,0.0,147300000.0,23300000.0,170600000.0,850400000.0,0.0,0.0,23300000.0,114500000.0,0.1216015293,91200000.0,0.0968564146,-11500000.0,79700000.0,0.0846431606,29500000.0,53700000.0,0.0570305862,0.19,0.19,290270270,290270270,,,3.2438733735976477,0.1850000001722532,0.2742271883372693,0.1777653632940087,0.0296275605490014,3.9091154598781337,2.9382960921213184,3.9091154598781337,2.8535474886904537,1756135133.5,2575835133.5,8.175675668063315,1.865054304906542,22.061999164572864,34.033626618217056,1.5476646985987486,1.5476646985987486,2.7355938121282923,22.496376711790397,32.3597378580402,49.919285532945736,0.0305785124251658,0.0293827046766956,0.7299726800035251,0.2775804289544236,7.158951965065502,1.958659217877095,0.0,1.482309124767225,0.0104206103795257,0.3407821229050279,0.0,0.0,0.0944369973190348,0.3517587939698492,0.0297366185216652,1.201716738197425,0.0,4.033818676749525,0.0238146896057346,0.0198726963215158,-4.2137453484299305,600600000.0,852900000.0,-622200000.0,1882200000.0,529250000.0,122500000.0,424000000.0,52.84728122344945,0.0,53.72462488967344,1.7030204376921685,0.0,1.6752094627895515,0.0473252842160923,0.0964618250432605,1990-03-30,,bmo,,2025-04-25,1990-03-31,,5.713174603174603,686098.5396825396
1989-12-31,ETN,USD,1551182,1989-12-31,1989-12-30 19:00:00,1989,Q4,879800000.0,603500000.0,276300000.0,0.3140486474,0,0.0,0.0,144700000.0,50200000.0,194900000.0,798400000.0,0.0,0.0,50200000.0,131600000.0,0.1495794499,81400000.0,0.0925210275,-10100000.0,71300000.0,0.0810411457,26700000.0,54300000.0,0.0617185724,0.18,0.18,293631507,307692308,,,2.996272467450164,0.1849256592208955,0.554095851846035,0.0841190383564663,0.0878652303480498,3.89842361160514,2.928159885785009,3.89842361160514,3.0579143538571287,1799961137.91,2672061137.91,8.28711389461326,2.0458753556603773,11.063067842102027,72.8729205631579,1.5724304515680965,1.5724304515680965,3.037123366571948,20.30441594156535,16.423239937984018,108.1806128708502,0.0301673179805702,0.0137225184920825,0.7843976587752249,0.2942390876917027,6.626899696048632,2.0966536712150745,0.0,2.9963167587476978,0.0105002267004194,0.3480662983425414,0.0,0.0,0.0933608598767859,0.8481868469575906,0.1568538304160036,2.749003984063745,0.0,4.027488984058635,0.0203858798341318,0.0196262695630173,-4.361929729836519,675100000.0,859800000.0,-616200000.0,1964500000.0,517250000.0,122500000.0,447400000.0,51.72084564673789,36.53686826843413,65.94531897265948,1.7401107594936709,2.463265306122449,1.3647670737222977,0.0474360094347864,0.4699768134895687,1989-12-30,,bmo,,2025-04-25,1989-12-31,,,
1989-09-30,ETN,USD,1551182,1989-09-30,1989-09-29 20:00:00,1989,Q3,864100000.0,593600000.0,270500000.0,0.3130424719,0,0.0,0.0,140900000.0,56800000.0,197700000.0,791300000.0,0.0,0.0,41100000.0,119500000.0,0.1382941789,72800000.0,0.0842495082,-8900000.0,63900000.0,0.0739497743,24000000.0,40000000.0,0.0462909385,0.13,0.13,307692308,307692308,,,2.808324997191675,0.12999999987,0.216124999783875,0.047774999952225,0.025999999974,3.895774996104225,2.968874997031125,3.895774996104225,2.9041999970958,2043076925.12,2928676925.12,12.769230782,2.3643987097789605,30.72296128,138.98482483809522,1.7044105490281136,1.7044105490281136,3.389280089248929,24.50775669556485,44.04025451308271,199.2297227972789,0.0195783132334337,0.0071950301132868,0.7454742637857679,0.2905260420053319,7.410878661087867,2.303329429479672,0.0,1.6625,0.0095444277012989,0.4875,0.0,0.0,0.0927238442031341,0.7789473684210526,0.0599467654206689,1.2603406326034063,0.0,3.375669096965773,0.0180500623393047,0.0143338350175589,-4.049906245950094,779000000.0,913500000.0,-500400000.0,2007200000.0,532500000.0,0.0,456700000.0,55.08737414651082,0.0,68.62196765498652,1.6337681981470975,0.0,1.311533362792753,0.0333694836072411,0.16834999983165,1989-09-29,,bmo,,2025-04-25,1989-09-30,,,
1989-06-30,ETN,USD,1551182,1989-06-30,1989-06-29 20:00:00,1989,Q2,969400000.0,787100000.0,182300000.0,0.1880544667,0,0.0,0.0,30100000.0,42000000.0,72100000.0,859200000.0,0.0,0.0,42000000.0,152200000.0,0.1570043326,110200000.0,0.1136785641,-13200000.0,97000000.0,0.100061894,35100000.0,63400000.0,0.0654012791,0.22,0.22,294883721,294883721,,,3.2873974755629187,0.2149999999491325,,,0.041033123018683,4.109755519532392,3.1785410087117016,4.109755519532392,2.515567822748683,1919693023.71,2649393023.71,7.569767443651419,1.9802898944811225,0.0,0.0,1.584035831099926,1.584035831099926,2.733023544161337,17.4073129021682,0.0,0.0,0.0330261136634612,,0.6120967076491459,0.2492105086340119,4.794349540078843,2.102824858757062,0.0,0.0,0.0083304147465437,0.2522372093620031,0.0,0.0,0.0922529060001343,0.0,,0.0,,4.458805032857375,0.0295228820968258,0.0234641006661732,-3.798531150520852,683200000.0,937300000.0,-462000000.0,1868100000.0,,,,49.77202393232927,0.0,52.68962012450768,1.808244730460735,0.0,1.7081163194444444,0.0523145474049013,,1989-06-29,,bmo,,2025-04-25,1989-06-30,,,
1989-03-31,ETN,USD,1551182,1989-03-31,1989-03-30 19:00:00,1989,Q1,957700000.0,0.0,957700000.0,1.0,0,0.0,0.0,0.0,0.0,0.0,0.0,0.0,0.0,0.0,957700000.0,1.0,957700000.0,1.0,-957700000.0,0.0,0.0,0.0,0.0,0.0,0.23,0.23,296816000,296816000,,,3.2265780820440946,0.0,,,,,,,,1828386560.0,,0.0,1.909143322543594,0.0,0.0,0.0,0.0,,,0.0,0.0,0.0,,0.0,0.0,,0.0,0.0,0.0,0.0088037337662337,0.0,0.0,0.0,0.0,0.0,,0.0,,,0.0,0.0,,,,,,,,,,0.0,0.0,0.0,0.0,0.0,0.0,,1989-03-30,,bmo,,2025-04-25,1989-03-31,,,
1988-12-31,ETN,USD,1551182,1988-12-31,1988-12-30 19:00:00,1988,Q4,890900000.0,0.0,890900000.0,1.0,0,0.0,0.0,0.0,-3068100000.0,-3068100000.0,-3068100000.0,0.0,0.0,0.0,-2177200000.0,-2.4438208553,-2177200000.0,-2.4438208553,2177200000.0,0.0,0.0,0.0,0.0,0.0,0.17,0.17,296664000,297920000,,,3.003060701669229,0.0,,,0.6455114203273737,3.905428363401019,3.0094652536202573,3.905428363401019,2.369347140199013,1779984000.0,2291384000.0,0.0,1.9979616118531824,0.0,0.0,1.536323148627654,1.536323148627654,2.5719878774273206,-1.0524453426419254,0.0,0.0,0.0,,0.6066804764370792,0.2316896301667875,-0.2348888480617306,1.5788582486695697,0.0,0.0,0.0090385,0.0,0.0,0.0,0.0876128947194937,0.0,,0.0,,0.0,,0.0,-3.6893590054742074,478600000.0,892800000.0,-569800000.0,1670200000.0,,,,49.15703221461444,0.0,0.0,1.8308672420879573,0.0,0.0,0.0,,1988-12-30,,bmo,,2025-04-25,1988-12-31,,,
1988-09-30,ETN,USD,1551182,1988-09-30,1988-09-29 20:00:00,1988,Q3,840400000.0,0.0,840400000.0,1.0,0,0.0,0.0,0.0,0.0,0.0,0.0,0.0,0.0,0.0,840400000.0,1.0,840400000.0,1.0,-840400000.0,0.0,0.0,0.0,0.0,0.0,0.19,0.19,297920000,297920000,,,2.820891514500537,0.0,,,,,,,,1671331200.0,,0.0,1.9887329842931936,0.0,0.0,0.0,0.0,,,0.0,0.0,0.0,,0.0,0.0,,0.0,0.0,0.0,0.009666844919786,0.0,0.0,0.0,0.0,0.0,,0.0,,,0.0,0.0,,,,,,,,,,0.0,0.0,0.0,0.0,0.0,0.0,,1988-09-29,,bmo,,2025-04-25,1988-09-30,,,
1988-06-30,ETN,USD,1551182,1988-06-30,1988-06-29 20:00:00,1988,Q2,880100000.0,0.0,880100000.0,1.0,0,0.0,0.0,0.0,0.0,0.0,0.0,0.0,0.0,0.0,880100000.0,1.0,880100000.0,1.0,-880100000.0,0.0,0.0,0.0,0.0,0.0,0.22,0.22,298280000,298280000,,,2.950583344508515,0.0,,,,,,,,1777748800.0,,0.0,2.0199395523236,0.0,0.0,0.0,0.0,,,0.0,0.0,0.0,,0.0,0.0,,0.0,0.0,0.0,0.0060661073825503,0.0,0.0,0.0,0.0,0.0,,0.0,,,0.0,0.0,,,,,,,,,,0.0,0.0,0.0,0.0,0.0,0.0,,1988-06-29,,bmo,,2025-04-25,1988-06-30,,,
1988-03-31,ETN,USD,1551182,1988-03-31,1988-03-30 19:00:00,1988,Q1,857100000.0,0.0,857100000.0,1.0,0,0.0,0.0,0.0,0.0,0.0,0.0,0.0,0.0,0.0,857100000.0,1.0,857100000.0,1.0,-857100000.0,0.0,0.0,0.0,0.0,0.0,0.2,0.2,299024000,299024000,,,2.8663251110278773,0.0,,,,,,,,1770222080.0,,0.0,2.065362361451406,0.0,0.0,0.0,0.0,,,0.0,0.0,0.0,,0.0,0.0,,0.0,0.0,0.0,0.0061070945945945,0.0,0.0,0.0,0.0,0.0,,0.0,,,0.0,0.0,,,,,,,,,,0.0,0.0,0.0,0.0,0.0,0.0,,1988-03-30,,bmo,,2025-04-25,1988-03-31,,,
1987-12-31,ETN,USD,1551182,1987-12-31,1987-12-30 19:00:00,1987,Q4,805100000.0,0.0,805100000.0,1.0,0,0.0,0.0,0.0,-2762200000.0,-2762200000.0,-2762200000.0,0.0,0.0,0.0,-1957100000.0,-2.4308781518,-1957100000.0,-2.4308781518,1957100000.0,0.0,0.0,0.0,0.0,0.0,0.085,0.085,342560000,342560000,,,2.3502452125175157,0.0,,,0.1404133582438113,3.140763661840261,2.347034096216721,3.140763661840261,2.4261443250817374,1949166400.0,2732166400.0,0.0,2.4210239721773696,0.0,0.0,1.811661306812901,1.811661306812901,3.3935739659669606,-1.396028000613152,0.0,0.0,0.0,,0.7724695603680639,0.2746348555944749,-0.4000817536150426,1.787689848121503,0.0,0.0,0.0063539543057996,0.0,0.0,0.0,0.0898486550789769,0.0,,0.0,,0.0,,0.0,-3.954635684259692,492700000.0,804000000.0,-832100000.0,1612200000.0,,,,51.26568128182834,0.0,0.0,1.7555604012211077,0.0,0.0,0.0,,1987-12-30,,bmo,,2025-04-25,1987-12-31,,,
1987-09-30,ETN,USD,1551182,1987-09-30,1987-09-29 20:00:00,1987,Q3,753500000.0,0.0,753500000.0,1.0,0,0.0,0.0,0.0,0.0,0.0,0.0,0.0,0.0,0.0,753500000.0,1.0,753500000.0,1.0,-753500000.0,0.0,0.0,0.0,0.0,0.0,0.15,0.15,342560000,342560000,,,2.199614666043905,0.0,,,,,,,,2421899200.0,,0.0,3.214199336429993,0.0,0.0,0.0,0.0,,,0.0,0.0,0.0,,0.0,0.0,,0.0,0.0,0.0,0.0051137199434229,0.0,0.0,0.0,0.0,0.0,,0.0,,,0.0,0.0,,,,,,,,,,0.0,0.0,0.0,0.0,0.0,0.0,,1987-09-29,,bmo,,2025-04-25,1987-09-30,,,
1987-06-30,ETN,USD,1551182,1987-06-30,1987-06-29 20:00:00,1987,Q2,807700000.0,0.0,807700000.0,1.0,0,0.0,0.0,0.0,0.0,0.0,0.0,0.0,0.0,0.0,807700000.0,1.0,807700000.0,1.0,-807700000.0,0.0,0.0,0.0,0.0,0.0,0.19,0.19,375792000,375792000,,,2.149327287435603,0.0,,,,,,,,2495258880.0,,0.0,3.089338714869382,0.0,0.0,0.0,0.0,,,0.0,0.0,0.0,,0.0,0.0,,0.0,0.0,0.0,0.0054448795180722,0.0,0.0,0.0,0.0,0.0,,0.0,,,0.0,0.0,,,,,,,,,,0.0,0.0,0.0,0.0,0.0,0.0,,1987-06-29,,bmo,,2025-04-25,1987-06-30,,,
1987-03-31,ETN,USD,1551182,1987-03-31,1987-03-30 19:00:00,1987,Q1,771600000.0,0.0,771600000.0,1.0,0,0.0,0.0,0.0,0.0,0.0,0.0,0.0,0.0,0.0,771600000.0,1.0,771600000.0,1.0,-771600000.0,0.0,0.0,0.0,0.0,0.0,0.17,0.17,375792000,375792000,,,2.0532635074722188,0.0,,,,,,,,2142014400.0,,0.0,2.776068429237947,0.0,0.0,0.0,0.0,,,0.0,0.0,0.0,,0.0,0.0,,0.0,0.0,0.0,0.0050742105263157,0.0,0.0,0.0,0.0,0.0,,0.0,,,0.0,0.0,,,,,,,,,,0.0,0.0,0.0,0.0,0.0,0.0,,1987-03-30,,bmo,,2025-04-25,1987-03-31,,,
1986-12-31,ETN,USD,1551182,1986-12-31,1986-12-30 19:00:00,1986,Q4,1028300000.0,0.0,1028300000.0,1.0,0,0.0,0.0,0.0,-3502200000.0,-3502200000.0,-3502200000.0,0.0,0.0,0.0,-2473900000.0,-2.4058154235,-2473900000.0,-2.4058154235,2473900000.0,0.0,0.0,0.0,0.0,0.0,0.13,0.12,393064000,393064000,,,2.6161134064681577,0.0,,,0.4854171330877414,3.193881912360328,2.39045041011133,3.193881912360328,1.6885290944986058,2079308560.0,2552208560.0,0.0,2.0220835942818245,0.0,0.0,1.656291667994265,1.656291667994265,2.4819688417776917,-1.0316538906180526,0.0,0.0,0.0,,0.5286761191652063,0.2193977058609632,-0.1911556651441044,2.5939965960080458,0.0,0.0,0.0054674858223062,0.0,0.0,0.0,0.1043932431985719,0.0,,0.0,,0.0,,0.0,-1.808038894429406,1030200000.0,939600000.0,-93200000.0,2200500000.0,,,,73.03802392297968,0.0,0.0,1.2322348711803477,0.0,0.0,0.0,,1986-12-30,,bmo,,2025-04-25,1986-12-31,,,
1986-09-30,ETN,USD,1551182,1986-09-30,1986-09-29 20:00:00,1986,Q3,897600000.0,0.0,897600000.0,1.0,0,0.0,0.0,0.0,0.0,0.0,0.0,0.0,0.0,0.0,897600000.0,1.0,897600000.0,1.0,-897600000.0,0.0,0.0,0.0,0.0,0.0,-0.0325,-0.0325,393064000,393064000,,,2.283597582073148,0.0,,,,,,,,1926013600.0,,0.0,2.145737076648841,0.0,0.0,0.0,0.0,,,0.0,0.0,0.0,,0.0,0.0,,0.0,0.0,0.0,0.0059026530612244,0.0,0.0,0.0,0.0,0.0,,0.0,,,0.0,0.0,,,,,,,,,,0.0,0.0,0.0,0.0,0.0,0.0,,1986-09-29,,bmo,,2025-04-25,1986-09-30,,,
1986-06-30,ETN,USD,1551182,1986-06-30,1986-06-29 20:00:00,1986,Q2,1003300000.0,0.0,1003300000.0,1.0,0,0.0,0.0,0.0,0.0,0.0,0.0,0.0,0.0,0.0,1003300000.0,1.0,1003300000.0,1.0,-1003300000.0,0.0,0.0,0.0,0.0,0.0,0.14,0.13,393752000,393752000,,,2.54805054958451,0.0,,,,,,,,1929384800.0,,0.0,1.923038772052228,0.0,0.0,0.0,0.0,,,0.0,0.0,0.0,,0.0,0.0,,0.0,0.0,0.0,0.0059026530612244,0.0,0.0,0.0,0.0,0.0,,0.0,,,0.0,0.0,,,,,,,,,,0.0,0.0,0.0,0.0,0.0,0.0,,1986-06-29,,bmo,,2025-04-25,1986-06-30,,,
1986-03-31,ETN,USD,1551182,1986-03-31,1986-03-30 19:00:00,1986,Q1,882400000.0,0.0,882400000.0,1.0,0,0.0,0.0,0.0,0.0,0.0,0.0,0.0,0.0,0.0,882400000.0,1.0,882400000.0,1.0,-882400000.0,0.0,0.0,0.0,0.0,0.0,0.13,0.12,393752000,393752000,,,2.241004490135923,0.0,,,,,,,,2118385760.0,,0.0,2.400709156844968,0.0,0.0,0.0,0.0,,,0.0,0.0,0.0,,0.0,0.0,,0.0,0.0,0.0,0.0053760223048327,0.0,0.0,0.0,0.0,0.0,,0.0,,,0.0,0.0,,,,,,,,,,0.0,0.0,0.0,0.0,0.0,0.0,,1986-03-30,,bmo,,2025-04-25,1986-03-31,,,
1985-12-31,ETN,USD,1551182,1985-12-31,1985-12-30 19:00:00,1985,Q4,983600000.0,0.0,983600000.0,1.0,0,0.0,0.0,0.0,-3309000000.0,-3309000000.0,-3309000000.0,0.0,0.0,0.0,-2325400000.0,-2.3641724278,-2325400000.0,-2.3641724278,2325400000.0,0.0,0.0,0.0,0.0,0.0,0.14,0.13,393712000,393712000,,,2.498272849189255,0.0,,,1.4642682976388832,3.543453082456212,3.543453082456212,3.543453082456212,1.1965599219734222,1811075200.0,1705675199.9999998,0.0,1.8412720618137453,0.0,0.0,1.2981687334241272,1.2981687334241272,1.7341146807645382,-0.733497548808807,0.0,0.0,0.0,,0.3376818866031109,0.1674010375950536,0.0453255353917605,3.221639573501136,0.0,0.0,0.0055017391304347,0.0,0.0,0.0,0.0,0.0,,0.0,,0.0,,0.0,-0.2443410411671475,1271000000.0,1395100000.0,424000000.0,2020900000.0,,,,63.72102480683205,0.0,0.0,1.4124066628374496,0.0,0.0,0.0,,1985-12-30,,bmo,,2025-04-25,1985-12-31,,,
1985-09-30,ETN,USD,1551182,1985-09-30,1985-09-29 20:00:00,1985,Q3,869100000.0,0.0,869100000.0,1.0,0,0.0,0.0,0.0,0.0,0.0,0.0,0.0,0.0,0.0,869100000.0,1.0,869100000.0,1.0,-869100000.0,0.0,0.0,0.0,0.0,0.0,0.13,0.12,393712000,393712000,,,2.2074511317917667,0.0,,,,,,,,1496105600.0,,0.0,1.7214424116902542,0.0,0.0,0.0,0.0,,,0.0,0.0,0.0,,0.0,0.0,,0.0,0.0,0.0,0.00666,0.0,0.0,0.0,0.0,0.0,,0.0,,,0.0,0.0,,,,,,,,,,0.0,0.0,0.0,0.0,0.0,0.0,,1985-09-29,,bmo,,2025-04-25,1985-09-30,,,
