date,symbol,reportedCurrency,cik,fillingDate,acceptedDate,calendarYear,period,revenue,costOfRevenue,grossProfit,grossProfitRatio,researchAndDevelopmentExpenses,generalAndAdministrativeExpenses,sellingAndMarketingExpenses,sellingGeneralAndAdministrativeExpenses,otherExpenses,operatingExpenses,costAndExpenses,interestIncome,interestExpense,depreciationAndAmortization,ebitda,ebitdaratio,operatingIncome,operatingIncomeRatio,totalOtherIncomeExpensesNet,incomeBeforeTax,incomeBeforeTaxRatio,incomeTaxExpense,netIncome,netIncomeRatio,eps,epsdiluted,weightedAverageShsOut,weightedAverageShsOutDil,link,finalLink,revenuePerShare,netIncomePerShare,operatingCashFlowPerShare,freeCashFlowPerShare,cashPerShare,bookValuePerShare,tangibleBookValuePerShare,shareholdersEquityPerShare,interestDebtPerShare,marketCap,enterpriseValue,peRatio,priceToSalesRatio,pocfratio,pfcfRatio,pbRatio,ptbRatio,evToSales,enterpriseValueOverEBITDA,evToOperatingCashFlow,evToFreeCashFlow,earningsYield,freeCashFlowYield,debtToEquity,debtToAssets,netDebtToEBITDA,currentRatio,interestCoverage,incomeQuality,dividendYield,payoutRatio,salesGeneralAndAdministrativeToRevenue,researchAndDdevelopementToRevenue,intangiblesToTotalAssets,capexToOperatingCashFlow,capexToRevenue,capexToDepreciation,stockBasedCompensationToRevenue,grahamNumber,roic,returnOnTangibleAssets,grahamNetNet,workingCapital,tangibleAssetValue,netCurrentAssetValue,investedCapital,averageReceivables,averagePayables,averageInventory,daysSalesOutstanding,daysPayablesOutstanding,daysOfInventoryOnHand,receivablesTurnover,payablesTurnover,inventoryTurnover,roe,capexPerShare,report_date,epsEstimated,time,revenueEstimated,updatedFromDate,fiscalDateEnding,surprise(%),QuarterAvgPrice,QuarterAvgVolume
2025-03-31,ETSY,USD,1370637,2025-04-30,2025-04-30 08:16:08,2025,Q1,651176000.0,192061000.0,459115000.0,0.7050551617,110510000,80225000.0,189004000.0,269229000.0,0.0,481442000.0,673503000.0,0.0,0.0,0.0,106666000.0,0.1638051771,-22327000.0,-0.0342871973,-10992000.0,-33319000.0,-0.0511674263,18777000.0,-52096000.0,-0.0800029485,-0.49,-0.49,107084000,107084000,https://www.sec.gov/Archives/edgar/data/1370637/000137063725000040/0001370637-25-000040-index.htm,https://www.sec.gov/Archives/edgar/data/1370637/000137063725000040/etsy-20250331.htm,6.080983153412275,-0.4864965821224459,0.4592936386388256,0.4289623099622726,8.102937880542378,-8.500793769377312,-12.70424153001382,-8.500793769377312,0.9163086922416048,5052223120.0,4501154120.0,-24.244774646805897,7.7586138309765715,102.72295549275157,109.9863528899532,-5.55006994405135,-5.55006994405135,6.912346462400334,42.1985836161476,91.51849460179332,97.98964014368129,-0.0103115002569403,0.0090920370911884,-0.1077909565977772,0.0462664595751984,-5.166304164401027,2.138127049069804,0.0,-0.9440839987714988,0.0,0.0,0.1232001793677899,0.1697083430593265,0.2122414067885639,0.0660390785433991,0.0049878988169097,0.1190179552949798,0.0953782080420654,,-0.0217957279529982,-0.0311825125098762,-19.005271562511677,590845000.0,-1360421000.0,-1921118000.0,1278800000.0,184627000.0,197489500.0,0.0,23.633334152364338,84.08672244755573,0.0,3.808180403990783,1.0703235585871758,0.0,0.0572295476541224,0.0303313286765529,2025-04-30,0.5,bmo,643400000.0,2025-05-11,2025-03-31,-0.0799999999999999,51.221,3752246.366666666
2024-12-31,ETSY,USD,1370637,2025-02-19,2025-02-19 09:16:06,2024,Q4,852162000.0,217691000.0,634471000.0,0.7445427043,111466000,82708000.0,285165000.0,367873000.0,0.0,479339000.0,697030000.0,0.0,0.0,26402000.0,225907000.0,0.265098655,155132000.0,0.182045198,23201000.0,178333000.0,0.2092712419,48427000.0,129906000.0,0.1524428454,1.16,1.01,114944000,131721000,https://www.sec.gov/Archives/edgar/data/1370637/000137063725000017/0001370637-25-000017-index.htm,https://www.sec.gov/Archives/edgar/data/1370637/000137063725000017/etsy-20241231.htm,7.413714504454343,1.1301677338530067,2.740108226614699,2.649072591870824,9.043534242761693,-6.60204969376392,-11.39557523663697,-6.60204969376392,20.772837207683743,6079388160.0,7655923160.0,11.69959078102628,7.134075633506305,19.30215729666401,19.96547779109673,-8.011148424095953,-8.011148424095953,8.984117057554784,33.889711961116745,24.307681825253447,25.1430176521782,0.0213682687436756,0.0500864547527098,-3.1464224250394666,0.9875633948801008,6.978690346027348,1.9961886175732544,0.0,2.4245146490539318,0.0,0.0,0.0970566629349818,0.1308037673587886,0.2278894457812987,0.0332233719309497,0.0122793553338449,0.3963336110900689,0.0799789241951647,,0.0642507544658819,0.0695877158445356,-17.29931966870824,662578000.0,-1309853000.0,-1848957000.0,1450271000.0,189733000.0,203844000.0,0.0,20.938976391812822,89.10947168233872,0.0,4.298204378089378,1.009993643782738,0.0,-0.1711843724715562,0.0910356347438752,2025-02-19,0.94,bmo,650637310.0,2025-05-11,2024-12-31,0.0957446808510639,53.318125,3683774.421875
2024-09-30,ETSY,USD,1370637,2024-10-31,2024-10-30 18:06:55,2024,Q3,662410000.0,185640000.0,476770000.0,0.7197506076,107251000,86176000.0,196526000.0,282702000.0,0.0,389953000.0,575593000.0,0.0,0.0,27739000.0,114556000.0,0.1729382105,86817000.0,0.131062333,-13007000.0,73810000.0,0.1114264579,16444000.0,57366000.0,0.0866019535,0.52,0.45,114181000,130748000,https://www.sec.gov/Archives/edgar/data/1370637/000137063724000051/0001370637-24-000051-index.htm,https://www.sec.gov/Archives/edgar/data/1370637/000137063724000051/etsy-20240930.htm,5.8014030355313055,0.5024128357607658,1.9041346633853269,1.9901997705397567,9.151794081327017,-5.467634720312486,-10.569753286448709,-5.467634720312486,20.915397482943742,6340470930.0,7909672930.0,27.631658691559466,9.571822481544665,29.16285337785628,27.901721637190143,-10.156128351753964,-10.156128351753964,11.94075109071421,69.04634353503963,36.38036266880082,34.80711366246705,0.0090475929364445,0.0358400823075771,-3.8253099471407976,0.977862227838274,13.698121442787809,2.3883843315972224,0.0,3.7899801276017153,0.0,0.0,0.1300946543681405,0.161910297247928,0.2385404834809184,0.0451990653861721,0.014835222898205,0.3542665561123328,0.1046059087272233,,0.0356008189411817,0.0308478894582341,-16.514485772589136,767721000.0,-1206865000.0,-1745825000.0,1593175000.0,215505500.0,222351000.0,0.0,24.620008755906465,93.1565934065934,0.0,3.655563281569043,0.9661151906573476,0.0,-0.0918885151369533,0.0860651071544302,2024-10-30,0.53,amc,862711740.0,2025-04-25,2024-09-30,-0.1509433962264151,56.74921875,4019607.0625
2024-06-30,ETSY,USD,1370637,2024-08-01,2024-07-31 18:20:52,2024,Q2,647806000.0,184090000.0,463716000.0,0.7158254169,114493000,95991000.0,183063000.0,278896000.0,8808000.0,393389000.0,577479000.0,0.0,0.0,27087000.0,97256000.0,0.1501313665,70327000.0,0.1085618225,8808000.0,78977000.0,0.1219145855,25972000.0,53005000.0,0.0818223357,0.46,0.41,116432000,133118000,https://www.sec.gov/Archives/edgar/data/1370637/000137063724000043/0001370637-24-000043-index.htm,https://www.sec.gov/Archives/edgar/data/1370637/000137063724000043/etsy-20240630.htm,5.563814071732857,0.4552442627456369,1.2974182355366222,1.209057647382163,8.587759378864916,-5.453792771746599,-10.378804795932387,-5.453792771746599,20.5147553937062,6637788320.0,8267151320.0,31.307368738798225,10.246568139226868,43.94111200111213,47.15242496785605,-10.45327580016252,-10.45327580016252,12.761770221331696,85.00402360779798,54.72723813558761,58.72682488829534,0.0079853405147454,0.0212078170037215,-3.7615575531184446,0.975689599393486,16.75334169614214,2.4075148143883363,0.0,2.849938685029714,0.0,0.0,0.1481786213773877,0.1767396411888744,0.2342354523203414,0.068104937740383,0.015881297795945,0.3798131945213571,0.1153385427118612,,0.0249780898977024,0.0282744755179475,-16.282810996976774,794521000.0,-1208425000.0,-1724078000.0,1606748000.0,252939500.0,251107500.0,0.0,34.7055291244601,123.46998750611114,0.0,2.593246732451312,0.7289220791048144,0.0,-0.0834729667588457,0.0883605881544592,2024-07-31,0.45,amc,629570000.0,2025-04-25,2024-06-30,-0.0888888888888889,63.96063492063493,3374531.412698413
2024-03-31,ETSY,USD,1370637,2024-05-02,2024-05-01 18:19:00,2024,Q1,645954000.0,187133000.0,458821000.0,0.7102998046,109846000,89074000.0,191811000.0,278987000.0,11565000.0,388833000.0,575966000.0,0.0,0.0,26846000.0,94936000.0,0.1469702177,69988000.0,0.1083482725,11565000.0,79655000.0,0.1233137344,16651000.0,63004000.0,0.0975363571,0.53,0.48,118440000,135338000,https://www.sec.gov/Archives/edgar/data/1370637/000137063724000030/0001370637-24-000030-index.htm,https://www.sec.gov/Archives/edgar/data/1370637/000137063724000030/etsy-20240331.htm,5.453850050658561,0.5319486659912191,0.5828520770010132,0.5008443093549476,8.812158054711245,-4.928748733535968,-9.84873353596758,-4.928748733535968,20.170888213441405,7805196000.000001,9405399000.0,30.9710335851692,12.083207163358384,113.06470818304292,131.57781523937965,-13.370533488876442,-13.370533488876442,14.560477990692837,99.07094252970424,136.2449697970536,158.5535906945381,0.0080720586645101,0.007600065392336,-4.092496758091068,0.9565070819975888,16.855597455127665,2.485165123929212,0.0,1.0956923369944764,0.0,0.0,0.137895268084105,0.1700523566693603,0.2333065483804712,0.1407008242434777,0.0150366744381178,0.3618043656410638,0.1094242004848642,,0.0285556187989226,0.0329011544961012,-15.58311803444782,839298000.0,-1166484000.0,-1677013000.0,1663896000.0,273097500.0,272485500.0,0.5,35.67848484567013,120.07374434225925,0.0,2.5225286440638253,0.7495393809279672,0.0,-0.1079277306980082,0.0820077676460655,2024-05-01,0.49,amc,646330000.0,2025-04-25,2024-03-31,-0.0204081632653061,71.75606557377048,3994457.7377049183
2023-12-31,ETSY,USD,1370637,2024-02-22,2024-02-21 18:18:25,2023,Q4,842322000.0,255757000.0,586565000.0,0.6963667101,117488000,92543000.0,261076000.0,353619000.0,-19269000.0,471107000.0,726864000.0,0.0,0.0,23033000.0,166268000.0,0.1973924461,115458000.0,0.1370710963,-6290000.0,109168000.0,0.1296036433,25902000.0,83266000.0,0.0988529327,0.7,0.62,119599093,136552671,https://www.sec.gov/Archives/edgar/data/1370637/000137063724000013/0001370637-24-000013-index.htm,https://www.sec.gov/Archives/edgar/data/1370637/000137063724000013/etsy-20231231.htm,7.042879497422276,0.6962092931591045,2.467451822565243,2.362417581210252,9.619144854217248,-4.546146516345237,-9.525423407684205,-4.546146516345237,19.97938228511482,9693506487.65,11168699487.65,29.10403552365311,11.508077062750347,32.847652488605746,34.30807518731662,-17.82828593592231,-17.82828593592231,13.259417998876913,67.17287444156422,37.84652746530896,39.52920259093306,0.0085898740673547,0.0291476567700216,-4.3947950672686975,0.8898175318388322,8.872380734717444,2.209465362748864,0.0,3.544123651910744,0.0,0.0,0.1098665356003998,0.1394811010516168,0.2217610039472704,0.0425678995611731,0.0149135366285102,0.5453913949550645,0.0812943268726211,,0.044350295893695,0.0398424218006462,-15.5610147436486,859665000.0,-1139232000.0,-1658669000.0,1704976000.0,265744500.0,265707500.0,0.5,30.99870358366515,103.91750763419964,3.5189652678128066e-07,2.9033472240892597,0.8660715797458238,255757000.0,-0.1531427310263649,0.1050342413549908,2024-02-21,0.78,amc,827690000.0,2025-04-25,2023-12-31,-0.2051282051282051,71.53714285714285,4156632.349206349
2023-09-30,ETSY,USD,1370637,2023-11-02,2023-11-02 16:23:58,2023,Q3,636302000.0,188827000.0,447475000.0,0.7032431141,113932000,84051000.0,160936000.0,244987000.0,8411000.0,358919000.0,547746000.0,2099000.0,0.0,22172000.0,110728000.0,0.1740179977,88556000.0,0.1391729085,8411000.0,96967000.0,0.1523914745,9117000.0,87850000.0,0.1380633724,0.72,0.64,121807908,138890567,https://www.sec.gov/Archives/edgar/data/1370637/000137063723000080/0001370637-23-000080-index.htm,https://www.sec.gov/Archives/edgar/data/1370637/000137063723000080/etsy-20230930.htm,5.223815189404616,0.7212175419678006,1.793857259251181,1.7044459872014222,8.019906228091529,-5.110735503313956,-9.957235288861542,-5.110735503313956,19.613554154464257,7866354698.639999,9513482698.64,22.385756114513377,12.362611933704436,36.000634758953986,37.88914432309804,-12.63614600249306,-12.63614600249306,14.951206657593406,85.91758813163788,43.5387710115054,45.82271367020687,0.0111678157628956,0.0263927839455159,-3.837716536444947,0.9754568538178024,14.875442525829058,2.448650460900446,0.0,2.4872623790552075,0.0,0.0,0.1320929370016124,0.1790533425951828,0.2410349187917509,0.0498430249054945,0.0171160863866528,0.4912051235792892,0.1101961018510078,,0.0419870696115423,0.0472602758149506,-15.711713889709031,795044000.0,-1212870000.0,-1727864000.0,1631192000.0,242554500.0,236126000.0,0.0,34.13963809637562,112.535389536454,0.0,2.636231812004905,0.7997484202144781,0.0,-0.1411181505088927,0.0894112720497588,2023-11-01,0.51,amc,641170000.0,2025-04-25,2023-09-30,0.2941176470588236,78.86690476190476,3346580.888888889
2023-06-30,ETSY,USD,1370637,2023-08-03,2023-08-02 18:10:32,2023,Q2,628876000.0,188638000.0,440238000.0,0.7000394354,121988000,92768000.0,159763000.0,252531000.0,7786000.0,374519000.0,563157000.0,0.0,0.0,22946000.0,88665000.0,0.1409896387,-2372000.0,-0.0037718088,7786000.0,5414000.0,0.0086090104,-56501000.0,61915000.0,0.0984534312,0.5,0.45,123463325,141010561,https://www.sec.gov/Archives/edgar/data/1370637/000137063723000071/0001370637-23-000071-index.htm,https://www.sec.gov/Archives/edgar/data/1370637/000137063723000071/etsy-20230630.htm,5.093625981642727,0.5014849551476116,1.1037366764583734,1.0369233130567317,8.721415853655326,-3.759618493994066,-8.718799692135295,-3.759618493994066,19.349681372990723,10446231928.25,11993695928.25,42.17972998566584,16.610956576892743,76.65777699033544,81.59716242716095,-22.50494302418269,-22.50494302418269,19.071638809956177,135.26978997631534,88.01356068605939,93.68464739068284,0.0059270175528615,0.0122553281297332,-5.146714062584155,0.930014263735853,17.452929566345233,2.8094249223499115,0.0,2.200936768149883,0.0,0.0,0.147513977318263,0.1939778271074106,0.2383558241511831,0.0605337892875226,0.013117053282364,0.3594962084894971,0.1228875008745762,,-0.0130737181116403,0.0316462004370104,-14.363344337275867,910537000.0,-1076452000.0,-1619171000.0,1765943000.0,236184500.0,229199500.0,0.0,34.88237744801837,112.66531663821712,0.0,2.580099367771528,0.7988261399823836,0.0,-0.1333871923304788,0.0668133634016417,2023-08-02,0.41,amc,619140000.0,2025-04-25,2023-06-30,1.024390243902439,94.28217741935484,3359957.1612903224
2023-03-31,ETSY,USD,1370637,2023-05-04,2023-05-03 18:18:43,2023,Q1,640877000.0,195453000.0,445424000.0,0.6950226018,115924000,79987000.0,171314000.0,251301000.0,0.0,367225000.0,562678000.0,0.0,0.0,23172000.0,101371000.0,0.1581754377,78199000.0,0.1220187337,3072000.0,81271000.0,0.1268121652,6734000.0,74537000.0,0.1163046887,0.61,0.53,124337000,142966000,https://www.sec.gov/Archives/edgar/data/1370637/000137063723000049/0001370637-23-000049-index.htm,https://www.sec.gov/Archives/edgar/data/1370637/000137063723000049/etsy-20230331.htm,5.154354697314556,0.5994756186814866,0.4474211216291208,0.3814230679524196,8.360037639640653,-4.344547479833034,-9.75345231105785,-4.344547479833034,19.21809276402037,13842438210.0,15445162210.0,46.42807669345426,21.599212032886182,248.8259820963132,291.8806159198735,-25.62522345924012,-25.62522345924012,24.10004136519176,152.36272908425485,277.63589024105266,325.67553421191354,0.0053846727627906,0.0034260582767665,-4.423497004746496,0.9556012078986108,15.81047834193211,2.6946723487466766,0.0,0.7463541596790856,0.0,0.0,0.1248086606322274,0.1808833832389054,0.2689525986576505,0.1475076845643615,0.0128043290678242,0.3541343000172622,0.1071703306562725,,0.0357500004091407,0.0407748518337386,-14.716423912431535,845833000.0,-1212715000.0,-1695783000.0,1766712000.0,245238500.0,125506000.0,0.5,32.10681612852388,102.34148363033567,0.0,2.803143097083472,0.8794087872038874,0.0,-0.137983442801395,0.0659980536767012,2023-05-03,0.55,amc,622090000.0,2025-04-25,2023-03-31,-0.0363636363636363,124.00774193548386,3258131.919354839
2022-12-31,ETSY,USD,1370637,2023-02-23,2023-02-22 19:04:21,2022,Q4,807241000.0,225775000.0,581466000.0,0.720312769,112787000,84526000.0,244809000.0,329335000.0,-11454000.0,442122000.0,667897000.0,0.0,0.0,22794000.0,162138000.0,0.2008545156,139344000.0,0.172617595,-11454000.0,127890000.0,0.1584285238,18342000.0,109548000.0,0.1357066849,0.87,0.76,125656123,143981481,https://www.sec.gov/Archives/edgar/data/1370637/000137063723000017/0001370637-23-000017-index.htm,https://www.sec.gov/Archives/edgar/data/1370637/000137063723000017/etsy-20221231.htm,6.424207437945543,0.8718078943116843,2.3218128415437422,2.441393166332213,9.32458341086968,-4.355330937593865,-9.71225254180411,-4.355330937593865,19.02072054220549,15051090412.94,16519882412.94,34.34816339170957,18.64510154085335,51.5889988446958,49.062150927517145,-27.50192849092045,-27.50192849092045,20.464622600858977,101.88778949376456,56.62341872473008,53.84998309170209,0.007278409536748,0.0203823106222425,-4.367227385185483,0.907060863519422,9.058900442832648,2.396091839399767,0.0,2.6632161244386023,0.0,0.0,0.1047097459123111,0.1397191173391837,0.2554610865208251,0.0515029991431019,0.0186140198528072,0.6592085636571028,0.0797221647562499,,0.059318678774212,0.0558396722245698,-14.437475915916966,881988000.0,-1220404000.0,-1668492000.0,1804862000.0,239553500.0,120545500.0,0.5,29.19377236785545,11.4633152474809,3.986269516111173e-07,3.082849275727614,7.851131898320409,225775000.0,-0.2001702986072789,0.1195803247884705,2023-02-22,0.8,amc,755417145.0,2025-04-25,2022-12-31,-0.0375,114.41650793650793,3308163.9206349207
2022-09-30,ETSY,USD,1370637,2022-11-03,2022-11-02 18:19:48,2022,Q3,594469000.0,174401000.0,420068000.0,0.7066272589,108040000,74544000.0,147242000.0,221786000.0,5763000.0,329826000.0,504227000.0,2099000.0,2084281000.0,24127000.0,114369000.0,0.1923885013,-954780000.0,-1.6061056169,5763000.0,-949017000.0,-1.596411251,14051000.0,-963068000.0,-1.6200474709,-7.62,-7.62,126349250,126349250,https://www.sec.gov/Archives/edgar/data/1370637/000137063722000081/0001370637-22-000081-index.htm,https://www.sec.gov/Archives/edgar/data/1370637/000137063722000081/etsy-20220930.htm,4.704966590620839,-7.6222692259748275,1.6348652643367492,1.520396836546319,8.240294263717434,-4.798144824761524,-9.965884245454564,-4.798144824761524,35.40996879680726,12651350402.5,14251102402.5,-3.2841269781832643,21.28176642095719,61.24663737388896,65.85780606295647,-20.868482227394345,-20.868482227394345,23.972826846311584,124.60633915221784,68.99122016663117,74.18546703296704,-0.0761237314089166,0.0151842288679348,-3.94189449097885,0.975281096970956,13.987636509893417,2.719203372173934,-0.4580860258285711,-0.2144853738261472,0.0,0.0,0.1253959415882073,0.1817420252359669,0.2664722967819187,0.0700170407234561,0.0243292753701202,0.5994528950967796,0.088995389162429,,-0.4936602366885989,-0.5358203732006358,-14.661381052914836,854867000.0,-1259182000.0,-1704440000.0,1757712000.0,208967500.0,205403500.0,0.5,32.891908577234474,109.57540381075796,0.0,2.7362352594611017,0.82135220925523,0.0,1.5885867359899182,0.1144684277904301,2022-11-02,0.37,amc,565044739.0,2025-04-25,2022-09-30,0.5675675675675674,102.05703125,3381649.8125
2022-06-30,ETSY,USD,1370637,2022-07-28,2022-07-27 18:25:23,2022,Q2,585135000.0,171421000.0,413714000.0,0.7070402557,102095000,74990000.0,164068000.0,239058000.0,601000.0,341153000.0,512574000.0,0.0,0.0,25027000.0,97588000.0,0.1667786066,72561000.0,0.1240072804,601000.0,73162000.0,0.1250343938,39000.0,73123000.0,0.1249677425,0.51,0.5,142581095,145683336,https://www.sec.gov/Archives/edgar/data/1370637/000137063722000069/0001370637-22-000069-index.htm,https://www.sec.gov/Archives/edgar/data/1370637/000137063722000069/etsy-20220630.htm,4.103875061416803,0.5128520018730394,0.8819822852391476,0.8259930953679379,7.060473199479917,4.076943019689953,-8.688283674634425,4.076943019689953,16.751975428439515,10438361964.95,12068002964.95,35.68768364587749,17.839237039230262,83.00620230728246,88.63270215035959,17.957081972062376,17.957081972062376,20.624305442248367,123.66277580184038,95.96516186324092,102.47007298019037,0.0070052178919961,0.0112825173523827,4.108955005633972,0.6621704416290094,16.69919457310325,2.9344657280918955,0.0,1.7197598566798409,0.0,0.0,0.1281584591589974,0.1744811026515248,0.5045826287044994,0.0634810821126962,0.0136430054602783,0.3189755064530307,0.1099865842925136,6.858902153867767,0.0229166257047398,0.0409189600564067,-13.105575107976271,870320000.0,-1238785000.0,-1705583000.0,2952097000.0,206235500.0,202678000.0,0.5,30.86626163193109,104.20292729595558,5.250231885241599e-07,2.915805000074747,0.863699344495221,171421000.0,0.1257932719187331,0.0559891898712097,2022-07-27,0.31,amc,556036046.0,2025-04-25,2022-06-30,0.6451612903225807,91.29612903225808,4910494.435483871
2022-03-31,ETSY,USD,1370637,2022-05-05,2022-05-04 18:29:43,2022,Q1,579266000.0,172995000.0,406271000.0,0.701354818,89476000,78200000.0,154280000.0,232480000.0,1672000.0,321956000.0,494951000.0,0.0,0.0,24754000.0,109069000.0,0.1882882821,84315000.0,0.1455548919,1672000.0,85987000.0,0.1484413033,-122000.0,86109000.0,0.1486519147,0.6,0.59,144015453,146677879,https://www.sec.gov/Archives/edgar/data/1370637/000137063722000049/0001370637-22-000049-index.htm,https://www.sec.gov/Archives/edgar/data/1370637/000137063722000049/etsy-20220331.htm,4.022248917968546,0.5979150029129165,0.4134556310425937,0.3494555546063518,6.820240325182327,4.699960913222277,-8.907738532753148,4.699960913222277,16.58010963587359,17898240498.84,19529795498.84,51.9639076601749,30.898137468520503,300.5884807678356,355.6389313656685,26.44277309846691,26.44277309846691,33.71472777418319,179.05908643922655,327.98931040642213,388.05801058755736,0.0048110315651184,0.002811840638931,3.527712238888881,0.6375648667952766,14.95892508412106,2.680305460415352,0.0,0.6914956624743058,0.0,0.0,0.1349984290464139,0.154464442932953,0.5232650009679121,0.1547930941824533,0.0159115156076828,0.3723438636180011,0.0850576419123511,7.951665594087666,0.0258456471417453,0.0482280157001908,-13.38219239570076,811932000.0,-1282852000.0,-1773171000.0,3042984000.0,229633000.0,117445000.0,0.5,32.906229607814026,107.63010491632706,0.0,2.735044429964966,0.8361972709212453,0.0,0.1272170160459883,0.0640000764362418,2022-05-04,0.6,amc,576347461.0,2025-04-25,2022-03-31,0.0,148.66354838709677,3885697.983870968
2021-12-31,ETSY,USD,1370637,2022-02-25,2022-02-24 18:57:10,2021,Q4,717139000.0,208966000.0,508173000.0,0.7086115802,82555000,79171000.0,204198000.0,283369000.0,2124000.0,365924000.0,574890000.0,216000.0,3539000.0,24991000.0,172903000.0,0.2411010976,142249000.0,0.1983562461,2124000.0,144373000.0,0.2013180151,-17184000.0,161557000.0,0.2252798969,1.27,1.11,127141606,147631123,https://www.sec.gov/Archives/edgar/data/1370637/000137063722000024/0001370637-22-000024-index.htm,https://www.sec.gov/Archives/edgar/data/1370637/000137063722000024/etsy-20211231.htm,5.6404746059287625,1.270685537824652,2.284531469580461,2.198713771163155,7.744215532404082,4.944243035596074,-10.615053895103388,4.944243035596074,18.81097836690847,27836383217.64,29444306217.64,43.07517349548456,38.81588258014137,95.83584332948884,99.57639910727316,44.28180379154941,44.28180379154941,41.05801834461659,170.29378447823345,101.3716435629125,105.32826640734328,0.0058038071518436,0.0100425402903222,3.7989927125969785,0.623235396127521,9.299566809135758,2.179218893155812,40.19468776490534,1.797873196456978,0.0008156950499808,0.1405448231893387,0.1103984025412088,0.1151171530205441,0.5162663379098489,0.0375646821065968,0.0152146236643105,0.4365971749829939,0.0695304536498503,11.889407374570828,0.0493940840883574,0.0871596779196957,-15.989840489351693,725913000.0,-1349615000.0,-1861689000.0,2979209000.0,219519000.0,104528000.0,0.5,31.05741006973544,12.06239292516486,4.3069207430873923e-07,2.8978591517424195,7.461206127039668,208966000.0,0.2570030495419323,0.0858176984173064,2022-02-24,0.79,amc,685533653.0,2025-04-25,2021-12-31,0.4050632911392405,240.88984375,2210285.609375
2021-09-30,ETSY,USD,1370637,2021-11-04,2021-11-03 18:30:32,2021,Q3,532429000.0,153660000.0,378769000.0,0.7113981395,73521000,89579000.0,131928000.0,221507000.0,58000.0,295028000.0,448688000.0,139000.0,2779000.0,23211000.0,106952000.0,0.2008756097,83741000.0,0.1572810647,58000.0,83799000.0,0.1573899994,-6131000.0,89930000.0,0.1689051498,0.71,0.62,126633789,147413915,https://www.sec.gov/Archives/edgar/data/1370637/000137063721000070/0001370637-21-000070-index.htm,https://www.sec.gov/Archives/edgar/data/1370637/000137063721000070/etsy-20210930.htm,4.20447815866901,0.7101580131981994,0.7180547997343742,0.6528431365186428,6.450347939916731,4.213899025006668,-11.56639165238908,4.213899025006668,18.35676732376696,26334762760.44,28037168760.44,73.20905915834538,49.461548413854246,289.6157787357308,318.54512725517714,49.3509689638733,49.3509689638733,52.658981311010486,262.147213333458,308.33793863895306,339.1374196879234,0.0034148779245922,0.0031392726318457,4.351035002305003,0.6629687350983885,15.9174769990276,2.287299339500262,30.133501259445843,1.011119759813188,0.0,0.0,0.1682459069659992,0.1380860171027498,0.5705994452531568,0.0908171120642252,0.0155100492272209,0.355779587264659,0.0793645725533357,8.205608971116812,0.0294779341433568,0.0598010400180872,-15.856822384111084,606327000.0,-1464696000.0,-1891182000.0,2803547000.0,174122000.0,172098000.0,0.5,32.38166966863187,106.04197579070676,0.0,2.779350197843041,0.8487205121265514,0.0,0.168527534471967,0.0652116632157314,2021-11-03,0.54,amc,518000000.0,2025-04-25,2021-09-30,0.148148148148148,202.77796875,2404028.328125
2021-06-30,ETSY,USD,1370637,2021-08-05,2021-08-04 18:12:12,2021,Q2,528900000.0,148969000.0,379931000.0,0.7183418416,61753000,61599000.0,167474000.0,229073000.0,-3351000.0,290826000.0,439795000.0,803000.0,1882000.0,12985000.0,102090000.0,0.1930232558,89105000.0,0.168472301,-3351000.0,85754000.0,0.1621365097,-12500000.0,98254000.0,0.185770467,0.77,0.68,126977990,144867491,https://www.sec.gov/Archives/edgar/data/1370637/000137063721000049/0001370637-21-000049-index.htm,https://www.sec.gov/Archives/edgar/data/1370637/000137063721000049/etsy-20210630.htm,4.165288803201248,0.7737876461897057,0.958410193766652,0.9170723209589317,19.56724153532435,4.179881883466575,1.6684308831790455,4.179881883466575,18.309259738636595,26137149461.6,26406258461.6,66.50403408919739,49.41794188239744,214.7723400050946,224.45339947100857,49.245410693109605,49.245410693109605,49.92675073095104,258.6566604133608,216.98364348833584,226.76437947925257,0.0037591704537004,0.0044552677854592,4.376783550917282,0.7059870241331188,2.6359976491331176,6.611744471744472,47.345908607863976,1.2385958841370326,0.0,0.0,0.1164662507090187,0.1167574210625827,0.0969175326159367,0.0431317123676015,0.0099243713367366,0.4042356565267616,0.0518812629986765,8.530689989037722,0.0351949571047875,0.0330652659904015,-1.2407307715297746,2283980000.0,211854000.0,-68683000.0,2708693000.0,168886500.0,168818500.0,1.0,26.661032331253544,98.56567473769712,6.041525418039995e-07,3.3757132462758013,0.9130967777525788,148969000.0,0.185121892857883,0.0413378728077204,2021-08-04,0.63,amc,524680000.0,2025-04-25,2021-06-30,0.0793650793650794,185.0736507936508,3084431.3492063493
2021-03-31,ETSY,USD,1370637,2021-05-06,2021-05-05 18:13:19,2021,Q1,550646000.0,142917000.0,407729000.0,0.7404557556,53706000,52182000.0,151204000.0,203386000.0,7091000.0,257092000.0,400009000.0,979000.0,1685000.0,13080000.0,163717000.0,0.2973180592,150637000.0,0.273564141,7091000.0,157728000.0,0.286441743,13962000.0,143766000.0,0.2610860698,1.14,1.0,126214735,144714686,https://www.sec.gov/Archives/edgar/data/1370637/000137063721000024/0001370637-21-000024-index.htm,https://www.sec.gov/Archives/edgar/data/1370637/000137063721000024/etsy-20210331.htm,4.362771113848157,1.1390587636221714,1.176288964992875,1.1465618495336538,13.201683622756091,5.417544948297835,2.865885666994428,5.417544948297835,10.741305284204731,25453725607.45,25644073607.45,44.26242228247638,46.2252074971034,171.44596778668372,175.8910782545452,37.22534873722896,37.22534873722896,46.57088875148462,156.63659612288276,172.72807468056442,177.20642656464864,0.0056481319166071,0.0056853366863373,1.980224460128639,0.5421718731918775,1.162664842380449,4.434237609619595,89.39881305637982,1.032685057663147,0.0,0.0,0.0947650577685118,0.0975327161188858,0.1289563471931532,0.025271949617755,0.0068138150463274,0.2868501529051988,0.0369584088506953,11.783263390937275,0.0657692075891954,0.0660885538629574,-0.0916592622881947,1466574000.0,361717000.0,79982000.0,1896591000.0,175253000.0,107686500.0,1.0,29.59896194651373,109.88265916580951,6.297361405571066e-07,3.040647174135122,0.8190555332683821,142917000.0,0.2102536803095759,0.0297271154592211,2021-05-05,0.88,amc,528870000.0,2025-04-25,2021-03-31,0.1363636363636363,209.3088524590164,3474689.5081967213
2020-12-31,ETSY,USD,1370637,2021-02-26,2021-02-25 18:16:46,2020,Q4,617355000.0,150780000.0,466575000.0,0.7557645115,51157000,43318000.0,210765000.0,254083000.0,-8028000.0,305240000.0,456020000.0,599000.0,11417000.0,13101000.0,174539000.0,0.2827206389,161335000.0,0.2613326206,-8028000.0,153307000.0,0.2483287574,4769000.0,148538000.0,0.2406038665,1.18,1.08,125975077,141140543,https://www.sec.gov/Archives/edgar/data/1370637/000137063721000012/0001370637-21-000012-index.htm,https://www.sec.gov/Archives/edgar/data/1370637/000137063721000012/etsy-20201231.htm,4.900612206015957,1.1791062449598662,1.9342476766257504,1.9101397334331456,13.25038285152229,5.893419696024476,3.28767411668262,5.893419696024476,8.948055653897319,22412225949.07,22283941949.07,37.72136751045187,36.3036274899693,91.97891363652032,93.13978285778995,30.187906033573807,30.187906033573807,36.09583132730763,127.67313866282034,91.45244103251568,92.60666562386236,0.006627543392501,0.010736550690985,1.5029349805501977,0.4640549405715726,-0.7349875958954732,4.167431333908117,14.131120259262504,1.6404354441287752,0.0008248176705878,0.1244530019254332,0.0701670837686582,0.0828648022612597,0.136519235479971,0.0124637312397657,0.0049193737800779,0.2318143653156247,0.0282657466125648,12.504070508215255,0.0918947446492708,0.0715421701834575,1.0653793884960276,1440117000.0,414165000.0,232716000.0,1880871000.0,149546000.0,88191500.0,1.0,24.697281142940447,24.40290489454835,5.968961400716276e-07,3.644125824179067,3.688085512315632,150780000.0,0.2000716571662554,0.0241079431926046,2021-02-25,0.59,amc,582694175.0,2025-04-25,2020-12-31,0.8305084745762714,150.382109375,3648874.0
2020-09-30,ETSY,USD,1370637,2020-10-29,2020-10-29 11:16:03,2020,Q3,451478000.0,120168000.0,331310000.0,0.7338342068,45908000,40454000.0,126779000.0,167233000.0,-27776000.0,213141000.0,333309000.0,1158000.0,10615000.0,15754000.0,134315000.0,0.2975006534,118169000.0,0.2617381135,-27776000.0,90393000.0,0.2002157359,-1368000.0,91761000.0,0.2032457838,0.75,0.7,121978272,137560385,https://www.sec.gov/Archives/edgar/data/1370637/000137063720000219/0001370637-20-000219-index.htm,https://www.sec.gov/Archives/edgar/data/1370637/000137063720000219/etsy-20200930.htm,3.7012985394644713,0.75227332290787,1.5182540051067457,1.5033251167880128,12.498619426253226,5.465456995488508,2.7694030622109485,5.465456995488508,9.187792068410348,14836217223.36,14801339223.36,40.42081391702357,32.8614400333128,80.11175968638292,80.90731581726862,22.25431470788265,22.25431470788265,32.78418709961504,110.19870620079662,79.92342745099732,80.71711333380595,0.0061849323596799,0.0123598217280935,1.6651431674284165,0.5012840341295233,-0.2596731563861073,4.979823547700195,11.13226566179934,2.0182212486786324,0.0,0.0,0.0896034801252774,0.1016838029760032,0.1485027127958618,0.009832931952439,0.0040334191256273,0.1155896915069188,0.0379376182228148,9.61816737440868,0.0634610074046264,0.0486629243574479,0.6065240086365545,1356889000.0,337807000.0,149993000.0,1803890000.0,125032500.0,127667500.0,0.5,25.85129286476861,101.48292390653086,7.489514679448772e-07,3.481450636562025,0.8868487084870849,120168000.0,0.1376414311792844,0.0149288883187327,2020-10-28,0.6,amc,386981142.0,2025-04-25,2020-09-30,0.2666666666666667,117.066171875,4017512.453125
2020-06-30,ETSY,USD,1370637,2020-08-06,2020-08-05 19:44:20,2020,Q2,428737000.0,111381000.0,317356000.0,0.740211365,45233000,38276000.0,114707000.0,152983000.0,-6824000.0,198216000.0,309597000.0,1732000.0,10026000.0,14171000.0,136513000.0,0.318407322,119140000.0,0.2778859767,-6824000.0,112316000.0,0.2619694591,15891000.0,96425000.0,0.2249047785,0.81,0.75,118865885,134408041,https://www.sec.gov/Archives/edgar/data/1370637/000137063720000210/0001370637-20-000210-index.htm,https://www.sec.gov/Archives/edgar/data/1370637/000137063720000210/etsy6302010q.htm,3.6068969662742174,0.8112083631060333,1.8544513423679128,1.850884297037792,8.776134548613339,4.409801853576407,1.6298452663688998,4.409801853576407,7.324086301128368,12627122963.55,12810156963.55,32.738197986906926,29.451908660904007,57.28378931978715,57.39418729199526,24.08951774416941,24.08951774416941,29.87882306297334,93.83836677495916,58.11413532375211,58.22613354825074,0.0076363396696416,0.0174233671941804,1.641737969189679,0.488389818340313,1.3407807315054243,4.271905257547956,11.883103929782566,2.2860357791029298,0.0,0.0,0.0892761763038879,0.1055029073767834,0.1875347255525016,0.0019235044072748,0.0009889512684932,0.0299202596852727,0.0390099291640329,8.971540181227944,0.0682527990413401,0.0673552255570558,-0.8781745914734072,914756000.0,193733000.0,-43521000.0,1371385000.0,93634000.0,92782000.0,0.0,25.270877017845443,96.8311471435882,0.0,3.5614118155236576,0.929452997872074,0.0,0.1839557399723375,0.0035670453301214,2020-08-05,0.39,amc,413226200.0,2025-04-25,2020-06-30,0.923076923076923,73.97880952380952,4085220.238095238
2020-03-31,ETSY,USD,1370637,2020-05-07,2020-05-07 16:04:44,2020,Q1,228055000.0,82416000.0,145639000.0,0.6386134924,37782000,33987000.0,48505000.0,82492000.0,-15672000.0,120274000.0,202690000.0,3613000.0,9967000.0,15163000.0,40528000.0,0.177711517,25365000.0,0.1112231698,-15672000.0,9693000.0,0.042502905,-2829000.0,12522000.0,0.0549078073,0.11,0.1,118138186,123119053,https://www.sec.gov/Archives/edgar/data/1370637/000137063720000144/0001370637-20-000144-index.htm,https://www.sec.gov/Archives/edgar/data/1370637/000137063720000144/etsy3312010q.htm,1.9304088518846905,0.105994517301967,0.2510957803262698,0.2356223753088607,6.805538727334107,3.443822982011929,0.623574836336153,3.443822982011929,7.30969408993634,4541231869.84,4952464869.84,90.6650668790928,19.91288009401241,153.0889923759439,163.142400842075,11.1620139016387,11.1620139016387,21.71609861586021,122.19860022305566,166.95202500809063,177.9158237476649,0.0027574015947441,0.0061296143420619,2.098054059634211,0.5624429213213656,10.146886103434662,5.70952288021958,2.544898163941005,2.368950646861524,0.0,0.0,0.1490298392931529,0.1656705619258512,0.2195372821785375,0.0616235167206041,0.0080156102694525,0.1205566180834927,0.0605599526430027,2.8658494342279988,0.0238348839201055,0.0105718794086434,-2.17235433088502,748103000.0,73668000.0,-203843000.0,1215801000.0,66028000.0,46026500.0,0.0,26.395211681392645,71.77744612696563,0.0,3.4097093475270617,1.2538757626009829,0.0,0.0307781549329354,0.015473405017409,2020-05-06,0.19,amc,433304500.0,2025-04-25,2020-03-31,-0.4736842105263157,48.846774193548384,3454454.9032258065
2019-12-31,ETSY,USD,1370637,2020-02-27,2020-02-26 21:47:38,2019,Q4,269998000.0,90824000.0,179174000.0,0.6636123231,35701000,34401000.0,84034000.0,118435000.0,-2287000.0,154136000.0,244960000.0,3540000.0,9912000.0,15271000.0,47934000.0,0.1775346484,25038000.0,0.0927340203,-2287000.0,22751000.0,0.0842635871,-8540000.0,31291000.0,0.1158934511,0.26,0.25,118403747,123397255,https://www.sec.gov/Archives/edgar/data/1370637/000137063720000046/0001370637-20-000046-index.htm,https://www.sec.gov/Archives/edgar/data/1370637/000137063720000046/etsy1231201910k.htm,2.28031634843448,0.2642737311345391,0.6636698752447421,0.6370913244831686,6.90224778106051,3.4343000986277907,0.5799394169510531,3.4343000986277907,7.23730474509392,5245285992.099999,5649004992.099999,41.90730555191588,19.42712906058563,66.75005398378742,69.53477201394595,12.899280414574283,12.899280414574283,20.92239569219031,117.84964726707555,71.88766994693373,74.88672206299546,0.0059655469782063,0.014381294006392,2.08298371508531,0.5491690612778406,8.422393290774815,4.885417550708648,2.526029055690073,2.5112971781023297,0.0017032436388512,0.285513406410789,0.1274120549041104,0.1322269053844843,0.2191244281461041,0.0400478487166108,0.0116556418936436,0.2060768777421256,0.0494040696597752,4.518948358883054,0.0269625334858887,0.0259808948135355,-2.276845174502797,732510000.0,68667000.0,-214680000.0,1215341000.0,57569500.0,43606500.0,0.0,21.724160919710517,26.085175724478116,0.0,4.142852758853495,3.450235526515727,0.0,0.0769512632981993,0.0265785507615734,2020-02-26,0.16,amc,172798720.0,2025-04-25,2019-12-31,0.5625,47.637734375,3198874.75
2019-09-30,ETSY,USD,1370637,2019-10-31,2019-10-31 08:10:21,2019,Q3,197947000.0,68949000.0,128998000.0,0.65167949,32465000,32203000.0,50098000.0,82301000.0,-4143000.0,114766000.0,183715000.0,2883000.0,5077000.0,12808000.0,28775000.0,0.1453671942,14232000.0,0.0718980333,-4143000.0,10089000.0,0.0509681885,-4712000.0,14801000.0,0.0747725401,0.12,0.12,120351095,126243168,https://www.sec.gov/Archives/edgar/data/1370637/000137063719000183/0001370637-19-000183-index.htm,https://www.sec.gov/Archives/edgar/data/1370637/000137063719000183/etsy9301910q.htm,1.6447461487575166,0.1229818474023854,0.3908979806124739,0.3600299606746411,7.078780629291325,3.234386857884425,0.4045330871314465,3.234386857884425,7.025694282216543,6799836867.5,6968540867.5,114.85434881933654,34.351805622212005,144.53899176320544,156.931383971844,17.468534990571904,17.468534990571904,35.20407415873946,242.1734445699392,148.12500515463918,160.8248527002077,0.0021766698655289,0.0063722116933564,2.1591447405603423,0.5606150755270485,5.862867072111207,6.113750509026741,2.8032302540870595,3.1785014526045536,0.0,0.0,0.1626849611259579,0.1640085477425775,0.2271721280311206,0.0789669465405462,0.0187676499264954,0.290053091817614,0.0613143922363056,2.99162908754144,0.0153775950629992,0.0127746581715175,-1.832320262644889,791133000.0,48686000.0,-164096000.0,1284971000.0,62570500.0,33690000.0,0.0,22.71835390281237,79.47918026367314,0.0,3.961554626053195,1.1323720212189394,0.0,0.0380232337089158,0.0308680199378327,2019-10-30,0.12,amc,197947000.0,2025-04-25,2019-09-30,0.0,58.80453125,3225272.34375
2019-06-30,ETSY,USD,1370637,2019-08-02,2019-08-01 18:24:06,2019,Q2,181095000.0,58605000.0,122490000.0,0.6763853226,28765000,29883000.0,45994000.0,75877000.0,-1479000.0,104642000.0,163247000.0,3391000.0,4678000.0,9810000.0,28864000.0,0.1593859576,17848000.0,0.0985560065,-1479000.0,16369000.0,0.0903890223,-1854000.0,18214000.0,0.1005770452,0.15,0.14,120198526,130807743,https://www.sec.gov/Archives/edgar/data/1370637/000137063719000146/0001370637-19-000146-index.htm,https://www.sec.gov/Archives/edgar/data/1370637/000137063719000146/etsy6301910q.htm,1.5066324523813213,0.1515326402588331,0.4146140693938293,0.3784821787248872,5.273209423549837,3.67975394307248,3.093357401071624,3.67975394307248,2.956808305619322,7459520523.56,7451087523.56,102.38718188701,41.19120088108452,149.68136534954652,163.97073227881214,16.865258101519103,16.865258101519103,41.1446341619592,258.1446619858648,149.5121503242636,163.78536310113645,0.0024417118958883,0.0060986493510294,0.7929577369257587,0.3432516943554109,-0.2921632483370288,4.4661161491802295,3.81530568619068,2.734785710366021,0.0,0.0,0.1650128385653938,0.1588392832491234,0.0689819187198747,0.0871458383497873,0.0239818879593583,0.4427115188583078,0.0598415196443855,3.542042304402089,0.0228762302370181,0.019146612340493,0.921296655501416,577143000.0,371817000.0,164179000.0,776036000.0,75105000.0,11908000.0,0.0,37.35972831939037,9.968262093678014,0.0,2.409011094261314,9.02865506085349,0.0,0.0411801013337071,0.0361318906689421,2019-08-01,0.13,amc,325403000.0,2025-04-25,2019-06-30,0.1538461538461537,65.27539682539683,2322726.365079365
2019-03-31,ETSY,USD,1370637,2019-05-09,2019-05-08 18:29:27,2019,Q1,169339000.0,52658000.0,116681000.0,0.6890379653,24947000,24647000.0,35444000.0,60091000.0,-206000.0,85038000.0,137696000.0,3385000.0,4653000.0,10142000.0,41785000.0,0.2467535535,31643000.0,0.186861857,-206000.0,31437000.0,0.1856453623,-142000.0,31564000.0,0.1863953372,0.26,0.24,119679149,130237875,https://www.sec.gov/Archives/edgar/data/1370637/000137063719000090/0001370637-19-000090-index.htm,https://www.sec.gov/Archives/edgar/data/1370637/000137063719000090/etsy3311910q.htm,1.4149415450806724,0.263738506362541,0.2628528048774812,0.2288201430977755,5.198115170421207,3.5094918664570383,2.917300155601875,3.5094918664570383,2.961384693669572,8157330795.839999,8161419795.839999,64.60945060702066,48.1716013194834,259.3086272439444,297.8758735015519,19.421615035344143,19.421615035344143,48.19574814921547,195.3193680947708,259.4386100781995,298.025188820157,0.0038694029689339,0.0033571030384063,0.8327432722320499,0.3564761590267926,0.0978580830441546,4.86968891878258,6.800558779282183,0.9961683397194336,0.0,0.0,0.1455482788961786,0.1473198731538511,0.0722332974577238,0.1294742195943798,0.024052344705,0.4015973180832183,0.0477267493016966,4.563522018835285,0.0375424228131159,0.0346744736596378,0.979518997081104,575326000.0,349140000.0,162846000.0,777849000.0,54176000.0,21935000.0,0.5,39.88000401561365,29.610885335561548,0.0,2.256770083693161,3.0394227994228,0.0,0.0751500548792537,0.0340326617797056,2019-05-08,0.14,amc,119746863.0,2025-04-25,2019-03-31,0.7142857142857141,59.69049180327869,3086676.918032787
2018-12-31,ETSY,USD,1370637,2019-02-28,2019-02-28 10:33:48,2018,Q4,200028000.0,57111000.0,142917000.0,0.7144849721,28542000,21524000.0,63362000.0,84886000.0,-6613000.0,113428000.0,170539000.0,3055000.0,6154000.0,7626000.0,44366000.0,0.2217989481,29489000.0,0.1474243606,-6613000.0,22876000.0,0.114363989,-18375000.0,41231000.0,0.2061261423,0.34,0.32,120192912,129012508,https://www.sec.gov/Archives/edgar/data/1370637/000137063719000028/0001370637-19-000028-index.htm,https://www.sec.gov/Archives/edgar/data/1370637/000137063719000028/etsy1231201810k.htm,1.6642245925450243,0.3430401952487847,0.8469135018544188,0.7933329712487538,5.194041725189252,3.335454589867995,2.735826884700156,3.335454589867995,2.900420617149204,5717576823.84,5693047823.84,34.667949017971914,28.583882375667407,56.168664091244,59.96221224125093,14.261924040129909,14.261924040129909,28.461254543563903,128.3200609439661,55.92769467291464,59.70496810629975,0.0072112717100858,0.0166771698812014,0.8542222710016014,0.3797256974821783,-0.5528783302528963,6.07064839106923,4.791842703932402,2.467649269108628,0.0027237062972318,0.377701244209454,0.1076049353090567,0.1426900233967244,0.0799145313361076,0.0632656469501832,0.0321954926310316,0.8444794125360608,0.0712100305957166,5.073892722497676,0.0666734161385354,0.0496890742124418,1.2340245196821589,568227000.0,328827000.0,179336000.0,760477000.0,66585500.0,20337500.0,0.5,14.990101385805986,41.83169617061512,1.5758785522929033e-06,6.003962060271341,2.151478621209267,57111000.0,0.1028466093619823,0.053580530605665,2019-02-25,0.21,amc,131268375.0,2025-04-25,2018-12-31,0.523809523809524,47.06333333333334,2856162.396825397
2018-09-30,ETSY,USD,1370637,2018-11-07,2018-11-06 17:57:54,2018,Q3,150366000.0,46947000.0,103419000.0,0.6877818124,24418000,20748000.0,39516000.0,60264000.0,0.0,84682000.0,131629000.0,2367000.0,6135000.0,6439000.0,26176000.0,0.1740819068,18737000.0,0.1246092867,-4141000.0,14596000.0,0.0970698163,-5298000.0,19884000.0,0.1322373409,0.17,0.15,119870711,129086137,https://www.sec.gov/Archives/edgar/data/1370637/000137063718000144/0001370637-18-000144-index.htm,https://www.sec.gov/Archives/edgar/data/1370637/000137063718000144/etsy9301810q.htm,1.254401502632282,0.1658787191142964,0.2554418818788853,0.2081742887134456,4.873050264964225,3.2920385364194598,2.673355295273088,3.2920385364194598,2.886509949874244,5988740721.56,5965886721.56,75.29597567843491,39.82775841320512,195.58264929980405,239.99121269375647,15.176007038586588,15.176007038586588,39.67576926672253,227.91437658771395,194.83627438145004,239.0753675386712,0.0033202305667393,0.0041668192296526,0.8612687174211074,0.3745701854153992,-0.8730898533007335,5.490913744561044,3.054115729421353,1.5391575349351565,0.0,0.0,0.1379833206974981,0.1623904340076879,0.0817331005722044,0.1850424559111691,0.0376813907399279,0.8799503028420562,0.0592953194206137,3.505250426597744,0.0324497103190741,0.0238644464874232,1.220300178247879,579018000.0,320457000.0,195200000.0,772423000.0,90010500.0,14445000.0,0.5,59.76716810981206,27.087992842993163,0.0,1.505843473035902,3.3225053078556264,0.0,0.0503878424505662,0.0472675931654397,2018-11-06,0.07,amc,119621518.0,2025-04-25,2018-09-30,1.1428571428571426,46.03698412698412,2524815.4444444445
2018-06-30,ETSY,USD,1370637,2018-08-07,2018-08-06 18:20:49,2018,Q2,132387000.0,45409000.0,86978000.0,0.6569980436,23568000,21707000.0,28941000.0,50648000.0,-8137000.0,74216000.0,119625000.0,2438000.0,6125000.0,6357000.0,19119000.0,0.1444175032,12762000.0,0.0963991933,-8137000.0,4625000.0,0.0349354544,1246000.0,3376000.0,0.0255009933,0.03,0.03,119450194,125551759,https://www.sec.gov/Archives/edgar/data/1370637/000137063718000102/0001370637-18-000102-index.htm,https://www.sec.gov/Archives/edgar/data/1370637/000137063718000102/etsy6301810q.htm,1.1083029300061245,0.0282628255923971,0.3356294255997608,0.2924231332767865,4.7510094458281085,3.098287140496398,2.461737316224032,3.098287140496398,2.867010831309324,5039603684.86,5018123684.86,373.193400833827,38.067209656990485,125.70411525928512,144.27723117263096,13.617201404141143,13.617201404141143,37.90495807639723,262.4678950185679,125.16833416128308,143.66228699856856,0.0006698939462525,0.0069311005754156,0.908803510487961,0.3886930695357733,-1.123489722265809,5.869945990713575,2.0835918367346937,11.864752885469072,0.0,0.0,0.1639662504626587,0.1780235219470189,0.087871398689487,0.128732134394253,0.0389841902905874,0.8118609406952966,0.0650894725312908,1.4036533954142207,0.0122591398953357,0.0042773485506934,1.108533155668211,552734000.0,294055000.0,171014000.0,745794000.0,80022000.0,11426999.5,1.0,54.49885562781843,29.254112620846087,1.9819859499218217e-06,1.651410822543223,3.076490514905149,45409000.0,0.0091220807855365,0.0432062923229743,2018-08-06,0.04,amc,176533333.0,2025-04-25,2018-06-30,-0.25,32.54921875,2866596.015625
2018-03-31,ETSY,USD,1370637,2018-05-09,2018-05-08 18:07:55,2018,Q1,120912000.0,41295000.0,79617000.0,0.6584706233,20721000,18904000.0,26194000.0,45098000.0,0.0,65819000.0,107114000.0,1097000.0,3764000.0,6320000.0,20118000.0,0.1663854704,13798000.0,0.1141160513,-817000.0,12981000.0,0.1073590711,14000.0,12954000.0,0.1071357682,0.11,0.1,121267092,125772315,https://www.sec.gov/Archives/edgar/data/1370637/000137063718000065/0001370637-18-000065-index.htm,https://www.sec.gov/Archives/edgar/data/1370637/000137063718000065/etsy3311810q.htm,0.9970718189564568,0.1068220552365517,0.2178744419796922,0.1907524920280928,4.959144233457828,3.1705798634966853,2.8182336556730494,3.1705798634966853,2.7815625363557,3402754601.52,3202447601.52,65.66995911533117,28.142406059944424,128.78977334393096,147.10161687359502,8.850116132717101,8.850116132717101,26.48577148273124,159.18319920071576,121.20841760417848,138.44231374373163,0.0038069157247523,0.0067980218114074,0.8675143762988086,0.3833158079214862,-9.956606024455713,6.616211194113893,3.665781083953241,2.037556875144598,0.0,0.0,0.1563451104935821,0.1713725684795553,0.0491033309774582,0.1244843117217365,0.0272016011644832,0.5204113924050633,0.0533776630938203,2.7605211083204355,0.0178230523101168,0.0156555725692711,1.4481381354473315,598441000.0,341759000.0,219319000.0,757554000.0,79106500.0,10857999.5,0.5,59.45662961492656,17.640390119869235,2.1794406102433708e-06,1.51370840531811,5.101927983929823,41295000.0,0.0336916462715254,0.0271219499515994,2018-05-08,0.06,amc,99752397.0,2025-04-25,2018-03-31,0.6666666666666669,22.47295081967213,2673455.0327868853
2017-12-31,ETSY,USD,1370637,2018-03-01,2018-02-28 17:34:39,2017,Q4,136268000.0,44220000.0,92048000.0,0.675492412,17788000,18218000.0,34590000.0,52808000.0,-24000.0,70596000.0,114816000.0,758000.0,2935000.0,6577000.0,28900000.0,0.2120820736,18290000.0,0.1342208002,-24000.0,18266000.0,0.1340446767,-26484000.0,44707000.0,0.3280814278,0.37,0.36,121586991,124818322,https://www.sec.gov/Archives/edgar/data/1370637/000137063718000020/0001370637-18-000020-index.htm,https://www.sec.gov/Archives/edgar/data/1370637/000137063718000020/etsy1231201710k.htm,1.120744899427604,0.3676955867753977,0.2886657504337779,0.2784508418338932,2.8008753008782,3.2642801399699084,2.913576502604625,3.2642801399699084,0.5995460484748735,2486453965.95,2240973965.95,13.904164705471178,18.24679283434115,70.84318097754857,73.44204767101843,6.264780938865289,6.264780938865289,16.445342750682478,77.54235176297577,63.84905025784944,66.19133878633033,0.0179802242921954,0.0136161780847869,0.17627376579137,0.1155283421099997,-8.494117647058824,4.286464279789612,6.231686541737649,0.7843128491620112,0.0136089388596709,0.7568837094862102,0.1336924296239763,0.1305368832007514,0.0704131390742474,0.0353866317169069,0.0091143922270819,0.1888398966093963,0.0439648340035811,5.196718342663381,0.0870577494673458,0.0794167072273875,1.5677026664801663,336787000.0,354253000.0,230575000.0,497045000.0,75349000.0,10431500.0,0.5,51.73738515278715,27.724559023066487,0.0,1.739554477564307,3.2462193510497723,0.0,0.1126421664222689,0.0102149085998846,2018-02-27,0.08,amc,34074999.0,2025-04-25,2017-12-31,0.8749999999999999,17.64190476190476,1978112.2698412696
2017-09-30,ETSY,USD,1370637,2017-11-08,2017-11-08 16:10:51,2017,Q3,106380000.0,36383000.0,69997000.0,0.6579902237,16958000,22094000.0,23520000.0,45614000.0,5815000.0,62572000.0,98955000.0,654000.0,2908000.0,7022000.0,16213000.0,0.1524064674,7425000.0,0.0697969543,5815000.0,13240000.0,0.1244594849,-12562000.0,25752000.0,0.2420755781,0.22,0.21,119592191,123224559,https://www.sec.gov/Archives/edgar/data/1370637/000137063717000119/0001370637-17-000119-index.htm,https://www.sec.gov/Archives/edgar/data/1370637/000137063717000119/etsy9301710q.htm,0.8895229622475935,0.2153317853337096,0.1410961690634131,0.1267390443578377,2.597953908211281,2.9116867672405133,2.552833905350893,2.9116867672405133,0.6243133383182184,2018716184.08,1830183184.08,19.59766410453557,18.9764634713292,119.63471518786297,133.1870544355743,5.797326893097655,5.797326893097655,17.204203648054143,112.88368494911492,108.46172715894276,120.74837923599657,0.0127566223538927,0.0075082372249903,0.2060652183277573,0.1249952095766659,-11.628507987417503,4.255364601600612,2.5533012379642366,0.6539803116037517,0.0,0.0,0.2076894153036285,0.1594096634705771,0.074758475565357,0.1017541780253644,0.0161402519270539,0.2445172315579607,0.0706993795826283,3.755931438838419,0.0293463535333438,0.0484838443667089,1.1632887510188687,306294000.0,305299000.0,174536000.0,473753000.0,66218500.0,7418000.0,0.5,61.22081218274111,17.911936893604157,2.4736827639282083e-06,1.4700883047966502,5.024582240022096,36383000.0,0.0739543098373131,0.0143571247055754,2017-11-06,0.05,amc,30400000.0,2025-04-25,2017-09-30,1.3999999999999997,15.776984126984129,1587662.761904762
2017-06-30,ETSY,USD,1370637,2017-08-07,2017-08-07 16:34:59,2017,Q2,101692000.0,35724000.0,65968000.0,0.6487039295,21754000,28411000.0,27521000.0,55932000.0,13950000.0,77686000.0,113410000.0,543000.0,2696000.0,6660000.0,6202000.0,0.0609880817,-11718000.0,-0.1152303033,13950000.0,2232000.0,0.0219486292,-9437000.0,11652000.0,0.1145812847,0.1,0.1,116933216,120723938,https://www.sec.gov/Archives/edgar/data/1370637/000137063717000102/0001370637-17-000102-index.htm,https://www.sec.gov/Archives/edgar/data/1370637/000137063717000102/etsy6301710q.htm,0.8696587973771285,0.0996466222223803,0.1038113926499721,0.0735291501774825,2.456427778399595,2.6363680957855467,2.270868869286893,2.6363680957855467,0.6576403406197261,1753998240.0,1601317240.0,37.63298661174047,17.248143806789127,144.49281159897848,204.00072575017447,5.689645548350682,5.689645548350682,15.746737599811194,258.1936859077717,131.91508690995963,186.2429913933473,0.0066431081481586,0.0049019433451655,0.2407040375763512,0.1338656400579451,-24.61802644308288,4.259634980299805,-4.346439169139466,1.0402776587539635,0.0,0.0,0.2793828423081461,0.2139204657200173,0.0771020914025728,0.2917044237581349,0.0348208315305038,0.5316816816816817,0.0802619675097352,2.4312273552256007,-0.127448339134107,0.0227765853887383,0.7376475474684627,287904000.0,265540000.0,130190000.0,459717000.0,59725500.0,6983000.0,0.0,53.16701412107148,19.13419549882432,0.0,1.6927789060159135,4.703620803159974,0.0,0.0377969307023832,0.0302822424724895,2017-08-03,0.01795,amc,30510000.0,2025-04-25,2017-06-30,4.571030640668524,12.408492063492064,2733060.492063492
2017-03-31,ETSY,USD,1370637,2017-05-02,2017-05-02 16:28:08,2017,Q1,96891000.0,34659000.0,62232000.0,0.6422887575,18116000,22763000.0,23454000.0,46217000.0,0.0,64333000.0,98992000.0,439000.0,2591000.0,6938000.0,4837000.0,0.0499220774,-2101000.0,-0.0216841606,628000.0,-1473000.0,-0.0152026504,-1052000.0,-421000.0,-0.0043450888,-0.0036,-0.0036,115696024,115696024,https://www.sec.gov/Archives/edgar/data/1370637/000137063717000047/0001370637-17-000047-index.htm,https://www.sec.gov/Archives/edgar/data/1370637/000137063717000047/etsy3311710q.htm,0.8374617955756197,-0.0036388458777114,0.028600809998449,-0.0289292568947745,2.385146787758238,2.5501999965011763,2.186903155807671,2.5501999965011763,0.6355879610867181,1229848735.12,1105985735.12,-730.3139757244656,12.693116338153184,371.667795442732,-367.4480833940843,4.1683005311678105,4.1683005311678105,11.414741669711326,228.6511753400869,334.23564071320646,-330.4409127935465,-0.0003423185209512,-0.0027214728969684,0.2404490116862341,0.1336702220865623,-25.60740128178623,4.377410570157603,-0.8108838286375917,-7.859857482185273,0.0,0.0,0.2349341012065104,0.1869729902674139,0.0791952353228234,2.011483831973406,0.068695750895336,0.9593542807725568,0.0504174794356545,,-0.0012967238572375,-0.0008614568647471,0.7329011582973672,274087000.0,253016000.0,119549000.0,443287000.0,57810000.0,8674500.0,0.5,55.15403907483667,16.54375486886523,0.0,1.631793455378345,5.440119290535238,0.0,-0.0014268864727095,0.0575300668932235,2017-05-02,-0.00182,amc,206136571.0,2025-04-25,2017-03-31,1.0,11.725806451612904,1653238.161290323
2016-12-31,ETSY,USD,1370637,2017-02-28,2017-02-28 16:42:03,2016,Q4,110209000.0,37005000.0,73204000.0,0.6642288742,16116000,22625000.0,31011000.0,53636000.0,-20048000.0,69752000.0,106757000.0,389000.0,2415000.0,6905000.0,-7276000.0,-0.0660200165,3452000.0,0.0313223058,-20048000.0,-16596000.0,-0.1505866127,4787000.0,-21383000.0,-0.1940222668,-0.19,-0.19,115296380,115296380,https://www.sec.gov/Archives/edgar/data/1370637/000137063717000018/0001370637-17-000018-index.htm,https://www.sec.gov/Archives/edgar/data/1370637/000137063717000018/etsy1231201610k.htm,0.9558756311342992,-0.185461156716282,0.1606121545186414,0.1158926238620848,2.446616277111215,2.9901806110478057,2.6158063245350807,2.9901806110478057,0.6236102122200194,1358191356.4,1246084356.4,-15.879335878969274,12.323778969049714,73.34438688843287,101.64581323155215,3.939561361770754,3.939561361770754,11.306557145060747,-171.259532215503,67.29043937790257,93.25582670258942,-0.015743731469973,0.0098380835197015,0.2015477568258222,0.1195558102041834,15.407778999450247,4.4166269879059135,1.429399585921325,-0.8660150586914839,0.0006376126573912,-0.0404994621895898,0.2052917638305401,0.1462312515311816,0.0742679282097341,0.2784317960902905,0.0467838379805642,0.7467052860246198,0.0391165875745175,,0.0087065991511598,-0.0397432108678156,0.7617953876782602,287024000.0,301593000.0,134596000.0,456595000.0,55654500.0,9150500.0,0.5,45.92973350633795,26.699635184434538,2.432103769760843e-06,1.9595149618619203,3.370832574239388,37005000.0,-0.0620233961891999,0.0447195306565566,2017-02-28,-0.00271,amc,11599999.0,2025-04-25,2016-12-31,-12.070110701107009,12.939206349206348,1562947.825396825
2016-09-30,ETSY,USD,1370637,2016-11-03,2016-11-03 16:16:11,2016,Q3,87562000.0,29314000.0,58248000.0,0.6652200726,14897000,21942000.0,18736000.0,40678000.0,-709000.0,55575000.0,84889000.0,402000.0,2448000.0,5786000.0,7359000.0,0.0840433065,2673000.0,0.0305269409,-709000.0,1964000.0,0.0224298212,4363000.0,-2399000.0,-0.0273977296,-0.0211,-0.0211,113757212,113757212,https://www.sec.gov/Archives/edgar/data/1370637/000137063716000124/0001370637-16-000124-index.htm,https://www.sec.gov/Archives/edgar/data/1370637/000137063716000124/etsy930201610q.htm,0.7697270217909349,-0.0210887728155644,0.0809267371988687,-0.013177186515436,2.376710849770123,3.027992633996691,2.618902087719942,3.027992633996691,0.6113898079710322,1624452987.36,1503524987.36,-169.28438801167152,18.55203155889541,176.45589695416032,-1083.691118985991,4.715995620224354,4.715995620224354,17.170975849797856,204.31104597907324,163.3201159417771,-1003.0186706871248,-0.0014768048190171,-0.0009227721649465,0.1948057226467241,0.1178880571186628,-16.432667481994837,4.555492536543865,1.0919117647058822,-3.8374322634431017,0.0,0.0,0.2505881546789703,0.1701308786916699,0.0817584649359365,1.1628285900499673,0.1222562298714054,1.8501555478741791,0.0466526575455106,,-0.0064686291880775,-0.0045899468874841,0.7641054001921215,275828000.0,297919000.0,128661000.0,446073000.0,48769500.0,18931500.0,0.5,56.59920970283913,22.48311387050556,0.0,1.590128209784622,4.0030042332377445,0.0,-0.0069646050584109,0.0941039237143048,2016-11-01,-0.01667,amc,87600000.0,2025-04-25,2016-09-30,0.1997600479904019,12.654453125,1650758.234375
2016-06-30,ETSY,USD,1370637,2016-08-04,2016-08-04 16:08:49,2016,Q2,85349000.0,29098000.0,56251000.0,0.659070405,11840000,22537000.0,17205000.0,39742000.0,-7719000.0,51582000.0,80680000.0,470000.0,1803000.0,5103000.0,3856000.0,0.0451792054,4669000.0,0.0547048003,-7719000.0,-3050000.0,-0.0357356267,4261000.0,-7311000.0,-0.0856600546,-0.0647,-0.0647,113045888,113045888,https://www.sec.gov/Archives/edgar/data/1370637/000137063716000098/0001370637-16-000098-index.htm,https://www.sec.gov/Archives/edgar/data/1370637/000137063716000098/etsy630201610q.htm,0.7549942904601714,-0.0646728521430164,0.152584055069743,-0.0141712363743827,2.46094754017059,2.9458922026425234,2.6803009411540915,2.9458922026425234,0.5961561379393119,1084110065.92,982218065.92,-37.0711963452332,12.702082811983738,62.85060385645544,-676.722887590512,3.255380489278454,3.255380489278454,11.508255116287245,254.7246021576764,56.94347880572787,-613.1198913358303,-0.0067437802026086,-0.0014777097366405,0.1969545464099861,0.119047619047619,-26.42427385892116,4.65403765886916,2.5895729339988907,-2.35932157023663,0.0,0.0,0.2640569895370772,0.1387245310431288,0.054494369786335,1.0928749492724217,0.2208696059707788,3.694101508916323,0.0500064441293981,,0.0231814583152803,-0.0140344613116491,0.8148881142850591,272266000.0,302997000.0,128842000.0,428044000.0,43591500.0,34786000.0,0.5,44.78751947884568,94.46010035053956,3.0929960822049623e-06,2.009488380853719,0.9527832351015062,29098000.0,-0.0219535704955543,0.1667552914441257,2016-08-02,-0.008,amc,14216666.0,2025-04-25,2016-06-30,6.5,8.923515625,1619517.53125
2016-03-31,ETSY,USD,1370637,2016-05-05,2016-05-05 16:16:53,2016,Q1,81847000.0,27911000.0,53936000.0,0.6589856684,12230000,19076000.0,15847000.0,34923000.0,8023000.0,47153000.0,75064000.0,441000.0,538000.0,4731000.0,11514000.0,0.1406771171,6783000.0,0.0828741432,8023000.0,14806000.0,0.1808985057,13614000.0,1185000.0,0.0144782338,0.01,0.01,118500000,119200000,https://www.sec.gov/Archives/edgar/data/1370637/000137063716000054/0001370637-16-000054-index.htm,https://www.sec.gov/Archives/edgar/data/1370637/000137063716000054/etsy331201610q.htm,0.6906919831223629,0.01,0.0150717299578059,-0.0949535864978902,2.2757637130801687,2.780852320675105,2.518759493670886,2.780852320675105,0.549789029535865,1030950000.0,937181000.0,217.5,12.596063386562731,577.2396416573348,-91.62371134020616,3.128537224115485,3.128537224115485,11.450401358632568,81.39491054368594,524.7374020156774,-83.29017063633131,0.0011494252873563,-0.010914205344585,0.19607260014991,0.1176526286654915,-8.143911759597012,4.403004175338357,12.607806691449817,1.498322147651007,0.0,0.0,0.2330690190232995,0.1494251469204735,0.056553818812184,7.300111982082867,0.1592972253106405,2.755865567533291,0.0395494031546666,0.7910068091691113,0.0011428295495418,0.0022871237826132,0.7051940928270042,263253000.0,298473000.0,120967000.0,410791000.0,32492500.0,36338000.0,0.5,49.16368345815974,125.86005517537887,0.0,1.830619548199508,0.7150799344127895,0.0,0.0035960197978338,0.1100253164556962,2016-05-03,-0.00824,amc,163600000.0,2025-04-25,2016-03-31,1.4271844660194173,8.000655737704918,1526150.4426229508
2015-12-31,ETSY,USD,1370637,2016-03-01,2016-03-01 12:29:05,2015,Q4,87895000.0,30196000.0,57699000.0,0.6564537232,11207000,15600000.0,22476000.0,38076000.0,-6308000.0,49283000.0,79479000.0,207000.0,470000.0,4509000.0,12925000.0,0.1470504579,8416000.0,0.0957506115,-6308000.0,2108000.0,0.0239831617,6340000.0,-4232000.0,-0.0481483588,-0.0379,-0.0379,111677599,111677599,https://www.sec.gov/Archives/edgar/data/1370637/000137063716000032/0001370637-16-000032-index.htm,https://www.sec.gov/Archives/edgar/data/1370637/000137063716000032/etsy1231201510k.htm,0.7870423503642839,-0.0378947975054513,0.0913701592026526,0.0557139485063607,2.6224059491107075,2.9593938530143364,2.6851848775867757,2.9593938530143364,0.5861067983741305,922456967.74,716197967.74,-54.49296832112476,10.494987971329428,90.4015060505684,148.257307576342,2.7911121027661285,2.7911121027661285,8.148335715797257,55.41183502823985,70.18796234221874,115.10735579234972,-0.0045877478820159,0.0067450300855158,0.1966275136309448,0.117500601199506,-15.958143133462285,4.481340955043558,17.906382978723403,-2.4111531190926274,0.0,0.0,0.1774844985494055,0.1275044086694351,0.0553700224749168,0.3902391219129753,0.0453040559758803,0.8831226436016855,0.0127879856647135,,-0.0353064755288899,-0.0081004827367075,0.7656616122271754,278932000.0,299875000.0,136491000.0,414576000.0,26660000.0,26956500.0,0.5,20.760566585129983,100.27685786196848,2.980527222148629e-06,4.3351418002466096,0.8975151587207228,30196000.0,-0.0128049186379342,0.0356562106962919,2016-02-23,-0.00999,amc,21975000.0,2025-04-25,2015-12-31,-6.005005005005005,10.14609375,1001286.5
2015-09-30,ETSY,USD,1370637,2015-11-05,2015-11-05 16:10:59,2015,Q3,65696000.0,24165000.0,41531000.0,0.6321693863,11406000,15250000.0,16542000.0,31792000.0,-1129000.0,43198000.0,67363000.0,59000.0,512000.0,4968000.0,2684000.0,0.0408548466,-1667000.0,-0.025374452,-1129000.0,-2796000.0,-0.0425596688,4095000.0,-6891000.0,-0.1048922309,-0.0619,-0.0619,111329917,111329917,https://www.sec.gov/Archives/edgar/data/1370637/000137063715000019/0001370637-15-000019-index.htm,https://www.sec.gov/Archives/edgar/data/1370637/000137063715000019/etsy930201510q.htm,0.59010193998438,-0.0618971089325432,0.0482799246136148,-0.0162669662279547,2.57574071487002,2.899436276414362,2.6133586356666374,2.899436276414362,0.5679515596872312,1524106563.73,1320541563.73,-55.293374101364094,23.19938144985996,283.5547095311628,-841.5828623578134,4.721607476378123,4.721607476378123,20.100790972509746,492.00505355067065,245.6821513916279,-729.1781136002209,-0.0045213373946342,-0.0011882371240288,0.1942972917712225,0.1164418023062598,-75.84388971684054,5.01786996868446,-3.255859375,-0.7800029023363808,0.0,0.0,0.2321298100340964,0.1736178762786166,0.0591306317429138,1.3369302325581396,0.1093826108134437,1.4464573268921097,0.0444928153921091,,-0.0086779585117553,-0.0135978309772442,0.8597307226951404,279700000.0,290945000.0,133487000.0,406204000.0,29000000.0,13112000.0,0.0,45.26987944471505,75.48975791433892,0.0,1.9880768648812224,1.1922147121219595,0.0,-0.0213479804457331,0.0645468908415695,2015-11-03,-0.04,amc,65700000.0,2025-04-25,2015-09-30,0.4999999999999999,15.72203125,1212756.46875
2015-06-30,ETSY,USD,1370637,2015-08-06,2015-08-06 16:02:09,2015,Q2,61365000.0,21909000.0,39456000.0,0.6429723784,10072000,17632000.0,15543000.0,33175000.0,2346000.0,43247000.0,65156000.0,43000.0,351000.0,4732000.0,1241000.0,0.0202232543,-3791000.0,-0.0617778864,2346000.0,-1445000.0,-0.0235476249,4909000.0,-6354000.0,-0.1035443657,-0.0658,-0.0658,96503149,96503149,https://www.sec.gov/Archives/edgar/data/1370637/000137063715000007/0001370637-15-000007-index.htm,https://www.sec.gov/Archives/edgar/data/1370637/000137063715000007/etsy630201510q.htm,0.6358859854407445,-0.0658424110077485,0.0490864811053989,-0.0067355315006352,3.001943490983906,3.3756515033514605,3.040615804153707,3.3756515033514605,0.654476052382498,1355869243.45,1150522243.45,-53.347074419656906,22.095155926831257,286.2295215220604,-2085.95268223077,4.162159507890754,4.162159507890754,18.74883473396888,927.0928633763094,242.87993317500528,-1770.0342206923078,-0.0046862925984162,-0.0004793972598316,0.1928039268052345,0.1187009570463101,-165.4689766317486,6.573061240117158,-10.8005698005698,-0.7455146364494807,0.0,0.0,0.2873299111871588,0.1641326489040984,0.0611043074643564,1.1372176483006122,0.0877861973437627,1.1384192730346576,0.0459545343436812,,-0.0346631106779471,-0.012789958051192,1.0885266552286288,291120000.0,293429000.0,139990000.0,408898000.0,25781500.0,6506500.0,0.0,36.59985333659252,24.462549637135425,0.0,2.459026247245041,3.6790931989924434,0.0,-0.0195050972952563,0.0558220126060342,2015-08-04,-0.0736,amc,70171428.0,2025-04-25,2015-06-30,0.0869565217391304,19.22433962264151,1944054.0566037733
2015-03-31,ETSY,USD,1370637,2015-05-22,2015-05-21 18:51:53,2015,Q1,58543000.0,20709000.0,37834000.0,0.646260014,10009000,20457000.0,12210000.0,32667000.0,-21019000.0,42676000.0,63385000.0,15000.0,193000.0,4341000.0,-21327000.0,-0.3642963292,-4842000.0,-0.0827084365,-21019000.0,-25861000.0,-0.4417436756,10725000.0,-36586000.0,-0.6249423501,-0.33,-0.33,110962515,110962515,https://www.sec.gov/Archives/edgar/data/1370637/000162828015004429/0001628280-15-004429-index.htm,https://www.sec.gov/Archives/edgar/data/1370637/000162828015004429/etsy331201510q.htm,0.5275925838559085,-0.3297149492330811,0.0801622061287994,0.0415906218419797,0.831560099372297,0.4947797010549012,0.199643996893906,0.4947797010549012,0.5174990851640304,3328875450.0,3315366450.0,-22.746921295030887,56.862057803665685,374.241197301855,721.3164572047671,60.6330452442534,60.6330452442534,56.63130434039937,-155.4539527359685,372.722478920742,718.3892632719393,-0.0109904983077693,0.0013863540613993,1.0424028268551238,0.1727114153101442,0.6334224222816148,3.0360602569026587,-25.088082901554404,-0.2431257858197124,0.0,0.0,0.3494354576977606,0.1709683480518593,0.09883148942848,0.4811691961776279,0.0731086551765369,0.985947938263073,0.0678817279606443,,-0.0238946982137731,-0.1225197831306741,-1.4800673903254626,95422000.0,22153000.0,-134172000.0,206609000.0,21006000.0,7644500.0,0.0,40.90531745896179,30.67362016514559,0.0,2.200202946482261,2.934117313686597,0.0,-0.6663873811518706,0.0385715842868197,2015-05-19,-0.02143,amc,1580661000.0,2025-04-25,2015-03-31,4.599626691553896,,
2014-12-31,ETSY,USD,1370637,2014-12-31,2014-12-30 19:00:00,2014,Q4,64912000.0,22779000.0,42133000.0,0.6490787528,9723000,17621000.0,14613000.0,32234000.0,0.0,41957000.0,64736000.0,11000.0,235000.0,4731000.0,4918000.0,0.0757641114,176000.0,0.0027113631,-2431000.0,-2255000.0,-0.0347393394,3103000.0,-5358000.0,-0.0825425191,-0.0572,-0.0572,93694906,93694906,,,0.6928018050415675,-0.0571856062270877,0.0010779668213766,-0.0275682009862948,0.9482159040748704,1.5926159315427455,1.205817955567403,1.5926159315427455,0.5918998413851869,2810847180.0,2796411180.0,-131.15188409854423,43.30242759428149,27830.1700990099,-1088.2102903600464,18.83693325291516,18.83693325291516,43.08003420014789,568.6073973159821,27687.239405940592,-1082.6214401858304,-0.0019061868742362,-0.0009189400328764,0.3700777375686905,0.2216589399321653,-2.93533956893046,3.1359129616674304,0.7489361702127659,-0.0188503172825681,0.0,0.0,0.2714598225289623,0.1497874044860734,0.1454673169165312,26.574257425742573,0.0413482869115109,0.5673219192559713,0.062268917919645,,0.0019967119747401,-0.0251674542260467,0.0051336835750707,88540000.0,112979000.0,30078000.0,200319000.0,14162000.0,7133000.0,0.0,21.357530194725165,32.5207427894113,0.0,4.213970397299403,2.7674644636131696,0.0,-0.0359067149175713,0.0286461678076714,2014-12-30,,amc,,2025-04-25,2014-12-31,,,
2014-09-30,ETSY,USD,1370637,2014-09-30,2014-09-29 20:00:00,2014,Q3,47634000.0,18115000.0,29519000.0,0.6197044128,10077000,13686000.0,8808000.0,22494000.0,0.0,32571000.0,50686000.0,12000.0,177000.0,4465000.0,446000.0,0.00936306,-3052000.0,-0.0640718814,-1144000.0,-4196000.0,-0.0880883403,2075000.0,-6271000.0,-0.131649662,-0.0669,-0.0669,93694906,93694906,,,0.5083947680143892,-0.0669299993747792,0.0541331457229916,0.0320188164765328,0.9566155069305476,1.612062026082827,1.0753092702819935,1.612062026082827,0.0224451903500495,2810847180.0,2741574180.0,-112.05737442194228,59.00926187177226,554.1891127760252,936.94906,18.609705777201043,18.609705777201043,57.554985514548434,6147.027309417041,540.5311869085174,913.85806,-0.0022309999791593,0.001067293882551,0.0127514201347969,0.0081022754521246,-155.32062780269058,3.8242310106716886,-17.242937853107346,-0.8088024238558443,0.0,0.0,0.2873157828441869,0.2115505731200403,0.2115636171653815,0.4085173501577287,0.0434983415207624,0.464053751399776,0.057668891967922,,-0.022037253522236,-0.0334596092548308,0.1350233490815391,89980000.0,100751001.0,35171000.0,198485999.0,11789500.0,4064000.0,0.5,24.41113490364026,29.98343913883522,0.0,3.6868421052631577,3.0016570008285006,0.0,-0.0415182532010963,0.0221143292464587,2015-03-04,,bmo,,2025-04-25,2014-09-30,,,
2014-06-30,ETSY,USD,1370637,2014-06-30,2014-06-29 20:00:00,2014,Q2,42509000.0,17345000.0,25164000.0,0.5919687596,8792000,11400000.0,8766000.0,20166000.0,0.0,28958000.0,46303000.0,14000.0,121000.0,4132000.0,694000.0,0.0163259545,-3794000.0,-0.0892516879,235000.0,-3559000.0,-0.0837234468,-408000.0,-3151000.0,-0.0741254793,-0.0336,-0.0336,93694906,93694906,,,0.4536959565336455,-0.033630430239185,0.007791245342623,-0.0137894369625601,0.9420149266172484,1.676238417913563,1.115108659162324,1.6762384072406242,0.0159026788500113,2810847180.0,2743766180.0,-223.01231196445573,66.12357806582135,3850.475589041096,-2175.5783126934984,17.897215497755564,17.897215497755564,64.545535768896,3953.553573487032,3758.583808219178,-2123.6580340557275,-0.0011210143413061,-0.000459647898752,0.0087166916048518,0.0061114434434791,-96.6585014409222,4.835400645001241,-31.355371900826448,-0.2316724849254205,0.0,0.0,0.2681785033757557,0.2068267896210214,0.2347035347267484,2.76986301369863,0.0475663977040156,0.489351403678606,0.0490484368016184,,-0.0167297187438839,-0.0183805729418833,0.3127731565257133,92763000.0,104480001.0,49998001.0,192505000.0,5329500.0,1046500.0,0.5,22.567221059069844,10.860190256558086,5.188815220524647e-06,3.988085186227601,8.287147634973723,17345000.0,-0.0200630352424309,0.0215806823051831,2014-06-29,,amc,,2025-04-25,2014-06-30,,,
2014-03-31,ETSY,USD,1370637,2014-03-31,2014-03-30 20:00:00,2014,Q1,40536000.0,15394000.0,25142000.0,0.6202388001,8042000,9213000.0,7468000.0,16681000.0,0.0,24723000.0,40117000.0,4000.0,57000.0,3895000.0,3702000.0,0.0913262285,419000.0,0.010336491,-669000.0,-250000.0,-0.0061673574,213000.0,-463000.0,-0.0114219459,-0.0049,-0.0049,93694906,93694906,,,0.4326382482309123,-0.0049415706762115,0.0660014536969597,0.036053187352576,0.5856241533557865,0.0,0.0,0.9140624998332352,0.0006083575130541,2810847180.0,2865717180.0,-1517.7360583153347,69.34199674363529,454.5354430789134,832.1039609236234,32.82051282650071,32.82051282650071,70.695608348135,774.0997244732577,463.4083408796896,848.3473001776199,-0.0001647190225403,0.0012017729117525,0.0,0.0,14.821717990275529,0.0,7.350877192982456,-13.356371490280775,0.0,0.0,0.2272794552989935,0.1983915531872903,0.0,0.453751617076326,0.0692224195776593,0.720410783055199,0.0290112492599171,,0.0,0.0,0.5856241533557865,54870000.0,0.0,54870000.0,54870000.0,5551000.0,2673000.0,0.5,0.0,0.0,0.0,0.0,0.0,0.0,-0.0054061627920553,0.0299482663443837,2014-03-30,,amc,,2025-04-25,2014-03-31,,,
2013-12-31,ETSY,USD,1370637,2013-12-31,2013-12-30 19:00:00,2013,Q4,41557000.0,16221000.0,25336000.0,0.6096686479,14063000,8497000.0,7620000.0,16817000.0,0.0,23930000.0,40151000.0,95000.0,0.0,1848000.0,3304000.0,0.0795052578,1456000.0,0.0350362153,-145000.0,1311000.0,0.0315470318,4147000.0,-2836000.0,-0.0682436172,-0.0861,-0.0861,32943417,32943305,,,1.261465985753694,-0.0860870018431907,0.1952438631366017,0.151471840337631,1.665583142149462,2.5996999643358185,2.061413362190085,2.5996999643358185,0.001153492972511,988302510.0,951545510.0,-87.12116625528914,23.7818540799384,153.65399720149253,198.0566152304609,11.53979321135411,11.53979321135411,22.897358086483624,287.9980357142857,147.93928949004976,190.69048296593184,-0.0028695667281063,0.0050490613445877,0.0004437023457842,0.0003579536355843,-11.125,3.995265102242573,0.0,-2.267983074753173,0.0,0.0,0.2044661549197488,0.3384026758428183,0.1670418899951959,0.2241915422885572,0.0346993286329619,0.7803030303030303,0.0231489279784392,,-0.0359059388394458,-0.0320720150182073,1.295569931315868,57566000.0,67910000.0,56269000.0,86512000.0,,,,24.043602762470822,29.66154984279637,5.54836323284631e-06,3.743199423527293,3.034231200897868,16221000.0,-0.0331142066485293,0.0437720227989707,2013-12-30,,amc,,2025-04-25,2013-12-31,,,
2013-09-30,ETSY,USD,1370637,2013-09-30,2013-09-29 20:00:00,2013,Q3,29956000.0,11524000.0,18432000.0,0.6153024436,7050000,7828000.0,4088000.0,11916000.0,0.0,19086000.0,30610000.0,24000.0,0.0,1482000.0,948000.0,0.0316464147,-534000.0,-0.017826145,-144000.0,-678000.0,-0.0226331954,1870000.0,1192000.0,0.0397916945,0.0366,0.0366,32575426,32575221,,,0.9195888950155248,0.0365920003624818,0.106061544674811,0.0202913693285239,,,,,,977262780.0,,204.96283137583893,32.6232734677527,282.8546396526773,1478.4610892586988,0.0,0.0,,,,,0.001219733345416,0.0006763789776174,0.0,0.0,,0.0,0.0,2.898489932885906,0.0,0.0,0.2613165976765923,0.2353451729202831,0.0,0.8086830680173661,0.0932701295233008,1.885290148448043,0.035852583789558,,0.0,0.0,,,,,,,,,,,,0.0,0.0,0.0,0.0,0.0857701753462871,2013-09-29,,amc,,2025-04-25,2013-09-30,,,
2013-06-30,ETSY,USD,1370637,2013-06-30,2013-06-29 20:00:00,2013,Q2,27364000.0,10475000.0,16889000.0,0.6171977781,6750000,7474000.0,3180000.0,10654000.0,0.0,17575499.0,28050499.0,68500.0,0.0,1375000.0,860000.0,0.0314281538,-515000.0,-0.0188203479,-240000.0,-755000.0,-0.0275909955,1865000.0,1110000.0,0.040564245,0.0296,0.0296,37443076,37442398,,,0.7308160259055639,0.0296450003199523,0.0888682329411184,0.0417834261266355,,,,,,1123292280.0,,252.9937567567567,41.05000292354919,337.5784462809917,717.9880345158198,0.0,0.0,,,,,0.0009881666773317,0.0013927808708878,0.0,0.0,,0.0,0.0,2.997747747747748,0.0,0.0,0.2731325829557082,0.2466744627978365,0.0,0.5298271975957927,0.064427715246309,1.282181818181818,0.0314646981435462,,0.0,0.0,,,,,,,,,,,,0.0,0.0,0.0,0.0,0.0470848068144828,2013-06-29,,amc,,2025-04-25,2013-06-30,,,
2013-03-31,ETSY,USD,1370637,2013-03-31,2013-03-30 20:00:00,2013,Q1,26754000.0,10017000.0,16737000.0,0.625588697,8406500,6492000.0,3071000.0,10113000.0,0.0,16956000.0,26973000.0,68500.0,0.0,1375000.0,1281000.0,0.0478806907,-94000.0,-0.0035134933,-193500.0,-287500.0,-0.0107460567,711500.0,175000.0,0.006541078,0.0047,0.0047,37449176,37442398,,,0.7144082422534477,0.0046730000147399,0.0888537574231272,0.0417766201317754,,,,,,1123475280.0,,1604.9646857142857,41.99279659116394,337.6334425244178,718.1050047938638,0.0,0.0,,,,,0.0001557666671579,0.0013925540043925,0.0,0.0,,0.0,0.0,7.847877358490566,0.0,0.0,0.2426553038797936,0.3142146968677581,0.0,0.5298271975957927,0.0658966883456679,1.282181818181818,0.0336024519697989,,0.0,0.0,,,,,,,,,,,,0.0,0.0,0.0,0.0,0.0470771372913518,2013-03-30,,amc,,2025-04-25,2013-03-31,,,
