date,symbol,reportedCurrency,cik,fillingDate,acceptedDate,calendarYear,period,revenue,costOfRevenue,grossProfit,grossProfitRatio,researchAndDevelopmentExpenses,generalAndAdministrativeExpenses,sellingAndMarketingExpenses,sellingGeneralAndAdministrativeExpenses,otherExpenses,operatingExpenses,costAndExpenses,interestIncome,interestExpense,depreciationAndAmortization,ebitda,ebitdaratio,operatingIncome,operatingIncomeRatio,totalOtherIncomeExpensesNet,incomeBeforeTax,incomeBeforeTaxRatio,incomeTaxExpense,netIncome,netIncomeRatio,eps,epsdiluted,weightedAverageShsOut,weightedAverageShsOutDil,link,finalLink,revenuePerShare,netIncomePerShare,operatingCashFlowPerShare,freeCashFlowPerShare,cashPerShare,bookValuePerShare,tangibleBookValuePerShare,shareholdersEquityPerShare,interestDebtPerShare,marketCap,enterpriseValue,peRatio,priceToSalesRatio,pocfratio,pfcfRatio,pbRatio,ptbRatio,evToSales,enterpriseValueOverEBITDA,evToOperatingCashFlow,evToFreeCashFlow,earningsYield,freeCashFlowYield,debtToEquity,debtToAssets,netDebtToEBITDA,currentRatio,interestCoverage,incomeQuality,dividendYield,payoutRatio,salesGeneralAndAdministrativeToRevenue,researchAndDdevelopementToRevenue,intangiblesToTotalAssets,capexToOperatingCashFlow,capexToRevenue,capexToDepreciation,stockBasedCompensationToRevenue,grahamNumber,roic,returnOnTangibleAssets,grahamNetNet,workingCapital,tangibleAssetValue,netCurrentAssetValue,investedCapital,averageReceivables,averagePayables,averageInventory,daysSalesOutstanding,daysPayablesOutstanding,daysOfInventoryOnHand,receivablesTurnover,payablesTurnover,inventoryTurnover,roe,capexPerShare,report_date,epsEstimated,time,revenueEstimated,updatedFromDate,fiscalDateEnding,surprise(%),QuarterAvgPrice,QuarterAvgVolume
2024-12-31,EVRG,USD,1711269,2025-02-27,2025-02-26 17:36:21,2024,Q4,1257400000.0,650400000.0,607000000.0,0.4827421664,0,0.0,0.0,0.0,384800000.0,384800000.0,1035200000.0,0.0,142400000.0,291900000.0,508900000.0,0.4047240337,222200000.0,0.176713854,-147600000.0,74600000.0,0.0593287737,-4700000.0,78200000.0,0.0621918244,0.34,0.34,230300000,230600000,https://www.sec.gov/Archives/edgar/data/1711269/000171126925000004/0001711269-25-000004-index.htm,https://www.sec.gov/Archives/edgar/data/54476/000171126925000004/evrg-20241231.htm,5.459834997828919,0.3395570994355188,1.7177594442032131,-0.5149804602692141,0.0955275727312201,43.3747286148502,33.22883195831524,43.22622666087712,61.71037776812853,14174965000.0,28222465000.0,45.31638427109974,11.2732344520439,35.8315596562184,-119.51909780775716,1.4239040683073831,1.4239040683073831,22.4450970256084,55.45778148948713,71.34091253791709,-237.96344856661045,0.0055167684717387,-0.0083668636924323,1.4133098945253642,0.4358297632434073,27.60365494203183,0.5022116644823067,1.5603932584269662,4.865928659286593,0.0108289509004078,1.962915601023018,0.0,0.0,0.0723806691634063,1.2997977755308392,0.4089390806425958,1.761562178828366,0.0029425799268331,18.172778358068115,0.0073354926539373,0.0026114107294919,-93.98534520191056,-1823100000.0,7652600000.0,-20453600000.0,25444400000.0,331200000.0,490050000.0,843150000.0,18.35931286782249,84.93542435424354,120.02767527675276,4.902144249512671,1.0596285434995112,0.749827069402813,0.0078553490708186,2.232739904472427,2025-02-27,0.46,bmo,1257703981.0,2025-05-11,2024-12-31,-0.2391304347826088,61.8403125,1881754.390625
2024-09-30,EVRG,USD,1711269,2024-11-07,2024-11-06 17:35:21,2024,Q3,1811400000.0,785000000.0,1026400000.0,0.5666335431,0,5900000.0,0.0,5900000.0,393000000.0,398900000.0,1183900000.0,0.0,143900000.0,298000000.0,928500000.0,0.5125869493,627500000.0,0.3464171359,-140900000.0,486600000.0,0.2686319974,20000000.0,465600000.0,0.2570387546,2.02,2.02,230300000,230600000,https://www.sec.gov/Archives/edgar/data/1711269/000171126924000032/0001711269-24-000032-index.htm,https://www.sec.gov/Archives/edgar/data/54476/000171126924000032/evrg-20240930.htm,7.865392965696917,2.0217108119843683,4.139383412939644,1.8541033434650456,0.150238818931828,43.66565349544073,33.51975683890578,14.798523664785064,14.930959617889709,14280903000.0,17541003000.0,7.668010631443298,7.883903610467042,14.98049197524389,33.44473770491803,4.190282855550013,4.190282855550013,9.683671745611129,18.891764135702747,18.40029686352669,41.07963231850117,0.0326029803577546,0.0299000700445903,0.9667263284528036,0.1024914375305247,3.5111470113085623,0.5517451692495356,4.360667129951355,2.0343576611182246,0.0103494856032563,0.3174398625429553,0.0032571491663906,0.0,0.072686888922762,0.5520822406377845,0.2905487468256597,1.7661073825503355,0.0018770012145301,25.945376160817293,0.0207765917400854,0.0156191818044583,-92.66793313069908,-1616900000.0,7719600000.0,-20099700000.0,25333100000.0,417600000.0,370300000.0,812800000.0,20.16727393176548,41.99617834394905,93.88662420382164,4.462675535846268,2.143052143052143,0.958603004029796,0.1366157096329333,2.2852800694745983,2024-11-07,1.93,bmo,2353581124.0,2025-04-25,2024-09-30,0.0466321243523316,58.18375,1686140.5625
2024-06-30,EVRG,USD,1711269,2024-08-09,2024-08-08 17:49:36,2024,Q2,1451400000.0,976800000.0,474600000.0,0.3269946259,0,10900000.0,0.0,10900000.0,-112600000.0,112600000.0,1089400000.0,0.0,143600000.0,288800000.0,647900000.0,0.4463965826,362000000.0,0.2494143586,-142600000.0,215500000.0,0.1484773322,7400000.0,207000000.0,0.1426209177,0.9,0.9,230300000,230500000,https://www.sec.gov/Archives/edgar/data/1711269/000171126924000027/0001711269-24-000027-index.htm,https://www.sec.gov/Archives/edgar/data/54476/000171126924000027/evrg-20240630.htm,6.302214502822405,0.8988276161528441,1.3786365610073816,-1.5631784628745116,0.1467650890143291,42.25662179765524,32.11072514112028,42.13460703430308,61.72991749891446,12139113000.0,26178113000.0,14.660764492753623,8.3637267465895,38.23342677165355,-33.71975833333333,1.2509906632589969,1.2509906632589969,18.03645652473474,40.40455780212996,82.45074960629921,-72.71698055555555,0.0170523167549391,-0.0296562030520681,1.4502658807040687,0.4421098928717288,21.668467356073467,0.5932101002778785,2.520891364902507,1.5338164251207729,0.012167281085529,0.7135265700483092,0.0075099903541408,0.0,0.0734064276962709,2.133858267716536,0.4667906848560011,2.3459141274238227,0.0028937577511368,29.190997567041773,0.0114976309897966,0.007018281436476,-92.662505427703,-1346800000.0,7395100000.0,-20135300000.0,25291200000.0,483300000.0,365500000.0,803700000.0,26.62050434063663,34.48710073710073,74.32739557739558,3.380852550663872,2.6096713865882983,1.2108590554109335,0.0213322890473638,2.941815023881893,2024-08-09,0.89,bmo,1357750265.0,2025-04-25,2024-06-30,0.0112359550561797,53.19761904761904,1863090.4126984128
2024-03-31,EVRG,USD,1711269,2024-05-09,2024-05-08 17:47:33,2024,Q1,1331000000.0,680600000.0,650400000.0,0.4886551465,0,4600000.0,0.0,4600000.0,-1000000.0,390200000.0,1070800000.0,0.0,133200000.0,291800000.0,556300000.0,0.4179564237,260200000.0,0.1954921112,-128900000.0,131300000.0,0.0986476334,7300000.0,122700000.0,0.0921863261,0.53,0.53,230200000,230400000,https://www.sec.gov/Archives/edgar/data/1711269/000171126924000013/0001711269-24-000013-index.htm,https://www.sec.gov/Archives/edgar/data/54476/000171126924000013/evrg-20240331.htm,5.781928757602085,0.5330147697654214,1.3783666377063424,-1.3088618592528236,0.2767158992180712,41.98132059079062,31.831016507384884,41.87271937445699,59.79061685490878,12140748000.0,25707648000.0,24.736650366748165,9.121523666416229,38.26267885282068,-40.294550282110855,1.2595312840410413,1.2595312840410413,19.31453643876784,46.21184253100845,81.02000630318311,-85.32242947228676,0.0101064613152336,-0.0248172517871221,1.414094676888921,0.4360912839971462,24.387740427826717,0.5725884823975673,1.9534534534534536,2.5859820700896496,0.0121656425123064,1.2037489812550937,0.0034560480841472,0.0,0.0747561291643604,1.9495745351402456,0.464763335837716,2.1199451679232357,0.0029301277235161,22.409205747385084,0.0081805888051357,0.0042427826014792,-90.03116854908775,-1363400000.0,7327500000.0,-19765700000.0,24918900000.0,402850000.0,486800000.0,788450000.0,36.3313298271976,47.16867469879518,105.88157508081105,2.477200818909361,1.908045977011494,0.850006244536031,0.0127294041974873,2.687228496959166,2024-05-09,0.64,bmo,1349513086.0,2025-04-25,2024-03-31,-0.1718749999999999,51.097868852459015,2772849.049180328
2023-12-31,EVRG,USD,1711269,2023-12-31,2023-12-29 19:00:00,2023,Q4,1187900000.0,906600000.0,281300000.0,0.2368044448,0,0.0,0.0,0.0,-100700000.0,100700000.0,1007300000.0,7700000.0,132200000.0,286000000.0,460800000.0,0.3879114404,180600000.0,0.1520329994,-138000000.0,42600000.0,0.0358616045,-16400000.0,58000000.0,0.0488256587,0.25,0.25,229729296,229729296,,,5.170868586129302,0.2524710649006647,1.8652388156885311,-1.0777902701621478,0.1205766982370415,42.15831488901616,31.987213333035243,42.06298529726918,58.3530278132224,11991869251.2,25237369251.2,51.6890916,10.095015785167105,27.98569253488915,-48.432428316639744,1.2409960831617184,1.2409960831617184,21.2453651411735,54.76859646527778,58.89701108798133,-101.92798566720518,0.00483661043871,-0.0206473231831829,1.3735964649025676,0.4116461255047419,28.74457465277778,0.5093378124466207,1.3661119619221782,7.387931034482759,0.0123083396681655,2.5448275862068965,0.0,0.0,0.0724657457775351,1.5778296382730457,0.5691556528327301,2.363986013986014,0.0031147402980048,15.45777961239283,0.0081076525435061,0.0019393063970362,-95.51285091649784,-1723500000.0,7348400000.0,-20770100000.0,24412900000.0,504200000.0,517450000.0,758050000.0,20.335045037461068,61.24090006618133,77.05493050959629,4.425856929955291,1.4696060949910843,1.167997938675599,0.0060022146102182,2.9430290858506787,2024-02-29,0.28,bmo,1458220000.0,2025-04-25,2023-12-31,-0.0357142857142857,50.32968253968254,2756679.301587302
2023-09-30,EVRG,USD,1711269,2023-11-07,2023-11-06 17:42:54,2023,Q3,1669300000.0,807000000.0,862300000.0,0.5165638291,0,0.0,0.0,0.0,6500000.0,376400000.0,1183400000.0,6200000.0,136800000.0,289500000.0,788100000.0,0.4721140598,485900000.0,0.2910800935,-124100000.0,361800000.0,0.2167375547,8800000.0,351600000.0,0.210627209,1.53,1.53,230100000,230500000,https://www.sec.gov/Archives/edgar/data/1711269/000171126923000041/0001711269-23-000041-index.htm,https://www.sec.gov/Archives/edgar/data/54476/000171126923000041/evrg-20230930.htm,7.254671881790526,1.5280312907431552,3.635375923511517,1.2290308561495005,0.1781833985223815,42.45023902651021,32.29552368535419,42.36853541938288,56.05041286397218,11666070000.0,24385470000.0,8.294987201365188,6.98860001198107,13.94628810520024,41.25201555869873,1.1966427325879576,1.1966427325879576,14.608201042353082,30.94210125618576,29.15178720860729,86.22867751060821,0.0301386842355651,0.0242412397662623,1.3088932198174172,0.4167886072641756,16.13932242101256,0.3942241719857787,3.551900584795322,2.358996051889453,0.0120606168144027,0.4001706484641638,0.0,0.0,0.0763195714659001,0.6619246861924686,0.3316959204456958,1.912607944732297,0.0014976337386928,38.16621643462941,0.0161973390627194,0.0124330784953004,-86.40699695784441,-2913600000.0,7431200000.0,-18952100000.0,22699800000.0,704050000.0,393900000.0,734650000.0,39.896962798777935,46.61710037174721,82.51672862453532,2.255810810810811,1.930622009569378,1.0906879308014596,0.0360652374602523,2.4063450673620164,2023-11-07,1.84,bmo,1920920000.0,2025-04-25,2023-09-30,0.0217391304347825,56.773809523809526,1481512.5873015872
2023-06-30,EVRG,USD,1711269,2023-08-04,2023-08-03 17:36:41,2023,Q2,1354200000.0,647800000.0,706400000.0,0.5216363905,0,20600000.0,0.0,20600000.0,-18400000.0,369800000.0,1017600000.0,6700000.0,133700000.0,284900000.0,609800000.0,0.4503027618,336600000.0,0.2485600354,-145400000.0,191200000.0,0.1411903707,10800000.0,179100000.0,0.132255206,0.78,0.78,230100000,230500000,https://www.sec.gov/Archives/edgar/data/1711269/000171126923000031/0001711269-23-000031-index.htm,https://www.sec.gov/Archives/edgar/data/54476/000171126923000031/evrg-20230630.htm,5.885267275097784,0.7783572359843546,1.5310734463276836,-0.9743589743589745,0.1364624076488483,41.50673620165146,31.35202086049544,41.4380704041721,56.66362451108214,13442442000.0,26315642000.0,18.76387772194305,9.926482055826318,38.15623616236162,-59.95736842105263,1.4098146808042034,1.4098146808042034,19.43261113572589,43.15454575270581,74.69668464376952,-117.3757448706512,0.0133234720298588,-0.0166785171920399,1.353406957597877,0.4262165134705767,21.110528041980977,0.4644447818605122,2.517576664173523,1.933589462129528,0.0104594090865335,0.785036292573981,0.0152119332447201,0.0,0.0771738376528795,1.636389440817485,0.4257125978437454,2.023517023517023,0.004947570521341,26.93894010066322,0.0109012813403598,0.0064100499275245,-86.17655367231639,-2116300000.0,7214100000.0,-18891100000.0,23196200000.0,620200000.0,368100000.0,726750000.0,44.40186087727072,51.37696820006175,101.33683235566532,2.02694207453974,1.7517577068685777,0.8881272278585138,0.0187836264669792,2.505432420686658,2023-08-04,0.78,bmo,1452720000.0,2025-04-25,2023-06-30,0.0384615384615384,60.39403225806451,1175869.677419355
2023-03-31,EVRG,USD,1711269,2023-05-05,2023-05-04 17:35:28,2023,Q1,1296800000.0,651700000.0,645100000.0,0.4974552745,0,14800000.0,0.0,14800000.0,365800000.0,365800000.0,1017500000.0,9100000.0,123100000.0,278500000.0,557800000.0,0.4301357187,279300000.0,0.2153763109,-123100000.0,156200000.0,0.1204503393,12400000.0,142600000.0,0.1099629858,0.62,0.62,230000000,230300000,https://www.sec.gov/Archives/edgar/data/1711269/000171126923000020/0001711269-23-000020-index.htm,https://www.sec.gov/Archives/edgar/data/54476/000171126923000020/evrg-20230331.htm,5.638260869565217,0.62,1.5778260869565215,-0.7165217391304348,0.1234782608695652,41.31173913043478,31.152608695652173,41.256521739130434,54.232608695652175,14057600000.0,26379600000.0,24.64516129032258,10.840222085132634,38.73684210526316,-85.30097087378641,1.481462746337865,1.481462746337865,20.34207279457125,47.292219433488704,72.69109947643979,-160.07038834951456,0.0101439790575916,-0.0117231959936262,1.3015491621877964,0.4160358958293331,22.09035496593761,0.5187802907915994,2.268887083671812,2.4907343857240907,0.0100088208513544,0.9866760168302944,0.0114127082048118,0.0,0.0787107684119396,1.4541195921741528,0.4069247378161628,1.8947935368043087,0.0037014188772362,23.99017461922421,0.0090306734819736,0.0052140274156925,-84.19358695652174,-1668100000.0,7165100000.0,-18385900000.0,23136400000.0,627950000.0,483600000.0,698500000.0,39.718537939543495,50.59996931103269,99.99846555163418,2.265944434737026,1.7786572052401746,0.9000138102472034,0.0150279270734534,2.2943478260869563,2023-05-05,0.58,bmo,1239160000.0,2025-04-25,2023-03-31,0.0172413793103448,60.82870967741936,1425841.5
2022-12-31,EVRG,USD,1711269,2023-02-24,2023-02-23 17:36:43,2022,Q4,1279600000.0,820200000.0,459400000.0,0.3590184433,0,0.0,0.0,0.0,330300000.0,330300000.0,1150500000.0,6800000.0,110600000.0,242900000.0,326700000.0,0.2553141607,100200000.0,0.0783057205,-127000000.0,-26800000.0,-0.020944045,-35600000.0,7500000.0,0.0058612066,0.0327,0.0327,229546105,229546105,https://www.sec.gov/Archives/edgar/data/1711269/000171126923000011/0001711269-23-000011-index.htm,https://www.sec.gov/Archives/edgar/data/54476/000171126923000011/evrg-20221231.htm,5.574479253307304,0.0326731747419543,1.412352433512213,-0.991957585165734,0.1097818671329666,41.356833303706026,31.17761462343262,41.315011640036325,52.916166885079576,14445336387.65,26456236387.65,481.5112129216667,11.288946848741794,44.5568673277298,-63.44021250614844,1.523175172944104,1.523175172944104,20.675395739020008,80.98021545041323,81.60467732156077,-116.18900477667984,0.000519198708755,-0.0157628727978028,1.269135464006664,0.4081431269688944,36.764309764309765,0.5272196462304654,0.9059674502712476,30.58490566037736,0.0097401677762444,18.76,0.0,0.0,0.0792339072021268,1.702344231955583,0.4313066583307283,2.272128447920955,0.002813379180994,5.511132676915667,-0.0011688625081199,0.0002762095214946,-83.30461542791153,-1651800000.0,7156700000.0,-18154600000.0,22962000000.0,734900000.0,499500000.0,644050000.0,48.0806502031885,65.92538405267008,73.83686905632771,1.871854885898186,1.365179760319574,1.2189032545697729,0.0007908305830003,2.404310018677947,2023-02-24,0.22,bmo,1002086968.0,2025-04-25,2022-12-31,0.3636363636363636,60.05714285714286,2104996.984126984
2022-09-30,EVRG,USD,1711269,2022-11-04,2022-11-03 17:38:42,2022,Q3,1909100000.0,990800000.0,918300000.0,0.4810119952,0,0.0,0.0,0.0,333900000.0,333900000.0,1324700000.0,13100000.0,102300000.0,249100000.0,830100000.0,0.4348122152,578400000.0,0.3029699859,-99700000.0,478700000.0,0.250746425,49500000.0,428200000.0,0.22429417,1.86,1.86,229900000,230600000,https://www.sec.gov/Archives/edgar/data/1711269/000171126922000049/0001711269-22-000049-index.htm,https://www.sec.gov/Archives/edgar/data/54476/000171126922000049/evrg-20220930.htm,8.304045237059592,1.8625489343192687,3.866028708133971,1.6989995650282732,0.1074380165289256,41.82470639408439,31.66115702479339,41.79643323183993,51.18007829491083,13656060000.0,25295360000.0,7.972944885567492,7.153140223141794,15.36460396039604,34.96175115207373,1.4211738994692475,1.4211738994692475,13.24988738148866,30.472665943862182,28.46012601260126,64.76026625704046,0.0313560426653075,0.0286026862799372,1.2138620043709023,0.3988019529807574,14.021563667028069,0.5190238853936868,5.653958944281525,2.061224489795918,0.0096221018361079,0.306865950490425,0.0,0.0,0.0798903157865944,0.5605310531053105,0.2609606620920853,2.0,0.0021999895238594,41.85185538207325,0.0184928882019485,0.0159117089665935,-81.38386254893432,-1766000000.0,7278900000.0,-17726400000.0,22400000000.0,759850000.0,436250000.0,625850000.0,37.06353779267717,36.1707710940654,55.88211546225273,2.428262528618672,2.488196885986941,1.6105331599479844,0.0445623894265792,2.1670291431056983,2022-11-04,1.88,bmo,1602570812.0,2025-04-25,2022-09-30,0.0691489361702127,67.2790625,968869.15625
2022-06-30,EVRG,USD,1711269,2022-08-04,2022-08-03 17:33:20,2022,Q2,1446500000.0,778600000.0,667900000.0,0.461735223,0,0.0,0.0,0.0,-17000000.0,332400000.0,1111000000.0,0.0,99300000.0,248100000.0,565700000.0,0.3910819219,335500000.0,0.2319391635,-117200000.0,218300000.0,0.1509160041,22100000.0,194500000.0,0.1344624957,0.85,0.84,229900000,230400000,https://www.sec.gov/Archives/edgar/data/1711269/000171126922000037/0001711269-22-000037-index.htm,https://www.sec.gov/Archives/edgar/data/54476/000171126922000037/evrg-20220630.htm,6.291866028708134,0.8460200086994345,1.4084384515006525,-1.165289256198347,0.0974336668116572,40.499347542409744,30.335798173118743,40.484123531970425,52.28795128316659,15000975000.0,26900275000.0,19.281458868894603,10.370532319391636,46.3279030265596,-55.99468085106383,1.611742932966596,1.611742932966596,18.596802627030765,47.55219197454481,83.07682211241507,-100.41162747293768,0.0129658238881139,-0.0178588391754535,1.2808977899068472,0.4084340568985364,21.034647339579283,0.4979920719226883,3.37865055387714,1.638663967611336,0.0087594306370085,0.6755784061696658,0.0,0.0,0.0800512525352189,1.827362569487338,0.409056342896647,2.384925433293027,0.0044936052540615,27.760286691799465,0.0107483413660781,0.0072433543620262,-82.58906046107003,-1937600000.0,6974200000.0,-17955900000.0,22011900000.0,636800000.0,435200000.0,624600000.0,45.63774628413412,54.82532751091703,73.574364243514,1.9720518064076349,1.6415770609318996,1.2232521602513746,0.0208975750217571,2.573727707699,2022-08-04,0.83,bmo,1233168812.0,2025-04-25,2022-06-30,0.036144578313253,67.82322580645162,1214860.1290322582
2022-03-31,EVRG,USD,1711269,2022-05-05,2022-05-04 17:34:17,2022,Q1,1223900000.0,639900000.0,584000000.0,0.4771631669,0,0.0,0.0,0.0,330900000.0,330900000.0,970800000.0,0.0,91800000.0,244800000.0,471600000.0,0.3853255985,253100000.0,0.206797941,-118100000.0,135000000.0,0.1103031293,11500000.0,122500000.0,0.1000898766,0.53,0.53,229800000,230200000,https://www.sec.gov/Archives/edgar/data/1711269/000171126922000018/0001711269-22-000018-index.htm,https://www.sec.gov/Archives/edgar/data/54476/000171126922000018/evrg-20220331.htm,5.325935596170583,0.5330722367275892,1.1536118363794603,-1.1296779808529156,0.0966057441253263,40.19799825935596,30.03002610966057,40.19625761531767,50.724107919930375,15704532000.0,27246932000.0,32.05006530612245,12.831548329111856,59.2400301772916,-60.4951155624037,1.7001582747832111,1.7001582747832111,22.262384181714197,57.77551314673452,102.77982648057336,-104.95736517719568,0.0078002961183434,-0.01653026018222,1.2519730218358576,0.4023883172871165,24.47497879558948,0.5077698817562587,2.7570806100217866,2.110668789808918,0.0083606439211305,1.0718367346938775,0.0,0.0,0.0813016050856126,1.979253112033195,0.4287114960372579,2.1433823529411766,0.003676770978021,21.957207278914257,0.008369073690532,0.0046395715687054,-81.6743907745866,-1669300000.0,6900900000.0,-17780400000.0,21971000000.0,554350000.0,517900000.0,589700000.0,39.71648010458371,55.71026722925457,86.17440225035162,2.2660618403999258,1.6155011360767484,1.0443936673739187,0.0132617379913609,2.283289817232376,2022-05-05,0.55,bmo,1463801895.0,2025-04-25,2022-03-31,0.0545454545454543,64.50790322580644,1636710.2096774194
2021-12-31,EVRG,USD,1711269,2022-02-25,2022-02-24 17:47:20,2021,Q4,1122100000.0,662500000.0,459600000.0,0.4095891632,0,0.0,0.0,0.0,-19100000.0,318400000.0,980900000.0,0.0,91200000.0,242600000.0,398800000.0,0.3554050441,141200000.0,0.125835487,-69200000.0,72000000.0,0.0641654042,17600000.0,53400000.0,0.0475893414,0.24,0.24,229000000,229600000,https://www.sec.gov/Archives/edgar/data/1711269/000171126922000008/0001711269-22-000008-index.htm,https://www.sec.gov/Archives/edgar/data/54476/000171126922000008/evrg-20211231.htm,4.9,0.2331877729257642,1.3786026200873365,-1.1445414847161572,0.1144104803493449,40.35676855895196,30.153275109170306,40.36855895196506,49.15589519650655,15711690000.0,26850990000.0,73.5566011235955,14.00204081632653,49.76778587266392,-59.94540251812285,1.6995900220674138,1.6995900220674138,23.929230906336333,67.32946339017052,85.05223313272094,-102.44559328500571,0.0033987432287678,-0.0166818464468176,1.2078122971745056,0.3914903315159271,27.932046138415245,0.5511940442811564,1.5482456140350878,5.587610619469027,0.0083504702549502,2.45692883895131,0.0,0.0,0.0819270349397801,1.830218561925879,0.5149273683272435,2.3816982687551524,0.0037429819089207,14.553443683891487,0.0039067532031055,0.0020394211710249,-80.97292576419214,-1392600000.0,6905100000.0,-17568500000.0,22094400000.0,681000000.0,538350000.0,555850000.0,45.60556100169325,86.90264150943396,76.98566037735849,1.9734435455504749,1.0356417070501798,1.169048879477678,0.005776470079183,2.5231441048034933,2022-02-25,0.165,bmo,842328369.0,2025-04-25,2021-12-31,-0.0303030303030303,65.01296875,1088530.296875
2021-09-30,EVRG,USD,1711269,2021-11-03,2021-11-02 17:34:10,2021,Q3,1616500000.0,694600000.0,921900000.0,0.5703062171,0,0.0,0.0,0.0,-8200000.0,321200000.0,1015800000.0,0.0,93600000.0,240900000.0,842200000.0,0.5210021652,600700000.0,0.3716053201,-93000000.0,507700000.0,0.3140736158,57200000.0,449400000.0,0.2780080421,1.96,1.95,229700000,230200000,https://www.sec.gov/Archives/edgar/data/1711269/000171126921000062/0001711269-21-000062-index.htm,https://www.sec.gov/Archives/edgar/data/54476/000171126921000062/evrg-20210930.htm,7.037440139312146,1.956464954288202,3.532433609055289,1.3400087070091424,0.1101436656508489,40.53983456682629,30.367435785807576,40.56508489333914,47.35655202437962,14287340000.0,25046240000.0,7.948008455718736,8.83844107639963,17.608257333004683,46.417608836907085,1.533338341668634,1.533338341668634,15.494116919270027,29.73906435526003,30.867931969435546,81.37179987004548,0.0314544204869485,0.0215435483441984,1.157376204683509,0.3826613346769758,12.77475658988364,0.6746798472253426,6.417735042735043,1.7931491712707182,0.0085880226830186,0.2730307076101468,0.0,0.0,0.0829107837953878,0.6206556568893271,0.3115372718836993,2.09049398090494,0.0025363439529848,42.25746983238272,0.0197427313750137,0.0173879398734789,-78.26404005224205,-868800000.0,6975400000.0,-17068300000.0,22221300000.0,787750000.0,413500000.0,541550000.0,44.173213733374574,56.62251655629139,70.61618197523754,2.0374338290899923,1.5894736842105264,1.274495412844037,0.0482302689476056,2.192424902046147,2021-11-03,1.76,bmo,1327839285.0,2025-04-25,2021-09-30,0.1249999999999999,65.56859375,1322963.59375
2021-06-30,EVRG,USD,1711269,2021-08-05,2021-08-04 17:36:26,2021,Q2,1236200000.0,617800000.0,618400000.0,0.5002426792,0,0.0,0.0,0.0,-4100000.0,323100000.0,940900000.0,0.0,93800000.0,231700000.0,531300000.0,0.4297848245,295300000.0,0.2388772043,-89500000.0,205800000.0,0.1664779162,19600000.0,185300000.0,0.149894839,0.81,0.81,229300000,229700000,https://www.sec.gov/Archives/edgar/data/1711269/000171126921000051/0001711269-21-000051-index.htm,https://www.sec.gov/Archives/edgar/data/54476/000171126921000051/evrg-20210630.htm,5.391190580026167,0.8081116441343218,1.1042302660270389,-0.7422590492804186,0.2546881814217183,39.15002180549499,28.959877889228085,39.18883558656781,48.421282163105104,13856599000.0,24807399000.0,18.69481786292499,11.209026856495711,54.725904423380726,-81.41362514688602,1.542020810149121,1.542020810149121,20.06746400258858,46.69188594014681,97.975509478673,-145.7544007050529,0.0133726897920622,-0.0122829563011818,1.2251502336968618,0.3930621804575704,20.61133069828722,0.6396686267983284,3.14818763326226,1.344662772172066,0.0088477699325786,0.6616297895304911,0.0,0.0,0.0834237810973693,1.6721958925750395,0.3425012133958906,1.827362969356927,0.0033975084937712,26.693659791144157,0.0098892611440359,0.0072179244474567,-79.01297426951592,-974300000.0,6640500000.0,-17302100000.0,21837800000.0,727250000.0,367650000.0,515200000.0,56.939815563824624,56.81450307542895,78.38944642279056,1.580616289477049,1.584102564102564,1.148113733506783,0.0206209659470287,1.8464893153074573,2021-08-05,0.73,bmo,1234910000.0,2025-04-25,2021-06-30,0.1643835616438356,62.55984126984127,1214769.6825396826
2021-03-31,EVRG,USD,1711269,2021-05-06,2021-05-05 17:33:55,2021,Q1,1611900000.0,980000000.0,631900000.0,0.3920218376,0,0.0,0.0,0.0,-9700000.0,314200000.0,1294200000.0,0.0,94000000.0,232600000.0,542200000.0,0.3363732241,317700000.0,0.1970965941,-102100000.0,215600000.0,0.1337551957,23000000.0,191600000.0,0.1188659346,0.84,0.84,227300000,227600000,https://www.sec.gov/Archives/edgar/data/1711269/000171126921000039/0001711269-21-000039-index.htm,https://www.sec.gov/Archives/edgar/data/54476/000171126921000039/evrg-20210331.htm,7.09150901891773,0.8429388473383194,-0.1258249010118785,-2.183457985041795,2.1205455345358555,38.69071711394633,28.410910690717117,38.74307083150022,50.05763308402992,13531169000.0,24333269000.0,17.655491910229646,8.394546187728768,-473.1177972027973,-27.26409228289341,1.5365328230925588,1.5365328230925588,15.096016502264408,44.87876982663224,-850.8136013986013,-49.02935522869232,0.0141599000056831,-0.0366782796076229,1.2813667488048328,0.4027144799625983,19.922722242714865,0.6170324251017137,3.379787234042553,-0.1469681397738951,0.008971878187317,0.6336116910229646,0.0,0.0,0.0833901377939407,-16.353146853146853,0.2901544760841243,2.010748065348237,0.0019231962280538,27.107303223553284,0.0105234145062118,0.0074600424396986,-79.16080070391553,-1242500000.0,6457800000.0,-17223800000.0,21349500000.0,504600000.0,499650000.0,498400000.0,37.543271915131214,31.71122448979592,45.21122448979592,2.397233789411065,2.838111786852013,1.990656104001625,0.0217571511304407,2.0576330840299164,2021-05-06,0.47,bmo,1123330000.0,2025-04-25,2021-03-31,0.1702127659574469,55.33983606557377,1841042.2295081967
2020-12-31,EVRG,USD,1711269,2021-02-26,2021-02-26 06:13:21,2020,Q4,1094400000.0,629400000.0,465000000.0,0.4248903509,0,0.0,0.0,0.0,-6200000.0,312000000.0,941400000.0,0.0,93400000.0,236500000.0,388400000.0,0.3548976608,153000000.0,0.1398026316,-92800000.0,60200000.0,0.0550073099,8400000.0,51000000.0,0.0466008772,0.22,0.22,227200000,227500000,https://www.sec.gov/Archives/edgar/data/1711269/000171126921000023/0001711269-21-000023-index.htm,https://www.sec.gov/Archives/edgar/data/54476/000171126921000023/evrg-20201231.htm,4.816901408450704,0.2244718309859155,1.4617077464788732,-0.7486795774647887,0.6377640845070423,38.37367957746479,28.089348591549296,38.43926056338028,45.83846830985915,12611872000.0,22788072000.0,61.82290196078431,11.524005847953216,37.97612767238783,-74.1438683127572,1.444096457278952,1.444096457278952,20.82243421052631,58.67165808444902,68.6181029810298,-133.96867724867724,0.0040438088810289,-0.0134872919737847,1.1817963221654797,0.3806445188605485,26.200308959835223,0.6894897699295356,1.6381156316916488,6.15,0.0096258509442531,2.380392156862745,0.0,0.0,0.0861743402127251,1.5121951219512195,0.4588815789473684,2.123467230443975,0.003563596491228,13.933483125519976,0.0050811534981376,0.0020582608906215,-78.10981514084507,-731500000.0,6381900000.0,-16772000000.0,21711000000.0,552100000.0,506450000.0,508300000.0,27.69736842105263,93.51763584366064,72.14013346043852,3.249406175771972,0.9623853211009176,1.247571853320119,0.005839650079007,2.210387323943662,2021-02-26,0.22,bmo,1190760000.0,2025-04-25,2020-12-31,0.2727272727272728,54.869375,2128820.25
2020-09-30,EVRG,USD,1711269,2020-11-05,2020-11-04 19:43:34,2020,Q3,1517600000.0,686900000.0,830700000.0,0.5473774381,0,0.0,0.0,0.0,-13000000.0,309000000.0,995900000.0,0.0,94800000.0,232800000.0,741400000.0,0.4885345282,521700000.0,0.3437664734,-106100000.0,415600000.0,0.2738534528,50000000.0,364500000.0,0.2401818661,1.6,1.6,227300000,227500000,https://www.sec.gov/Archives/edgar/data/1711269/000171126920000060/0001711269-20-000060-index.htm,https://www.sec.gov/Archives/edgar/data/54476/000171126920000060/evrg-20200930.htm,6.676638803343598,1.603607567091949,3.956005279366476,2.097228332600088,1.590849098108227,38.64584249890013,28.36603607567092,38.72459304883414,45.48394192696876,11551386000.0,21433486000.0,7.922761316872428,7.611614391143911,12.846292259786477,24.231982378854624,1.3123443269219843,1.3123443269219843,14.12327754348972,28.909476665767468,23.83617215302491,44.962211034193416,0.0315546549998415,0.0412677751397105,1.1637790981697549,0.3810730175736202,13.328972214728893,0.912544085406539,5.503164556962025,2.446802721088436,0.009920887415588,0.3144032921810699,0.0,0.0,0.0869232028332068,0.4698620996441281,0.2784001054296257,1.8148625429553265,0.0022403795466526,37.37952159976771,0.0178225233269285,0.0148505170179998,-74.36779586449626,-183500000.0,6447600000.0,-16182300000.0,21933900000.0,786550000.0,345850000.0,516200000.0,45.510015814443854,47.02431212694716,67.09710292619013,1.977586656241856,1.9139035943159657,1.3413395821128686,0.0414105724770225,1.858776946766388,2020-11-05,1.57,bmo,147924855.0,2025-04-25,2020-09-30,0.1019108280254776,55.90640625,2146109.75
2020-06-30,EVRG,USD,1711269,2020-08-05,2020-08-05 07:14:05,2020,Q2,1184700000.0,600500000.0,584200000.0,0.4931206213,0,0.0,0.0,0.0,-7300000.0,312500000.0,913000000.0,0.0,99500000.0,236200000.0,505500000.0,0.4266903013,271700000.0,0.2293407614,-103700000.0,168000000.0,0.1418080527,33700000.0,133400000.0,0.1126023466,0.59,0.59,227200000,227600000,https://www.sec.gov/Archives/edgar/data/1711269/000171126920000045/0001711269-20-000045-index.htm,https://www.sec.gov/Archives/edgar/data/54476/000171126920000045/evrg-630202010q.htm,5.214348591549296,0.5871478873239436,0.8886443661971831,-0.349031690140845,0.7755281690140845,37.530369718309856,27.246038732394368,37.622359154929576,46.27772887323944,13470688000.0,23709288000.0,25.244917541229388,11.370547818013,66.71960376423972,-169.86996216897856,1.5759245653852454,1.5759245653852454,20.01290453279311,46.902646884273,117.4308469539376,-298.9821941992434,0.0099029834259393,-0.0058868559645951,1.2184187744214885,0.3967482400268186,20.25440158259149,0.8582522410239203,2.7306532663316583,1.4812912692589877,0.0084999370485011,0.8583208395802099,0.0,0.0,0.089011976960351,1.392768697374938,0.2373596691145437,1.1905165114309906,0.0034607917616274,22.294001336998463,0.0085856246490627,0.005578368975236,-73.42814700704226,-295700000.0,6190300000.0,-15933100000.0,21391200000.0,552700000.0,315450000.0,509600000.0,61.20790073436313,49.87843463780183,77.98001665278935,1.4703984113193496,1.8043870192307687,1.1541418412454354,0.0156063548515407,1.2376760563380282,2020-08-05,0.68,bmo,1184700000.0,2025-04-25,2020-06-30,0.0,59.22396825396826,2535435.73015873
2020-03-31,EVRG,USD,1711269,2020-05-06,2020-05-06 16:40:33,2020,Q1,1116700000.0,608400000.0,508300000.0,0.4551804424,0,0.0,0.0,0.0,-20400000.0,310800000.0,919200000.0,0.0,96200000.0,232900000.0,410900000.0,0.3679591654,197500000.0,0.1768603922,-117400000.0,80100000.0,0.0717292021,10100000.0,69400000.0,0.0621473986,0.31,0.31,227100000,227500000,https://www.sec.gov/Archives/edgar/data/1711269/000171126920000031/0001711269-20-000031-index.htm,https://www.sec.gov/Archives/edgar/data/54476/000171126920000031/evrg-331202010q.htm,4.917217084984588,0.3055922501100837,1.411712901805372,-0.1488331131660061,1.3403786878027302,37.4522236900044,27.163364156759137,37.55702333773668,46.17613386173492,12501855000.0,22587855000.0,45.03550072046109,11.195356855019254,38.99518091079226,-369.8773668639053,1.4657711156966655,1.4657711156966655,20.227326049968656,54.971659771233874,70.45494385527137,-668.2797337278106,0.0055511762054511,-0.0027035987859401,1.2182150729259484,0.3968118786925189,24.54611827695303,0.72269258038954,2.053014553014553,4.440443213296399,0.0091586408576967,1.6498559077809798,0.0,0.0,0.0892353168071431,1.105427323767935,0.3173636607862451,1.5216831258050665,0.0041192800214918,16.069708882159542,0.006853456138939,0.0029100850801531,-74.41952884191986,-664900000.0,6168800000.0,-15946500000.0,21055200000.0,476350000.0,413450000.0,490250000.0,24.15420435210889,44.09763313609467,73.80177514792899,3.726059392726059,2.040925863804093,1.2194828622970535,0.0081367537400928,1.5605460149713783,2020-05-06,0.4,amc,1143936585.0,2025-04-25,2020-03-31,0.0249999999999998,65.71290322580644,2727949.1129032257
2019-12-31,EVRG,USD,1711269,2020-03-02,2020-03-02 06:47:35,2019,Q4,1131600000.0,660100000.0,471500000.0,0.4166666667,0,0.0,0.0,0.0,-9900000.0,305700000.0,965800000.0,0.0,96700000.0,-218300000.0,384700000.0,0.339961117,165800000.0,0.1465182043,-103200000.0,62600000.0,0.055319901,-2200000.0,63900000.0,0.0564687169,0.27,0.27,239500000,239900000,https://www.sec.gov/Archives/edgar/data/1711269/000171126920000012/0001711269-20-000012-index.htm,https://www.sec.gov/Archives/edgar/data/54476/000171126920000012/evrg-12312019x10k.htm,4.724843423799583,0.2668058455114822,-2.607515657620042,-3.663883089770355,0.0968684759916492,35.67974947807933,25.92359081419624,35.790814196242174,41.94780793319416,15589055000.0,25515655000.0,60.99004303599375,13.77611788617886,-24.9624579663731,-17.765304843304843,1.8186230590650847,1.8186230590650847,22.548298868858257,66.32611125552378,-40.85773418734988,-29.07766951566952,0.0040990297359269,-0.0562894928525173,1.160746158961257,0.3830396636882648,25.80348323368859,0.6283231302709876,1.7145811789038263,2.403772132409546,0.015235047923046,3.7167449139280127,0.0,0.0,0.0899526099191943,-0.4051240992794235,0.2235772357723577,-1.1589555657352268,-0.0113997879109225,14.658000033135044,0.0069136627039112,0.0027031257270731,-69.63194154488518,-868200000.0,6208700000.0,-15962900000.0,20814800000.0,691050000.0,420050000.0,468000000.0,51.93531283138918,72.09816694440237,65.66277836691411,1.7329249617151607,1.2482980332829048,1.370639534883721,0.0074545899975501,1.0563674321503131,2020-03-02,0.31,bmo,1096237500.0,2025-04-25,2019-12-31,0.032258064516129,63.7709375,2077446.40625
2019-09-30,EVRG,USD,1711269,2019-11-06,2019-11-06 16:37:07,2019,Q3,1577600000.0,731300000.0,846300000.0,0.5364477688,0,0.0,0.0,0.0,-16900000.0,307600000.0,1038900000.0,0.0,90800000.0,229300000.0,752900000.0,0.4772439148,538700000.0,0.3414680527,-105900000.0,432800000.0,0.2743407708,65500000.0,366800000.0,0.232505071,1.56,1.56,234600000,235000000,https://www.sec.gov/Archives/edgar/data/1711269/000171126919000063/0001711269-19-000063-index.htm,https://www.sec.gov/Archives/edgar/data/54476/000171126919000063/evrg-9302019x10q.htm,6.72463768115942,1.5635123614663256,3.468030690537085,2.288576300085252,0.2135549872122762,36.6150895140665,26.655157715260017,36.74040920716113,42.190110826939474,15614976000.0,25371876000.0,10.64270447110142,9.897931034482758,19.19244837758112,29.08358353510896,1.8116292506352023,1.8116292506352023,16.08257860040568,33.69886571921902,31.184705014749262,47.25624138573291,0.0234902698537609,0.0343836583546462,1.1377954126205143,0.3785390330985236,12.959091512817109,0.7287841549804829,5.932819383259912,2.1935831760582367,0.0071661973735982,0.3050708833151581,0.0,0.0,0.0901900993920679,0.3400934119960668,0.1753930020283975,1.2067160924552989,0.0022185598377281,35.951243220733986,0.0183814776110344,0.0155615610774302,-70.30466751918159,-562800000.0,6253300000.0,-15805300000.0,20913700000.0,674950000.0,294700000.0,471550000.0,41.59419371196755,38.31122658279776,55.922330097087375,2.16376354409546,2.349180854481208,1.609375,0.0425556599723875,1.1794543904518329,2019-11-06,1.57,amc,1577600000.0,2025-04-25,2019-09-30,0.0,63.25,1689994.03125
2019-06-30,EVRG,USD,1711269,2019-08-07,2019-08-07 16:39:27,2019,Q2,1221700000.0,643000000.0,578700000.0,0.4736842105,0,0.0,0.0,0.0,-12000000.0,307000000.0,950000000.0,0.0,95400000.0,230200000.0,492500000.0,0.4031267905,271700000.0,0.2223950233,-104800000.0,166900000.0,0.1366129164,24400000.0,139700000.0,0.1143488581,0.57,0.57,243200000,243400000,https://www.sec.gov/Archives/edgar/data/1711269/000171126919000048/0001711269-19-000048-index.htm,https://www.sec.gov/Archives/edgar/data/54476/000171126919000048/evrg-6302019x10q.htm,5.0234375,0.5744243421052632,1.1167763157894737,0.0337171052631578,0.4399671052631579,36.409128289473685,26.80139802631579,36.52590460526316,40.3828125,14630912000.0,24249612000.0,26.182734430923407,11.975863141524108,53.86933726067746,1784.2575609756095,1.6470502414697572,1.6470502414697572,19.84907260374888,49.23779086294416,89.28428571428572,2957.269756097561,0.0095482769631858,0.0005604572018477,1.094854273845842,0.3781611608809257,19.53035532994924,0.4420006891007235,2.848008385744235,1.8782849239280777,0.0079147492651175,0.8289191123836793,0.0,0.0,0.0908532412591763,0.9698085419734904,0.2156012114267005,1.1442224152910512,0.0032741262175656,21.727420377491956,0.009346443584944,0.0059747324842398,-65.98170230263158,-1943400000.0,6518100000.0,-15324300000.0,19485800000.0,421150000.0,285900000.0,477600000.0,45.73299500695752,38.92534992223951,68.40279937791603,1.967944587628866,2.312117943185904,1.3157356251278902,0.0157264918778354,1.0830592105263157,2019-08-07,0.56,amc,1179572413.0,2025-04-25,2019-06-30,0.0357142857142855,58.5,1575728.7777777778
2019-03-31,EVRG,USD,1711269,2019-05-08,2019-05-08 16:36:49,2019,Q1,1216900000.0,700400000.0,516500000.0,0.4244391487,0,0.0,0.0,0.0,-11200000.0,306900000.0,1007300000.0,0.0,91100000.0,228200000.0,429800000.0,0.3531925384,209600000.0,0.1722409401,-99100000.0,110500000.0,0.0908045032,9300000.0,99500000.0,0.0817651409,0.39,0.39,252800000,253000000,https://www.sec.gov/Archives/edgar/data/1711269/000171126919000034/0001711269-19-000034-index.htm,https://www.sec.gov/Archives/edgar/data/54476/000171126919000034/evrg-3312019x10q.htm,4.813686708860759,0.3935917721518987,1.4323575949367089,0.2100474683544304,0.5284810126582279,37.15071202531646,27.89873417721519,37.27412974683544,38.12974683544304,14518304000.0,23932804000.0,36.47815075376885,11.930564549264524,40.09473626070146,273.4143879472693,1.5407469038194186,1.5407469038194186,19.667026049798668,55.68358306188925,66.09446009389671,450.7119397363465,0.0068534175892721,0.003657451999903,1.0132867800783198,0.3663792607259206,21.904374127501164,0.5779216885530971,2.300768386388584,3.501934235976789,0.0082516525346211,1.2040201005025126,0.0,0.0,0.0897481648612662,0.8533554266777134,0.2539239050045196,1.3540753724802803,0.0044375051360013,18.168455977482708,0.0076390524385891,0.0041944540464888,-63.829212816455694,-1407800000.0,7052800000.0,-14741400000.0,19940300000.0,424100000.0,372600000.0,488750000.0,16.381789793738186,37.739862935465446,59.94431753283838,5.493905191873589,2.38474633980252,1.5013933547695606,0.0105593819312525,1.2223101265822784,2019-05-08,0.4,amc,1248102564.0,2025-04-25,2019-03-31,-0.025,56.91557377049181,1896680.3442622952
2018-12-31,EVRG,USD,1711269,2019-02-22,2019-02-21 18:10:50,2018,Q4,1199800000.0,756900000.0,442900000.0,0.3691448575,0,0.0,0.0,0.0,-13300000.0,292800000.0,1049700000.0,0.0,88300000.0,222200000.0,361600000.0,0.3013835639,150100000.0,0.125104184,-99000000.0,51100000.0,0.0425904317,30700000.0,18500000.0,0.0154192365,0.0865,0.0864,213900000,214100000,https://www.sec.gov/Archives/edgar/data/1711269/000171126919000013/0001711269-19-000013-index.htm,https://www.sec.gov/Archives/edgar/data/54476/000171126919000013/evrg-12312018x10k.htm,5.6091631603553065,0.0864890135577372,1.4315100514259,-0.3048153342683496,0.7494156147732586,46.70733987844788,35.77279102384292,46.88265544647032,40.27582982702197,12143103000.0,20509503000.0,164.09598648648648,10.120939323220536,39.65742325277596,-186.2439110429448,1.2108955744799663,1.2108955744799663,17.094101516919487,56.71875829646018,66.9807413455258,-314.56292944785275,0.0015234985653996,-0.0053693030521111,0.8502722323049002,0.3330989409370227,23.13716814159292,0.5862862723214286,1.6998867497168744,14.511848341232229,0.010260968716151,6.735135135135135,0.0,0.0,0.0913700626218352,1.2129327237099934,0.3095515919319886,1.6714671467146716,0.0039173195532588,9.551637503956124,0.0024388285358836,0.0007953841920616,-68.82456755493222,-1186200000.0,7651800000.0,-13926400000.0,20104400000.0,669500000.0,377600000.0,515950000.0,47.01033505584264,53.68608799048752,60.76099881093936,1.9144726344343383,1.6764119601328904,1.4812133072407043,0.0018447976705689,1.7363253856942495,2019-02-21,0.26,amc,4456400000.0,2025-04-25,2018-12-31,-0.7307692307692307,57.72380952380952,1673854.4444444445
2018-09-30,EVRG,USD,1711269,2018-11-07,2018-11-07 17:04:42,2018,Q3,1582500000.0,772500000.0,810000000.0,0.5118483412,0,0.0,0.0,0.0,-29200000.0,276900000.0,1049400000.0,0.0,89100000.0,208800000.0,717600000.0,0.4534597156,533100000.0,0.3368720379,-123700000.0,419700000.0,0.2652132701,64100000.0,355000000.0,0.224328594,1.32,1.32,268600000,268800000,https://www.sec.gov/Archives/edgar/data/1711269/000171126918000022/0001711269-18-000022-index.htm,https://www.sec.gov/Archives/edgar/data/54476/000171126918000022/evrg-09302018x10q.htm,5.891660461653015,1.321667907669397,2.9575577066269547,1.9780342516753533,2.530528667163068,39.64556962025316,30.957930007446016,39.794862248696944,31.23901712583768,14807918000.0,22429918000.0,10.428111267605637,9.357294154818325,18.640380161127897,27.87110483719179,1.385354713768489,1.385354713768489,14.173723854660349,31.256853400222965,28.23504279959718,42.21704874835309,0.0239736605780772,0.0358794531412181,0.7766655128217123,0.3183753144750567,10.621516164994429,0.8720667870036101,5.983164983164984,2.221476510067114,0.0082455886100936,0.3439436619718309,0.0,0.0,0.0894911640179174,0.3311933534743202,0.1662559241706161,1.2600574712643675,0.0032859399684044,34.40059341486875,0.0180478778357891,0.014952593959152,-51.943503350707374,-340200000.0,8315300000.0,-13107400000.0,21000200000.0,698000000.0,315650000.0,530400000.0,40.50995260663508,35.38252427184466,60.68737864077669,2.221676260002808,2.5436285808363515,1.4830101746976387,0.033212023688125,0.9795234549516008,2018-11-07,1.25,amc,1498579545.0,2025-04-25,2018-09-30,0.056,56.56650793650794,1590777.5238095238
2018-06-30,EVRG,USD,1711269,2018-08-08,2018-08-08 17:11:07,2018,Q2,893400000.0,581900000.0,311500000.0,0.3486680099,0,0.0,0.0,0.0,-12100000.0,184600000.0,766500000.0,0.0,58400000.0,134043000.0,250384000.0,0.2802596821,126900000.0,0.1420416387,-18100000.0,58000000.0,0.0649205283,-45000000.0,101800000.0,0.1139467204,0.56,0.56,180900000,181000000,https://www.sec.gov/Archives/edgar/data/1711269/000171126918000012/0001711269-18-000012-index.htm,https://www.sec.gov/Archives/edgar/data/54476/000171126918000012/evrg-06302018x10q.htm,4.938640132669984,0.5627418463239359,0.7604864566058596,-0.679176340519624,7.076285240464345,60.22885572139303,47.32835820895522,60.46489773355445,49.05749032614704,10157535000.0,17693535000.0,24.94483055009823,11.369526527871054,73.83431948361586,-82.6736690460106,0.9286379718598292,0.9286379718598292,19.80471793149765,70.66559764202185,128.61290814991423,-144.0102797424774,0.0100221165863568,-0.0120957496085418,0.8059992137574168,0.3306951045226243,30.09776982554796,0.9543195035576204,2.172945205479452,1.3177899536380704,0.0168212071137337,1.678408644400786,0.0,0.0,0.0875379323538127,1.8930814409908991,0.2915099619431385,1.94292130137344,0.0195802552048354,27.6692588306642,0.0087669428698254,0.0041848916367941,-75.73839137645108,-140600000.0,8561700000.0,-12826600000.0,21185700000.0,464055500.0,233454000.0,413365500.0,68.87508394895903,50.668499742223744,83.5040384945867,1.3067134708205352,1.7762515262515262,1.0777921837377291,0.0093069180204971,1.4396627971254836,2018-08-08,0.56,amc,893400000.0,2025-04-25,2018-06-30,0.0,53.3815625,2032392.40625
2018-03-31,EVRG,USD,1711269,2018-03-31,2018-03-30 20:00:00,2018,Q1,600204000.0,343094000.0,257110000.0,0.4283710205,0,0.0,0.0,0.0,-8610000.0,133580000.0,476674000.0,41000.0,43841000.0,97357000.0,213276000.0,0.3553391847,123530000.0,0.2058133568,-51422000.0,72078000.0,0.1200891697,9174000.0,60485000.0,0.1007740701,0.42,0.42,142600000,142700000,,,4.209004207573632,0.4241584852734922,1.820673211781206,0.5951122019635343,0.0783029453015427,27.099901823281908,27.099901823281908,27.41733520336605,28.775112201963537,7385254000.0,11433578000.0,30.525146730594365,12.304573111808653,28.44552205463201,87.02560597669185,1.8889508997082136,1.8889508997082136,19.04948650792064,53.60930437555093,44.03830865700156,134.72983514605895,0.0081899688216546,0.0114908708623968,1.0383092156148586,0.349342606934427,18.98162006039123,0.8228443702587707,2.817682078419744,4.127368688795625,0.007777389917801,0.9496238736876912,0.0,0.0,0.0,0.6731361794567612,0.2911760001599456,1.79509434349867,0.0041769131828511,16.175881608961696,0.0097034859312529,0.0052050842791653,-52.01986851332399,-147101000.0,3864446000.0,-7072675000.0,9616563000.0,267531500.0,171754000.0,290196500.0,36.64918927564628,36.54310480509714,75.24115839973885,2.455715986596348,2.462844919171907,1.1961538327447172,0.0154704489742466,1.225561009817672,2018-05-08,0.48,bmo,675229500.0,2025-04-25,2018-03-31,-0.125,50.50639344262295,742800.0
2017-12-31,EVRG,USD,1711269,2017-12-31,2017-12-30 19:00:00,2017,Q4,594781000.0,274664000.0,320117000.0,0.5382098621,0,0.0,0.0,67202000.0,-1921000.0,202835000.0,477499000.0,0.0,42768000.0,94424000.0,220114000.0,0.3700757085,117282000.0,0.1971851824,-42379000.0,74902000.0,0.1259320658,38596000.0,33888000.0,0.0569755927,0.24,0.24,142479000,142585000,,,4.174516946357007,0.2378455772429621,1.1939724450620792,-0.2099046175225822,0.0240877603015181,27.09477887969455,27.09477887969455,27.42945978003776,28.88839758841653,7522891200.0,11592681200.0,55.4981940509915,12.648169998705406,44.22212607867573,-251.54282275052665,1.9249376554774904,1.9249376554774904,19.490671692606185,52.66671452065748,68.1457429048414,-387.6243421272612,0.004504651084147,-0.0039754662409579,1.0422453546741888,0.3504037380784917,18.48946455018763,0.8826453745643225,2.742283950617284,4.685487647010218,0.0075472313091541,1.6754308309726156,0.0,0.0,0.0,1.1758035693291635,0.3362968891070831,1.952548759297944,0.0037122907423068,12.115669735265488,0.0051192022380664,0.00291525526377,-51.90750215821279,-96667000.0,3860437000.0,-7036881000.0,9633367000.0,299463500.0,176066500.0,289318000.0,43.98035579482196,66.91084379459996,96.19236594530044,2.0463681653661423,1.345073457394711,0.9356251830959048,0.008671172496662,1.4038770625846615,2018-02-21,0.4,bmo,713737200.0,2025-04-25,2017-12-31,-0.2,53.934285714285714,673484.126984127
2017-09-30,EVRG,USD,1711269,2017-09-30,2017-09-29 20:00:00,2017,Q3,794327000.0,332238000.0,462089000.0,0.5817364889,0,0.0,0.0,65630000.0,-2644000.0,202113000.0,534351000.0,58000.0,43458000.0,102869000.0,361200000.0,0.4547245656,259976000.0,0.3272909016,-43509000.0,216467000.0,0.2725162307,55743000.0,158306000.0,0.199295756,1.11,1.11,142500000,142500000,,,5.574224561403509,1.110919298245614,2.6596350877192982,1.3894947368421051,0.0237754385964912,27.22035087719298,27.22035087719298,27.571950877192982,28.276329824561405,7068000000.0,11050531000.0,11.161926901065026,8.898098641995047,18.649174929683006,35.69642884198724,1.7989296521280336,1.7989296521280336,13.91181591460444,30.59393964562569,29.15722774262661,55.80991702145927,0.0223975664968873,0.0280140067911714,1.014486117725031,0.3428636925690569,11.025833333333331,1.0672683541871104,5.98223572184638,2.358067245713148,0.008053480475382,0.3595694414614733,0.0,0.0,0.0,0.4775618868701154,0.2278595590984569,1.7594707832291556,0.0027243188258739,26.252233756281765,0.0173024435250277,0.0136172811629732,-51.71469298245614,46203000.0,3878900000.0,-7013426000.0,9718284000.0,291350500.0,143780500.0,293885000.0,34.92862511283136,40.07359182272949,77.22373720044064,2.5766831562728085,2.245868061892884,1.1654447617109944,0.0402916465067601,1.270140350877193,2017-10-31,1.1,bmo,787105845.0,2025-04-25,2017-09-30,0.009090909090909,50.83984126984127,751519.0476190476
2017-06-30,EVRG,USD,1711269,2017-06-30,2017-06-29 20:00:00,2017,Q2,609321000.0,260711000.0,348610000.0,0.5721286481,0,0.0,0.0,57579000.0,-2124000.0,193498000.0,454209000.0,0.0,43679000.0,101909000.0,256006000.0,0.420149642,155112000.0,0.2545653276,-43467000.0,111945000.0,0.1837208959,35906000.0,72065000.0,0.1182709935,0.5,0.5,142500000,142600000,,,4.275936842105264,0.505719298245614,0.885621052631579,-0.5756210526315789,0.0225263157894736,27.05178245614035,27.05178245614035,26.84581754385965,29.26491228070175,7555350000.0,11678711000.0,26.210192187608413,12.399621874184543,59.86759217438848,-92.10920927510789,1.974981760692443,1.974981760692443,19.166762675174496,45.61889565088318,92.54055831570273,-142.37816058322971,0.0095382742030481,-0.0108566777184379,1.0786929075691232,0.3558569870172428,16.1065014101232,0.9561518628935172,3.551180201011928,1.6596877917910546,0.0075003805250584,0.786345660167904,0.0,0.0,0.0,1.6499631540162123,0.341736129232375,2.0432640885495883,0.0035203119537977,17.47770237202208,0.0094242396754291,0.0062145625918947,-51.79574385964912,-33946000.0,3854879000.0,-7001045000.0,9624845000.0,255729000.0,150929500.0,306778500.0,40.534201184597286,48.200958149061606,104.49363471430053,2.220347197422985,1.867182800011459,0.8612964822792505,0.0188379175795033,1.461242105263158,2017-08-08,0.56,bmo,674605392.0,2025-04-25,2017-06-30,-0.1071428571428572,52.95904761904762,937363.492063492
2017-03-31,EVRG,USD,1711269,2017-03-31,2017-03-30 20:00:00,2017,Q1,572574000.0,255727000.0,316847000.0,0.5533730138,0,0.0,0.0,59157000.0,-4016000.0,190498000.0,446225000.0,0.0,41095000.0,96694000.0,222182000.0,0.3880406725,126349000.0,0.2206684202,-46992000.0,84393000.0,0.1473923021,20911000.0,59661000.0,0.1041978853,0.42,0.42,142436622,142695606,,,4.019851018370823,0.4188599754914154,1.6647614684375205,0.4333365895183894,0.0235824182912734,26.897359304126155,26.897359304126155,26.7192028746652,28.53443126445389,7730035475.940001,11749929475.94,32.39149308568412,13.500500329983549,32.59926483698334,125.23752046951704,2.03112346781341,2.03112346781341,20.52124175379951,52.88425469182922,49.5520446179409,190.36549545453076,0.0077180758336358,0.0079848275201472,1.0571392085696727,0.3493744567147667,18.09279779640115,0.9404777120737462,3.074558948777224,3.7352792917677458,0.0068240307776317,0.8841621830006202,0.0,0.0,0.0,0.7397004929930879,0.3063359495890487,1.813969843009908,0.0043103598836132,15.868557113919634,0.0086372927065363,0.0051808895592844,-51.58685594214668,-45638000.0,3831169000.0,-6963321000.0,9531352000.0,269305500.0,191376500.0,305493000.0,37.2578566263924,57.0952226397682,109.4037391436962,2.4155978939552467,1.5763140213645974,0.8226409874509829,0.0156763649520612,1.2314248789191309,2017-05-09,0.45,bmo,610745600.0,2025-04-25,2017-03-31,-0.0666666666666667,54.43677419354839,665264.5161290322
2016-12-31,EVRG,USD,1711269,2016-12-31,2016-12-30 19:00:00,2016,Q4,606535000.0,290151000.0,316384000.0,0.5216252978,0,0.0,0.0,68689000.0,4697000.0,200503000.0,490654000.0,0.0,40715000.0,85681000.0,212552000.0,0.3504364958,115881000.0,0.1910541024,-33921000.0,81960000.0,0.1351282284,24165000.0,53932000.0,0.0889181993,0.38,0.38,142152000,142659000,,,4.2668059541898815,0.3793967021216726,0.9134377286285104,-0.9510031515560808,0.0215684619280769,26.96543136923856,26.96543136923856,26.773277899712983,28.55489898137205,8010265200.0,12025620200.0,37.13131906845658,13.206600113760954,61.69002903417098,-59.25322109374422,2.1047105330574443,2.1047105330574443,19.826753938354752,56.57730908201288,92.61377005244634,-88.95544837891218,0.0067328607297546,-0.0168767196371975,1.0558468157782377,0.3498211119733363,18.89116545598253,0.7337539498449664,2.8461500675426747,2.2466822389480057,0.0064358668174931,0.9558888971297188,0.0,0.0,0.0,2.041125324420279,0.4369640663770434,2.9488523203934265,0.0038381956523531,15.117807385765596,0.0074567999536607,0.0046950163287883,-51.17459655861332,-278811000.0,3833190000.0,-6885502000.0,9227452000.0,311982500.0,224284000.0,295102500.0,44.74945386498718,68.4022457272248,93.09376841713453,2.011197729284864,1.3157462747480977,0.9667671803415244,0.0141707228955233,1.864440880184591,2017-02-22,0.42,bmo,664300238.0,2025-04-25,2016-12-31,-0.0952380952380951,56.84666666666667,816822.2222222222
2016-09-30,EVRG,USD,1711269,2016-09-30,2016-09-29 20:00:00,2016,Q3,764654000.0,300370000.0,464284000.0,0.6071818103,0,0.0,0.0,60582000.0,7466000.0,193708000.0,494078000.0,0.0,40897000.0,90659000.0,371320000.0,0.4856052541,270576000.0,0.3538541615,-30812000.0,239764000.0,0.3135588122,81211000.0,154720000.0,0.2023398818,1.09,1.08,142090706,142577945,,,5.381449790248772,1.0888819146271256,2.5609838267676706,0.3208302730229238,0.0277076531662809,26.915328297404617,26.915328297404617,26.75028583502147,27.27186111665882,8063647565.5,11893891565.5,13.029420187273784,10.54548536396854,22.15945270986996,176.8848041217891,2.1214726582735395,2.1214726582735395,15.554605828910852,32.031378771679414,32.68522409258791,260.9053362910479,0.0191873465132533,0.0056533968814612,1.008738302647721,0.3409852782064843,10.315210600021544,0.8312755990002486,6.616035406020002,2.2950811400604216,0.0064052898617472,0.3338288521199586,0.0,0.0,0.0,0.874723819155134,0.4162732425384553,3.5110137989609416,0.0029385839870058,25.600347757000755,0.0167816904400868,0.0137597161542731,-49.47004415616036,-154725000.0,3824418000.0,-6657697000.0,9143960000.0,310613500.0,203210000.0,294772500.0,37.94492672502857,68.3295269168026,86.91680261011419,2.37185857946685,1.3171465406102278,1.035472972972973,0.040705431012687,2.240153553744747,2016-11-01,1.05,bmo,742806742.0,2025-04-25,2016-09-30,0.0285714285714285,55.3203125,756835.9375
2016-06-30,EVRG,USD,1711269,2016-06-30,2016-06-29 20:00:00,2016,Q2,621448000.0,259476000.0,361972000.0,0.5824654677,0,0.0,0.0,75724000.0,474000.0,208357000.0,467833000.0,0.0,39683000.0,92728000.0,249097000.0,0.4008332153,153615000.0,0.2471888235,-36929000.0,116686000.0,0.1877647044,40542000.0,72340000.0,0.1164055561,0.51,0.51,142033842,142497335,,,4.3753516151453535,0.5093152377022935,0.6322788902661662,-1.358669154355481,0.036702520516202,26.153985188966445,26.153985188966445,26.015863177171536,27.229081080549804,7966678197.780001,11789233197.78,27.53206454859,12.819541132612867,88.710853491231,-41.283045118226525,2.155992273560925,2.155992273560925,18.970586755094555,47.32788109764469,131.27591111608487,-61.091390154163456,0.0090803215849936,-0.0242230193324207,1.035894513133898,0.348906938108653,15.345648482318133,0.903053032765234,3.871053095784089,1.1794100651397352,0.0064609111504394,0.7115288913464197,0.0,0.0,0.0,3.1488447191136357,0.455037267800363,3.049585885600897,0.0036801148285938,17.266476178059843,0.0095668538706066,0.0065939022173705,-48.417438077891326,-79643000.0,3714751000.0,-6514123000.0,8984127000.0,261965500.0,204340500.0,300402500.0,43.27906759696708,61.86953706701198,103.87030014336588,2.07952724023812,1.4546738874499647,0.8664651962666756,0.0195771031786947,1.9909480446216472,2016-08-02,0.53,bmo,644898867.0,2025-04-25,2016-06-30,-0.0377358490566038,52.92953125,1946418.75
2016-03-31,EVRG,USD,1711269,2016-03-31,2016-03-30 20:00:00,2016,Q1,569450000.0,238575000.0,330875000.0,0.5810431118,0,0.0,0.0,56456000.0,3934000.0,189064000.0,427639000.0,0.0,40431000.0,91969000.0,239730000.0,0.4209851611,141811000.0,0.2490315216,-34481000.0,107330000.0,0.1884801124,38622000.0,65585000.0,0.1151725349,0.46,0.46,141992846,142311228,,,4.010413313358055,0.4618894673045711,1.6823101073697757,0.1269571003598308,0.024444893512452,25.96754064637876,25.96754064637876,25.85616179564427,25.772784355628733,7044265090.059999,10659914090.06,26.851662308683387,12.370296057704802,29.489212353103703,390.7619176823653,1.9186915827683797,1.9186915827683797,18.719666502871192,44.46633333358361,44.62530388176292,591.3304537671271,0.0093104105483686,0.0025591030106799,0.9857628854466564,0.3349301292654168,15.08217160972761,0.6290699699143243,3.5074818827137597,3.476683937823834,0.0070504160994851,0.7572615689563162,0.0,0.0,0.0,0.9245340678845928,0.38782860655018,2.401341756461417,0.0043743963473527,16.392391465629593,0.0088998542978712,0.0060695397024338,-47.85757657114641,-398354000.0,3687205000.0,-6442813000.0,8543226000.0,241688000.0,225638000.0,301317000.0,35.574852928264114,86.88098082364036,113.67745991826467,2.529876938113643,1.035899907514752,0.7917136789009093,0.0178638063512729,1.5553530070099446,2016-05-03,0.46,bmo,569450000.0,2025-04-25,2016-03-31,0.0,44.61459016393442,1309006.5573770492
2015-12-31,EVRG,USD,1711269,2015-12-31,2015-12-30 19:00:00,2015,Q4,545965000.0,240979000.0,304986000.0,0.5586182264,0,0.0,0.0,70711000.0,-3033000.0,196627000.0,437606000.0,0.0,42682000.0,82062000.0,199206000.0,0.3648695429,108359000.0,0.1984724296,-42343000.0,66016000.0,0.1209161759,24190000.0,39235000.0,0.071863581,0.28,0.28,141713000,142057000,,,3.852610557958691,0.276862390888627,0.9237684616090268,-0.5843006640181211,0.0227996020125182,25.91126431590609,25.91126431590609,25.80370890461708,25.568141243216925,6010048329.999999,9587473330.0,38.29519771887345,11.008120172538533,45.909772591857,-72.58249495791215,1.6435621776996383,1.6435621776996383,17.560600642898354,48.12843654307601,73.23713490184096,-115.78654553578976,0.0065282336922571,-0.0137774266450865,0.9791985770858648,0.334463638226711,17.95841992711063,0.8568658259004582,2.5387516986083125,3.129871371873954,0.0080704841852744,1.2362431502485025,0.0,0.0,0.0,1.6325185241769151,0.3914408432774994,2.361260883015866,0.0037822937367779,12.678395883365722,0.0067656558560641,0.0036648817551378,-47.18064327196517,-119794000.0,3671963000.0,-6316562000.0,8673347000.0,273525000.0,198139000.0,288991500.0,42.57734470158344,82.52673469472444,112.52623672602176,2.1138002059732237,1.0905556888070271,0.799813471227439,0.0107295579837783,1.508069125627148,2016-02-24,0.36,bmo,667290555.0,2025-04-25,2015-12-31,-0.2222222222222221,40.88515625,1008682.8125
2015-09-30,EVRG,USD,1711269,2015-09-30,2015-09-29 20:00:00,2015,Q3,732829000.0,301874000.0,430955000.0,0.5880703411,0,0.0,0.0,60485000.0,-4755000.0,175351000.0,477225000.0,0.0,44306000.0,85627000.0,336790000.0,0.4595751533,255604000.0,0.348790782,-48747000.0,206857000.0,0.2822718533,66293000.0,138003000.0,0.1883154187,0.97,0.97,141622697,141838178,,,5.174516624266801,0.974441264877197,2.4840580461477866,1.4135375489989432,0.0270366267632934,25.955733634983662,25.955733634983662,25.866397672118897,24.40454865790333,5443976472.679999,8852079472.68,9.862061825974797,7.428713209602785,15.474678645135432,27.194183859652625,1.4860979285659883,1.4860979285659883,12.0793247438079,26.28367669075685,25.1623213047223,44.21861077621648,0.0253496687012798,0.0367725689125635,0.9313899689048224,0.3223645628495403,10.119371121470351,0.862284096948536,5.769060623843272,2.502767422668678,0.0089238078532848,0.3520285790888603,0.0,0.0,0.0,0.4309563131219815,0.206883188301773,1.770586380464106,0.0027823680558493,23.81425872187318,0.0173043321590062,0.0130387348771678,-46.245493404210485,-121010000.0,3675921000.0,-6150475000.0,8528841000.0,277547000.0,180308000.0,277857500.0,35.46360747186588,52.26621040566594,82.49140369823171,2.537812885262706,1.721953807277436,1.091022772860504,0.037672090146806,1.0705204971488431,2015-11-03,1.03,bmo,775518067.0,2025-04-25,2015-09-30,-0.058252427184466,36.92796875,1146353.125
2015-06-30,EVRG,USD,1711269,2015-06-30,2015-06-29 20:00:00,2015,Q2,589563000.0,280171000.0,309392000.0,0.5247819147,0,0.0,0.0,63663000.0,12488000.0,177916000.0,458087000.0,0.0,45516000.0,81884000.0,227482000.0,0.3858485013,131476000.0,0.2230058535,-31394000.0,100082000.0,0.1697562432,33839000.0,63710000.0,0.1080630908,0.47,0.46,135939197,137412152,,,4.336961031188084,0.4686654136996263,0.1422621320913055,-0.9441206276950422,0.0166692171942136,26.36814163320385,26.36814163320385,26.29391727244056,26.561573701218787,4651839321.34,8214816321.34,18.253960607989324,7.890317610399568,240.5418750369719,-36.24536843723459,1.301441684988756,1.301441684988756,13.933737906449354,36.111939939599615,424.7797880624644,-64.00673446420919,0.0136956579105676,-0.0275897319606967,0.9974454268076032,0.3379967063446806,15.662676607379924,0.891833002929254,2.888566657878548,0.291940280482466,0.0097269051818767,0.7102181761105008,0.0,0.0,0.0,7.636485857593464,0.2504940099700965,1.8035513653460995,0.0034177857158607,16.651384818270294,0.0086687250847707,0.0060399165389903,-48.71419462629311,-91393000.0,3584464000.0,-6210163000.0,8522491000.0,251307500.0,194222500.0,272496500.0,40.6567237089166,59.52661053428085,89.63218891319944,2.213655990688244,1.5119288532003647,1.004103560241698,0.0178241001081588,1.0863827597863478,2015-08-04,0.42,bmo,533414142.0,2025-04-25,2015-06-30,0.0952380952380953,36.56444444444444,956573.015873016
2015-03-31,EVRG,USD,1711269,2015-03-31,2015-03-30 20:00:00,2015,Q1,590807000.0,297374000.0,293433000.0,0.4966647315,0,0.0,0.0,55418000.0,-2899000.0,167875000.0,465249000.0,0.0,44298000.0,79546000.0,204685000.0,0.3464498559,125558000.0,0.2125194861,-44717000.0,80841000.0,0.1368314864,27678000.0,50980000.0,0.0862887542,0.38,0.38,132395497,135539631,,,4.46244028979324,0.3850584132782099,1.605001716939059,0.1908826249581585,0.0458776932571959,25.04124441634144,25.04124441634144,24.98415788265065,28.15008126749205,5131649463.719999,8808221463.72,25.16501306257356,8.685830505935101,24.149506876491213,203.05672141975305,1.5513830877171766,1.5513830877171766,14.908796719944077,43.03305793643892,41.45142927466528,348.53677839981003,0.0099344275871571,0.0049247323260618,1.1133252110926026,0.3537694283283868,17.96209785768376,0.650683610140619,2.834394329315093,3.997046818275869,0.0085327340282237,0.8589054531188701,0.0,0.0,0.0,0.88107014282689,0.3168936725529657,2.353644432152465,0.0037677278705228,14.712515227050034,0.0084025745327076,0.0048973388851877,-51.195968923323726,-362137000.0,3315348000.0,-6419822000.0,8146185000.0,251806000.0,211244500.0,256686500.0,35.99424177438656,61.479551003113926,80.49469691365083,2.5003999407495185,1.463901387234294,1.1180860783480655,0.0154121029448665,1.4141190919809,2015-05-05,0.43,bmo,659505488.0,2025-04-25,2015-03-31,-0.1162790697674418,40.201475409836064,1149401.6393442622
2014-12-31,EVRG,USD,1711269,2014-12-31,2014-12-30 19:00:00,2014,Q4,596439000.0,311137000.0,285302000.0,0.4783422949,0,0.0,0.0,70807000.0,760000.0,180033000.0,491170000.0,0.0,45043000.0,73172000.0,179201000.0,0.3004515131,105269000.0,0.1764958361,-40870000.0,64400000.0,0.10797416,18627000.0,43449000.0,0.072847349,0.33,0.32,131467000,134522000,,,4.536796306297398,0.3304935839412172,1.3246137814052197,-0.2204051206766717,0.0346550845459316,25.111297892246725,25.111297892246725,25.062228544045272,28.240394928004747,5421699080.0,9084780080.0,31.195764459481232,9.090114965654491,31.13360330303257,-187.1099903368305,1.6455041070080152,1.6455041070080152,15.231700274462266,50.696034508736,52.16850565339979,-313.5277498619547,0.0080139084369839,-0.0053444500649047,1.1131403011239338,0.35446377167645,20.44118615409512,0.8249722526602725,2.337077903336811,3.804491730933083,0.0081419125902502,1.0159727496605215,0.0,0.0,0.0,1.166391988193611,0.3405528478184693,2.507487192148633,0.0020890652690384,13.651570568773266,0.0076481475875065,0.0041991877646479,-51.092211353419486,-148709000.0,3301307000.0,-6344772000.0,8292772000.0,283723500.0,207007000.0,245792500.0,40.33845875269726,63.4498307819385,71.5650661927061,2.231121435545231,1.418443499231825,1.2575968246525953,0.0131869192462432,1.5450189020818912,2015-02-25,0.35,bmo,647562342.0,2025-04-25,2014-12-31,-0.0857142857142856,38.16046875,1175310.9375
2014-09-30,EVRG,USD,1711269,2014-09-30,2014-09-29 20:00:00,2014,Q3,764040000.0,340688000.0,423352000.0,0.5540966442,0,0.0,0.0,60977000.0,8749000.0,167933000.0,508621000.0,0.0,44531000.0,80192000.0,346015000.0,0.4528755039,255419000.0,0.3343005602,-34127000.0,221292000.0,0.2896340506,71532000.0,147382000.0,0.1928982776,1.13,1.1,130196193,133028787,,,5.868374354079616,1.1319993050795272,2.818039387680099,1.1143874229870916,0.0448169786346978,25.17260239706087,25.17260239706087,25.076601126117417,28.088509469704693,4442294105.16,8048945105.16,7.535340314895984,5.814216670802575,12.10770869604086,30.61771812584,1.3606309654327051,1.3606309654327051,10.534716906392337,23.26183866352615,21.937827693691435,55.47591550813638,0.0331770019073718,0.0326608271684376,1.1064689094048843,0.358606957706749,10.423394939525744,0.9354575744751504,5.735757113022389,2.4499065170940173,0.0096673022954776,0.2913856508935962,0.0,0.0,0.0,0.6045522188728203,0.2903107167164023,2.7659741620111733,0.0027341500445002,25.27252734871864,0.0181893545016915,0.0146304264267698,-49.48894703856664,-51701000.0,3277377000.0,-6046949000.0,8261908000.0,279662500.0,182912500.0,250350000.0,35.35259934034867,51.42438242614944,64.50508970084066,2.54578168732507,1.7501425540549564,1.3952387387940814,0.04514165613539,1.7036519646930075,2014-11-05,1.07,bmo,742618317.0,2025-04-25,2014-09-30,0.0280373831775701,36.20296875,1015137.5
2014-06-30,EVRG,USD,1711269,2014-06-30,2014-06-29 20:00:00,2014,Q2,612668000.0,322151000.0,290517000.0,0.4741834077,0,0.0,0.0,62168000.0,3371000.0,167788000.0,489939000.0,0.0,47303000.0,75220000.0,204495000.0,0.3337778373,122729000.0,0.2003189329,-40757000.0,81972000.0,0.1337951386,26150000.0,53473000.0,0.0872789178,0.41,0.4,129363382,131973139,,,4.736023367107085,0.4133549940739799,0.3478727852059403,-1.266146551425194,0.0831069799953127,24.202699029621844,24.202699029621844,24.12446978233763,29.384095725017456,4940387558.58,8683559558.58,23.09757989349765,8.063727106001945,109.78151101239943,-30.16238519704749,1.5830399732955054,1.5830399732955054,14.1733525475135,42.46343215521162,192.95941421670148,-53.01544973582509,0.0108236447780565,-0.0331538767066036,1.2028631550075093,0.3802888228249292,18.30446710188513,0.8702954909766022,2.5945288882311903,0.8061696105478127,0.0086689555206292,0.8009275709236438,0.0,0.0,0.0,4.639682680769743,0.3407963203562125,2.7757910130284498,0.0035076093414377,14.97896279580505,0.00890729812489,0.0054170488374208,-49.52625426876981,-111501000.0,3130943000.0,-5992146000.0,7995872000.0,245493500.0,181189000.0,253104000.0,38.07682137797306,47.817886643220106,71.66480935958603,2.363642676645898,1.8821408957595729,1.2558464998966947,0.0171342623404146,1.6140193366311342,2014-08-06,0.51,bmo,744812078.0,2025-04-25,2014-06-30,-0.2156862745098039,35.82698412698412,952661.9047619049
2014-03-31,EVRG,USD,1711269,2014-03-31,2014-03-30 20:00:00,2014,Q1,628556000.0,317587000.0,310969000.0,0.4947355526,0,0.0,0.0,56486000.0,253000.0,161428000.0,479015000.0,0.0,46241000.0,76076000.0,228248000.0,0.3631307314,149541000.0,0.237911976,-43610000.0,105931000.0,0.1685307276,34961000.0,68955000.0,0.1097038291,0.53,0.52,129004112,131269363,,,4.872371820209886,0.5345178454466629,1.8473209598156064,0.1549020390915911,0.070269077934508,24.07290707136529,24.07290707136529,24.012668681444826,28.21077517281,4535784577.919999,8119784577.919999,16.444726915814663,7.216198044279268,19.032967613548625,226.98216373517485,1.4642270905594508,1.4642270905594508,12.918156183251767,35.57439529774631,34.07207600926516,406.3346133173197,0.0152024415656047,0.0044056325111374,1.1599014505123586,0.370020098946919,15.702218639374715,0.6985068785965509,3.2339482277632405,3.3579258841764124,0.0091695271866444,0.6031614821260243,0.0,0.0,0.0,0.9161477390983248,0.3473501167755936,2.86988011988012,0.002857342862052,16.993881203485714,0.0109425888150649,0.0071011061372073,-48.81402540098877,-305083000.0,3105504000.0,-5898131000.0,7657872000.0,240909000.0,212283500.0,244599000.0,33.18778279103214,54.18811223381309,70.7580285087236,2.7118412991517893,1.6608808886285666,1.2719404694677736,0.0222598267830055,1.6924189207240157,2014-05-07,0.45,bmo,530780622.0,2025-04-25,2014-03-31,0.1555555555555555,33.647377049180335,885660.655737705
2013-12-31,EVRG,USD,1711269,2013-12-31,2013-12-30 19:00:00,2013,Q4,559878000.0,198315000.0,361563000.0,0.645788904,0,0.0,0.0,66465000.0,1673000.0,258035000.0,456350000.0,0.0,46377000.0,76708000.0,183353000.0,0.3274874169,103528000.0,0.1849117129,-43260000.0,60268000.0,0.1076448798,17207000.0,41062000.0,0.0733409779,0.32,0.32,127462994,128298694,,,4.392474885691136,0.3221484033240267,1.1744036076855373,-0.5681413697217876,0.0352023741102456,24.07389708733815,24.07389708733815,24.028731037025537,28.417785322067672,4100484516.98,7671836516.98,24.965202114972485,7.323889341928063,27.3926270231741,-56.62323096759048,1.3388139369669458,1.3388139369669458,13.70269329564655,41.84189250778552,51.25046940725351,-105.939717427952,0.0100139385553007,-0.01766059588815,1.1675164409780154,0.3725953570819385,19.478012358674253,0.7397935312890217,2.232313431226685,3.4763010612851537,0.0100058907258642,0.9991963372461156,0.0,0.0,0.0,1.4837701161710968,0.3967114264178982,2.8955258903895293,0.0036436509382401,13.197287224778654,0.0081700495573828,0.0042785792516101,-48.77345419957733,-248601000.0,3068531000.0,-5821782000.0,7599941000.0,258284500.0,205782000.0,238551000.0,40.19311349972672,105.90015883821194,108.69571136827774,2.2391895567038347,0.8498570822494869,0.8279995490812531,0.0134068005017673,1.742544977407325,2014-02-26,0.29,bmo,501959586.0,2025-04-25,2013-12-31,0.103448275862069,31.55984375,942810.9375
2013-09-30,EVRG,USD,1711269,2013-09-30,2013-09-29 20:00:00,2013,Q3,694974000.0,347662000.0,347312000.0,0.499748192,0,0.0,0.0,54245000.0,6126000.0,123106000.0,470768000.0,0.0,45708000.0,75501000.0,308696000.0,0.4441835234,224206000.0,0.32261063,-36719000.0,187487000.0,0.2697755599,52392000.0,133125000.0,0.1915539286,1.04,1.04,127444792,128111472,,,5.453137700597448,1.0445699499435015,2.525014909985494,1.2774943365280866,0.0778611651702487,23.83149560164059,23.83149560164059,23.796029264185236,27.772362796904247,3906182874.8,7389994874.799999,7.335554694460094,5.620617281797592,12.138542183965194,23.992278575026106,1.2880300179379294,1.2880300179379294,10.63348395019094,23.939393042993757,22.964558343070227,45.390300809532576,0.0340805856425286,0.041680076232564,1.1520288985319915,0.3637096618878004,11.28557545287273,0.8128744460510833,4.905180712347948,2.382045094526774,0.0104933643185097,0.3078985915492958,0.0,0.0,0.0,0.4940646364201367,0.2287711482731728,2.105799923179825,0.002880683306138,23.648972169847923,0.0177890512207863,0.0138587639700244,-48.96250880145813,-159823000.0,3037200000.0,-5874363000.0,7490424000.0,252926000.0,163946500.0,238544000.0,34.51635600756288,46.13437764265292,61.50568655763357,2.607459489068896,1.9508228917082369,1.4632793329713667,0.0438968173364812,1.2475205734574073,2013-11-07,1.0,bmo,667175040.0,2025-04-25,2013-09-30,0.04,31.95875,857021.875
2013-06-30,EVRG,USD,1711269,2013-06-30,2013-06-29 20:00:00,2013,Q2,569589000.0,316003000.0,253586000.0,0.4452087382,0,0.0,0.0,54477000.0,11357000.0,122074000.0,438077000.0,0.0,45798000.0,73371000.0,217930000.0,0.3826092147,131512000.0,0.2308892903,-32751000.0,98761000.0,0.1733899356,29310000.0,67188000.0,0.1179587387,0.53,0.52,127311411,127930395,,,4.473982304696945,0.5277453094915427,0.2959357665119272,-1.4086325694717186,0.0312069434215916,23.09023187245957,23.09023187245957,23.07020224605004,28.649560721622983,3979754707.86,7577399707.860001,14.808279409492767,6.9870638440349095,105.63103057277844,-22.191734507262943,1.3549946232201833,1.3549946232201833,13.303276060211838,34.76987889625109,201.120068687228,-42.252765538573065,0.0168824475205228,-0.0450618224399142,1.2262497020870926,0.3797674863674635,16.50825953287753,0.7488493648403761,2.8715664439495177,0.5424753786787997,0.0102825432731266,0.6090670953146395,0.0,0.0,0.0,5.759926743815692,0.3809957706346155,2.957721715664227,0.0033796298734701,16.55118720963601,0.0102369261821556,0.0070845430787099,-49.02061960494649,-222855000.0,2939650000.0,-5879614000.0,7334423000.0,232784500.0,174438000.0,238244000.0,37.81447675429125,42.62997503188261,68.21052331781661,2.3800408659571533,2.111190539818279,1.319444502436356,0.0228756256171053,1.7045683359836457,2013-08-07,0.45,bmo,480986266.0,2025-04-25,2013-06-30,0.1555555555555555,32.84734375,839429.6875
2013-03-31,EVRG,USD,1711269,2013-03-31,2013-03-30 20:00:00,2013,Q1,546212000.0,310481000.0,235731000.0,0.4315741873,0,0.0,0.0,48945000.0,-1646000.0,115791000.0,426272000.0,0.0,44284000.0,69703000.0,187997000.0,0.3441832109,119940000.0,0.2195850695,-41871000.0,78069000.0,0.1429280206,24813000.0,51144000.0,0.0936339736,0.4,0.4,127196454,127619268,,,4.2942392089012165,0.4020866808126585,1.522322312538681,0.0915670180553932,0.044364444310688,22.98509044914098,22.98509044914098,22.85752399984358,27.35157223801223,4206386733.78,7635482733.780001,20.5614868497771,7.701014869281525,21.72338914539802,361.15624055808365,1.4467883748137509,1.4467883748137509,13.978972878259723,40.61491797092507,39.43255179245381,655.5750608551559,0.0121586537893153,0.0027688847310369,1.1813798326750122,0.3657680477385404,18.24016340686288,0.8587660705901144,2.708427422997019,3.635909568874869,0.0095007907092952,0.7814015329266385,0.0,0.0,0.0,0.9398504394889328,0.3331801571550973,2.6108919271767355,0.0040661867553257,14.380225451139063,0.0092607548102986,0.0054463646389259,-48.531510163011305,-102571000.0,2923622000.0,-5843184000.0,7332006000.0,225344500.0,190010500.0,243003500.0,37.27948122706935,57.74150431105285,68.6972471745453,2.414196685082873,1.558670856844515,1.3100961639893498,0.0175909989557666,1.430755294483288,2013-05-08,0.31,bmo,387634322.0,2025-04-25,2013-03-31,0.2903225806451613,30.791166666666665,690693.3333333334
2012-12-31,EVRG,USD,1711269,2012-12-31,2012-12-30 19:00:00,2012,Q4,523772000.0,750021000.0,-226249000.0,-0.4319608532,0,0.0,0.0,61666000.0,-395691000.0,-334025000.0,415996000.0,0.0,44451000.0,73535000.0,184661000.0,0.3525598925,107776000.0,0.2057689224,-41101000.0,66675000.0,0.1272977555,18980000.0,45607000.0,0.0870741468,0.36,0.36,126711869,126898786,,,4.133566998368559,0.3599268194836586,1.1455122645219604,-0.5258623404884036,0.0460020047530038,22.96750117386399,22.96750117386399,22.85610671562267,27.23980813510059,3626493690.78,7027820690.780001,19.87904099579012,6.923802132950979,24.98445532745436,-54.42488993111522,1.2521817628912968,1.2521817628912968,13.417709787426592,38.0579585877906,48.41764168639339,-105.47057300106556,0.0125760593809803,-0.0183739462085396,1.1764472711954532,0.3677356776101966,18.41930348043171,0.7600092655952141,2.424602371150255,3.0432959429709614,0.0109185354715131,0.8682000570087925,0.0,0.0,0.0,1.4590630382363072,0.4043419655880803,2.8800299177262527,0.0,13.60502959969202,0.008776636113325,0.0049223813200124,-47.79591523505979,-203066000.0,2910255000.0,-5711901000.0,7132674000.0,245828500.0,175065500.0,249150500.0,38.56546359866507,21.69839244501154,29.88108332966677,2.3336942331769435,4.147772708419743,3.0119389918720083,0.0157475122059016,1.6713746050103642,2013-02-28,0.2,bmo,388900710.0,2025-04-25,2012-12-31,0.7999999999999998,28.895806451612906,586398.3870967742
2012-09-30,EVRG,USD,1711269,2012-09-30,2012-09-29 20:00:00,2012,Q3,695758000.0,177506000.0,518252000.0,0.7448739361,0,0.0,0.0,54300000.0,214062000.0,268362000.0,445868000.0,0.0,45017000.0,72693000.0,322583000.0,0.4636425309,249890000.0,0.3591622374,-42451000.0,207439000.0,0.2981482067,66372000.0,139281000.0,0.2001859842,1.1,1.09,126783248,127134524,,,5.48777548276725,1.0985757361256434,2.766745650813426,1.3406187543010415,0.060930762714014,22.863943349992105,22.863943349992105,22.76874149808814,26.40784214646402,3721088328.8,7019764328.8,6.679102549522189,5.348250869986404,10.608130888855314,21.89287588722583,1.2890479696677342,1.2890479696677342,10.08937637626876,21.76111056317289,20.012042775894656,41.3005055586934,0.037430178402918,0.0456769592606828,1.144234150126702,0.3615226164038566,10.225820951507052,0.915398227221743,5.551014061354599,2.4865985666385475,0.0107162196853465,0.286298920886553,0.0,0.0,0.0,0.5154528375577646,0.2598734042583772,2.487295888187308,0.0,23.72333674713835,0.0196751572584778,0.0152444423527145,-46.57526994418064,-62679000.0,2898765000.0,-5559553000.0,7118526000.0,272353000.0,160266500.0,252800500.0,34.56607038654245,85.8423940599191,126.39375570403251,2.603709330958244,1.048433014777976,0.7120604930100086,0.0482492954745825,1.4261268965123846,2012-11-08,1.05,bmo,662626666.0,2025-04-25,2012-09-30,0.0476190476190476,29.9084126984127,524558.7301587302
2012-06-30,EVRG,USD,1711269,2012-06-30,2012-06-29 20:00:00,2012,Q2,566262000.0,147680000.0,418582000.0,0.7392019948,0,0.0,0.0,62711000.0,4523000.0,285480000.0,433160000.0,0.0,44823000.0,73947000.0,211572000.0,0.3736291681,133102000.0,0.2350537384,-40300000.0,92802000.0,0.1638852687,28340000.0,62734000.0,0.1107861732,0.48,0.48,126637067,126876536,,,4.471534388900526,0.4953841832107498,0.3096723647271458,-1.4879924532680466,0.0997733151858294,22.06395067567381,22.06395067567381,21.98274222507064,27.49238499024934,3792780156.65,7222858156.65,15.114531819467912,6.697924559038043,96.7151202736128,-20.12779025472975,1.3624323887054886,1.3624323887054886,12.7553290820327,34.139007792382735,184.18140954329863,-38.330767408655504,0.0165403733960183,-0.0496825526967628,1.2345337179353624,0.3800508712933718,16.212343788403004,0.8419017999656792,2.969502264462441,0.6083489753812265,0.0105004767888198,0.63483916217681,0.0,0.0,0.0,5.805054059567524,0.4020241513645627,3.078569786468687,0.0,15.65320456145416,0.0107677662781995,0.0069374368905455,-46.58823944493282,-134509000.0,2794114000.0,-5532422000.0,6917815000.0,237657000.0,176690500.0,255460000.0,44.10311834451191,92.16163326110508,156.20557963163597,2.0406720290607163,0.9765451936492822,0.5761637978120757,0.022535140436018,1.7976648179951926,2012-08-07,0.44,bmo,514783636.0,2025-04-25,2012-06-30,0.0909090909090908,28.514126984126985,905200.0
2012-03-31,EVRG,USD,1711269,2012-03-31,2012-03-30 20:00:00,2012,Q1,475677000.0,127654000.0,348023000.0,0.7316372244,0,0.0,0.0,47334000.0,229324000.0,276658000.0,404312000.0,0.0,42046000.0,74658000.0,146023000.0,0.3069793158,71365000.0,0.1500282755,-29685000.0,41680000.0,0.0876224833,12443000.0,27524000.0,0.0578627935,0.21,0.21,126495075,126609244,,,3.760438894557753,0.2175894990378084,0.5056560502454345,-0.996109927599948,0.0775128992176177,22.048012541199725,22.048012541199725,21.97670541718719,25.82181163970218,3533007444.75,6753567444.75,32.09024346706511,7.427324518002762,55.23517415927958,-28.039074027999337,1.270891130849711,1.270891130849711,14.197801122925853,46.25002530252083,105.58553296046152,-53.598465471060216,0.0077905298617188,-0.0356645158467578,1.1598380543499962,0.3646808516895136,22.055155694650843,0.7234871602272194,1.6973077106026733,2.187741560351609,0.0110059207652622,1.4127307077459672,0.0,0.0,0.0,2.969935744102059,0.3993592290566918,2.5444828417584184,0.0,10.372692863963202,0.0060326916496561,0.0031130848075828,-45.59030855549119,-241490000.0,2788965000.0,-5420575000.0,6643396000.0,214794000.0,194791000.0,241861000.0,37.42947420203205,142.5247935826531,179.5036583264136,2.4045221558339147,0.6314690780296209,0.5013825391588506,0.0099009153058783,1.5017659778453825,2012-05-09,0.26,bmo,567153346.0,2025-04-25,2012-03-31,-0.1923076923076923,28.09258064516129,962438.7096774194
2011-12-31,EVRG,USD,1711269,2011-12-31,2011-12-30 19:00:00,2011,Q4,486228000.0,144096000.0,342132000.0,0.7036452035,0,0.0,0.0,52462000.0,217094000.0,269556000.0,413652000.0,0.0,41779000.0,79511000.0,152087000.0,0.3127894733,72576000.0,0.1492633086,-42738000.0,29838000.0,0.0613662726,8532000.0,19577000.0,0.0402630042,0.17,0.16,116890552,118792228,,,4.159686062565604,0.167481457355082,1.0686834638269138,-0.5120773148543263,0.1002561781041123,23.96037106574704,23.96037106574704,23.87401678109964,26.49131984593588,3364110086.56,6415377086.559999,42.95997965163202,6.918791362406114,26.93033154732267,-56.20245061663631,1.2054946707913972,1.2054946707913972,13.194174515988385,42.18228439353791,51.35629557201066,-107.17839327998396,0.0058193696092801,-0.017792818445251,1.0946586938441156,0.3518206174446619,20.062641777403723,0.7658587648542767,1.737140668757031,5.863090209330705,0.0105846714536061,1.8188690810645145,0.0,0.0,0.0,1.47916649989193,0.380019250228288,2.32390486850876,0.0,9.485000805319451,0.0063431408424997,0.002254674184781,-47.75416322783727,-193702000.0,2800741000.0,-5248525000.0,6551714000.0,241903500.0,169946500.0,219198500.0,42.8987635430292,117.06445702864757,143.10334776815455,2.097962565045176,0.7688072219732377,0.6289161043654361,0.0070152190513526,1.58076077868124,2012-02-23,0.15,bmo,453812799.0,2025-04-25,2011-12-31,0.0666666666666667,27.16873015873016,1072042.857142857
2011-09-30,EVRG,USD,1711269,2011-09-30,2011-09-29 20:00:00,2011,Q3,678152000.0,199540000.0,478612000.0,0.7057591808,0,0.0,0.0,27499000.0,210025000.0,237524000.0,437064000.0,0.0,43844000.0,79701000.0,320789000.0,0.4730340691,241088000.0,0.3555073199,-42996000.0,198092000.0,0.2921056046,61700000.0,134950000.0,0.1989966851,1.15,1.14,116806596,118164912,,,5.805768023579764,1.1553285912038735,2.280093839906096,0.8493099139709541,0.0917157109860474,22.41027552930316,22.41027552930316,22.338652861692847,27.44227731796927,3086030266.32,6243032266.32,5.716988266617266,4.550646855454235,11.587242392220178,31.107608147976418,1.1827033690695825,1.1827033690695825,9.205948321792164,19.461491093273143,23.440965217286823,62.93062110095257,0.0437293183650217,0.0321464766832306,1.21166311910235,0.3768333197654371,9.841366131631696,0.6813276671663796,5.498768360551044,1.9526805091207693,0.0112698181801933,0.2577176732123009,0.0,0.0,0.0,0.6275109826155522,0.2464418006582595,2.0968996624885508,0.0,24.0975288702404,0.0209536613779251,0.0160848105156877,-46.81112999817236,-282931000.0,2617668000.0,-5167323000.0,6335065000.0,266575500.0,162845000.0,216605500.0,33.44980181434251,68.76741505462564,94.39265310213491,2.6905989009899027,1.3087593874003869,0.9534640360475728,0.0517188121574275,1.4307839259351416,2011-11-03,1.02,bmo,704746196.0,2025-04-25,2011-09-30,-0.0392156862745098,25.93890625,1412468.75
2011-06-30,EVRG,USD,1711269,2011-06-30,2011-06-29 20:00:00,2011,Q2,524892000.0,152973000.0,371919000.0,0.7085629044,0,0.0,0.0,55970000.0,208343000.0,264313000.0,417286000.0,0.0,43300000.0,71215000.0,178821000.0,0.3406815116,107606000.0,0.2050059822,-42482000.0,65124000.0,0.1240712375,19599000.0,44129000.0,0.084072533,0.38,0.38,114908123,114908123,,,4.567927717346841,0.384037253832786,-0.2082446338454245,-1.858302045365409,0.1455510677865654,21.675656472084224,21.675656472084224,21.61539963541133,28.73896043015166,3092177589.93,6345935589.93,17.51783175423191,5.891073954127706,-129.22301767437,-14.4809612985754,1.2449457541333089,1.2449457541333089,12.089983444079923,35.48764177546261,-265.1985285607422,-29.71861900179831,0.014271172569037,-0.0690561889767896,1.3121264521687666,0.3915633844309869,18.19561460902243,0.6833736932740518,2.485127020785219,-0.5422511273765551,0.0112018145764985,0.784926012372816,0.0,0.0,0.0,-7.923649128672322,0.3612266904429864,2.6624306676964125,0.0,13.666571300836042,0.0095835875140123,0.0053019602679178,-47.80269972732911,-307788000.0,2490709000.0,-5168141000.0,6205591000.0,253999500.0,176047500.0,222287000.0,48.199515328867655,101.91504383126434,131.74795552156263,1.86723869287742,0.8830884687545101,0.6831225550613579,0.0177668356963263,1.6500574115199846,2011-08-04,0.44,bmo,596468181.0,2025-04-25,2011-06-30,-0.1363636363636363,26.72079365079365,906058.7301587302
2011-03-31,EVRG,USD,1711269,2011-03-31,2011-03-30 20:00:00,2011,Q1,481720000.0,134184000.0,347536000.0,0.7214481442,0,0.0,0.0,48767000.0,207610000.0,256377000.0,390561000.0,0.0,43538000.0,76046000.0,167205000.0,0.3470999751,91159000.0,0.1892364859,-44689000.0,46470000.0,0.0964668272,13513000.0,31584000.0,0.0655650585,0.27,0.27,113875389,113875389,,,4.230238019208874,0.27735580336854,0.837547084032354,-0.5318884135710834,0.0820106967977075,21.39189179849915,21.39189179849915,21.343040154181164,27.569433813306222,3008587777.38,6101186777.38,23.814176302716564,6.245511453499959,31.54449523339205,-49.67207279928677,1.237874258266072,1.237874258266072,12.665421359669518,36.48926035333872,63.96983284453112,-100.73117894269346,0.0104979486513451,-0.020132036849776,1.2738158865426812,0.3792765580644576,18.49585239675847,0.6665023262273453,2.093780146079287,3.019756838905775,0.0110377367912193,1.051418439716312,0.0,0.0,0.0,1.6350549404462338,0.3237254006476791,2.050666701733161,0.0,11.540856167829288,0.008472257189907,0.0038692814044668,-47.74443624513107,-288162000.0,2436010000.0,-5150848000.0,6092930000.0,235636000.0,183412000.0,213754500.0,42.390538071909,119.97182972634592,147.98917903773923,2.123115301044986,0.7501761055515178,0.6081525729462206,0.0129951404000992,1.3694354976034373,2011-05-05,0.28,bmo,498924285.0,2025-04-25,2011-03-31,-0.0357142857142857,25.85693548387097,935479.0322580644
2010-12-31,EVRG,USD,1711269,2010-12-31,2010-12-30 19:00:00,2010,Q4,456723000.0,124568000.0,332155000.0,0.7272570026,0,0.0,0.0,63108000.0,220807000.0,283915000.0,408483000.0,0.0,43079000.0,95071000.0,143311000.0,0.3137810007,48240000.0,0.1056220072,-43438000.0,4802000.0,0.0105140315,-1748000.0,5160000.0,0.0112978764,0.0462,0.0462,111629000,111629000,,,4.091436813014539,0.0462245473846401,0.9615332933198364,-0.564324682654149,0.1248152361841457,21.592713363014987,21.592713363014987,21.538336812118715,27.56041888756506,2808585640.0,5841120640.0,136.07488565891472,6.149428953654622,26.166540643778823,-44.58426287800619,1.1681496217406877,1.1681496217406877,12.789197478559217,40.75835518557543,54.41953360972656,-92.72355964759107,0.0018372236639364,-0.0224294388972237,1.261680828081985,0.3754454098067264,21.160518034205328,0.768489587990486,1.119803152348012,16.38702290076336,0.0116624537039219,6.347868217054264,0.0,0.0,0.0,1.5869008245213585,0.3729393965269977,1.7916083768972662,0.0,4.732969161906482,0.0087109646412894,0.0006386424738336,-48.09336507538364,-181237000.0,2410373000.0,-5067656000.0,5783202000.0,252391500.0,163165000.0,204255000.0,48.15634421739216,135.79619163830196,149.46077644338834,1.868912631609099,0.6627579088500378,0.6021646758545346,0.0021461521280803,1.5258579759739852,2011-02-24,0.11,bmo,672628418.0,2025-04-25,2010-12-31,-0.6363636363636365,25.058125,924003.125
2010-09-30,EVRG,USD,1711269,2010-09-30,2010-09-29 20:00:00,2010,Q3,644437000.0,187877000.0,456560000.0,0.7084633564,0,0.0,0.0,50418000.0,194520000.0,244938000.0,432815000.0,0.0,43956000.0,67918000.0,286364000.0,0.4443630642,211622000.0,0.3283827589,-43957000.0,167665000.0,0.260172833,51802000.0,114744000.0,0.1780530913,1.02,1.01,111706541,112315414,,,5.769017590473954,1.0271914157649908,2.341393777469128,1.1588220245759826,0.228786960648974,21.55179972854052,21.55179972854052,21.50988633691557,26.999520108674748,2706649488.43,5674244488.43,5.897148191691941,4.200021861609436,10.348536941185015,20.909164208253507,1.1264587650756723,1.1264587650756723,8.804963849732403,19.814796861442083,21.694766519581417,43.83416111820963,0.042393372503714,0.0478259192973992,1.2369207527067436,0.3776950674161601,10.363016999343492,0.924366538793532,4.814405314405314,2.257398824473732,0.0120868993712874,0.2851129470822003,0.0,0.0,0.0,0.5050717074047311,0.2049866782943872,1.9450072145822903,0.0046831575468199,22.29646470823587,0.0196854356493237,0.014581852567792,-46.0116341799537,-47929000.0,2407477000.0,-4875710000.0,5805341000.0,266563500.0,155186000.0,202559500.0,36.36718562093735,66.28719853946997,96.59442081787552,2.474758452251117,1.35772821876626,0.9317308312215152,0.0477543860379266,1.1825717528931452,2010-10-28,0.95,bmo,596952168.0,2025-04-25,2010-09-30,0.0736842105263158,23.705,813845.3125
2010-06-30,EVRG,USD,1711269,2010-06-30,2010-06-29 20:00:00,2010,Q2,495181000.0,137116000.0,358065000.0,0.7230992304,0,0.0,0.0,48154000.0,188917000.0,237071000.0,374187000.0,0.0,43289000.0,67107000.0,192832000.0,0.389417203,120994000.0,0.2443429776,-45306000.0,75688000.0,0.1528491602,21158000.0,53311000.0,0.1076596235,0.47,0.47,111522803,111522803,,,4.440177135791682,0.4780277984942684,0.7787645007451974,-0.4261280986633738,0.2997324233322938,20.806668569835,20.806668569835,20.77471994673591,27.897254339993587,2410007772.83,5474575772.83,11.301643998565025,4.866922949042875,27.749082013010938,-50.71245024156724,1.040206561407598,1.040206561407598,11.055706444370848,28.39039045817084,63.034839065400114,-115.19844649601244,0.0221206755434645,-0.0197190235383328,1.3241618487130182,0.3923566766566851,15.89242449385994,0.8745777246687519,2.7950287601931207,1.592730473692897,0.0135360559280242,0.6119187409727823,0.0,0.0,0.0,1.547184801381693,0.2713613809899814,2.002369350440341,0.0063249599641343,14.94808037544104,0.0118144006979618,0.0068180149781216,-46.25971201602599,-89216000.0,2320418000.0,-4876611000.0,5690888000.0,260943000.0,151044500.0,199586500.0,49.56787518099443,112.89448350301934,133.5572799673269,1.8156921125097627,0.7972045861531664,0.673868171184808,0.0230100718430803,1.204892599408571,2010-08-04,0.41,bmo,422715487.0,2025-04-25,2010-06-30,0.1463414634146341,22.56126984126984,1023847.619047619
2010-03-31,EVRG,USD,1711269,2010-03-31,2010-03-30 20:00:00,2010,Q1,459830000.0,133800000.0,326030000.0,0.7090228998,0,0.0,0.0,45927000.0,188102000.0,234029000.0,367829000.0,0.0,44616000.0,66930000.0,163132000.0,0.3547658917,92001000.0,0.2000761151,-46499000.0,45502000.0,0.0989539612,13820000.0,30680000.0,0.0667203097,0.27,0.27,110925146,110925146,,,4.145408111520538,0.2765829129492423,1.3700049581183331,0.4389987460552902,0.5279055481252195,20.691268686723205,20.691268686723205,20.66448485900573,27.80283020767897,2473630755.8,5510204755.8,20.156704333441983,5.379446220994716,16.277313354127184,50.79741161080992,1.079146184971628,1.079146184971628,11.983134540591088,33.77758352622416,36.25898054722047,113.15518226959094,0.0124028212084862,0.019686042424004,1.3259760990589435,0.3890319310564626,18.614214255939977,0.8585643726464007,2.062062937062937,4.796666877091092,0.0125540159650694,1.0121903520208606,0.0,0.0,0.0,0.6795641187618446,0.2245873474979884,1.5429852084267144,0.0046321466628971,11.34008275455848,0.0087523059146495,0.0039269042861878,-46.646855438892096,-103661000.0,2295182000.0,-4888329000.0,5607354000.0,255274500.0,121152000.0,194764000.0,48.76730530848357,87.50650224215246,131.6347533632287,1.8454987297471936,1.0284949997309616,0.6837100211040538,0.013384457190023,0.9310062120630428,2010-05-06,0.18,bmo,379359748.0,2025-04-25,2010-03-31,0.5000000000000001,21.83065573770492,729927.868852459
2009-12-31,EVRG,USD,1711269,2009-12-31,2009-12-30 19:00:00,2009,Q4,440118000.0,132242000.0,307876000.0,0.6995305804,0,0.0,0.0,56421000.0,189648000.0,246069000.0,378311000.0,0.0,40591000.0,64990000.0,126797000.0,0.2880977374,61807000.0,0.140432793,-40695000.0,21112000.0,0.0479689538,10496000.0,11383000.0,0.0258635184,0.1,0.1,109647689,109647689,,,4.013928647415451,0.1038143175092363,0.646288131070414,-0.2188281414668028,0.3376176947970148,20.673349531333944,20.673349531333944,20.673349531333944,26.309081625970247,2381547805.08,5221826805.08,52.30492412105771,5.411157473859283,33.6073013812373,-99.25597253813451,1.0506280062202635,1.0506280062202635,11.86460632166828,41.182573760262464,73.68800526473244,-217.63052450946068,0.0047796647103699,-0.0100749604726888,1.2547017030728542,0.3779344129805356,22.400206629494388,0.9223476800717386,1.5226774408120027,6.675207234363225,0.0130255625916179,2.7252042519546693,0.0,0.0,0.0,1.3385922330097086,0.2155285627945233,1.4595783966764118,0.0027265415184109,6.949047965374091,0.0043853072132387,0.0015125939424751,-44.95055066778471,-52996000.0,2266785000.0,-4629216000.0,5718744000.0,270132500.0,115090000.0,197018500.0,53.45098359985277,76.36749292962902,131.91565463317252,1.6837856656439136,1.1785119105970003,0.6822541285965609,0.0050216496050573,0.8651162725372169,2010-02-25,0.21,bmo,603590400.0,2025-04-25,2009-12-31,-0.5238095238095237,20.48734375,812281.25
2009-09-30,EVRG,USD,1711269,2009-09-30,2009-09-29 20:00:00,2009,Q3,528534000.0,141470000.0,387064000.0,0.7323351005,0,0.0,0.0,41920000.0,194811000.0,236731000.0,378201000.0,0.0,41599000.0,64516000.0,214849000.0,0.4064998657,150333000.0,0.2844339248,-40935000.0,109398000.0,0.2069838459,28256000.0,81142000.0,0.153522763,0.73,0.73,109753036,109753036,,,4.815666329266737,0.739314400377954,1.7498832560768525,0.6381964686607849,0.5742437958618293,20.810185150595743,20.810185150595743,20.810185150595743,25.60319151444704,2141281732.36,4905962732.360001,6.597328548593824,4.051360427824889,11.149315208455912,30.57052327622637,0.937521692325812,0.937521692325812,9.28220839597831,22.83446854469884,25.544571775585123,70.041156021358,0.0378941261085573,0.0327112490343815,1.2121068432705877,0.3656330460978881,12.868018934228225,0.999490838899908,3.613860910118032,2.366870832973885,0.0144717061429589,0.3818984003352148,0.0,0.0,0.0,0.6352919736533805,0.2308479681534206,1.8911742823485649,0.0022950273776143,18.60560574177189,0.015744216476731,0.010716618207104,-44.78542853247358,-335000.0,2283981000.0,-4630014000.0,5747968000.0,292340500.0,134750000.0,203555000.0,47.48816537819705,75.04919770976178,127.36650880045238,1.8952090333083524,1.1992133526604447,0.7066221791554699,0.0355265652385024,1.1116867874160674,2009-10-29,0.76,bmo,549397184.0,2025-04-25,2009-09-30,-0.0394736842105263,19.88171875,857021.875
2009-06-30,EVRG,USD,1711269,2009-06-30,2009-06-29 20:00:00,2009,Q2,467812000.0,120508000.0,347304000.0,0.7424007935,0,0.0,0.0,53638000.0,203624000.0,257262000.0,377770000.0,0.0,40094000.0,63814000.0,153856000.0,0.3288842526,90042000.0,0.1924747548,-35960000.0,54082000.0,0.1156062692,15696000.0,38386000.0,0.0820543295,0.35,0.35,109538854,109538854,,,4.270740316490804,0.3504327332108112,1.0302645671279342,-0.6756506691223919,1.014525859472658,20.37324582563188,20.37324582563188,20.37324582563188,26.00913644760242,2056044289.58,4860020289.58,13.390586995128432,4.395022550896514,18.21862131231503,-27.78062815268207,0.9213063132230598,0.9213063132230598,10.388832029918,31.58811024321443,43.06467018962553,-65.66707593000946,0.0186698312845397,-0.0359963062931482,1.2586659628563823,0.3695781973734832,18.22467762063228,1.0134798233904918,2.2457724347782717,2.940054708870653,0.0151339152360167,0.8106080341791279,0.0,0.0,0.0,1.6558030729969695,0.3994425110942002,2.928260256370076,0.0025608577804759,12.674291890621284,0.0090280358377641,0.0050505688435715,-44.95880977538801,9846000.0,2231662000.0,-4628399000.0,5718402000.0,275027000.0,163860000.0,207437500.0,58.831710174172535,113.1691671922196,154.52384903906795,1.529787247957829,0.7952696147982921,0.5824343656961682,0.0172006334292558,1.7059152362503265,2009-08-06,0.35,bmo,467812000.0,2025-04-25,2009-06-30,0.0,17.82873015873016,1194134.9206349207
2009-03-31,EVRG,USD,1711269,2009-03-31,2009-03-30 20:00:00,2009,Q1,421767000.0,140644000.0,281123000.0,0.6665362629,0,0.0,0.0,47982000.0,180381000.0,228363000.0,369007000.0,0.0,35077000.0,58214000.0,110974000.0,0.2631168394,52760000.0,0.1250927645,-37173000.0,15587000.0,0.0369564238,4401000.0,44164000.0,0.1047118433,0.4,0.4,109330973,109330973,,,3.857708281805925,0.4039477449816531,0.9433008521747996,-0.4460949963374057,0.8909552099202483,20.32841141915018,20.32841141915018,20.32841141915018,25.073096166444984,1916571956.69,4603310956.690001,10.849175554127797,4.544148680883047,18.583678748497075,-39.296562714057245,0.8623398867009371,0.8623398867009371,10.914345969907556,41.48098614711554,44.63513707375015,-94.38429747990652,0.0230432256121878,-0.0254475183307133,1.2176191493908954,0.3641384716778991,24.21052679005893,0.7724517999191047,1.5041195085098498,9.219738959413553,0.0155548555826135,0.6750294357395163,0.0,0.0,0.0,1.472908505604468,0.3601609419418778,2.609406671934586,0.0036086275123468,13.592695057127653,0.0054506073749481,0.0059426046973004,-44.12884444008378,-202527000.0,2222525000.0,-4521720000.0,5417207000.0,239915000.0,185936000.0,206134000.0,52.12043616499157,112.74572679957907,133.0834589459913,1.7267698933887952,0.7982564178240412,0.6762673641998164,0.0198710925636382,1.389395848512205,2009-05-08,0.21,bmo,578423314.0,2025-04-25,2009-03-31,-0.5238095238095237,18.34606557377049,1377988.524590164
2008-12-31,EVRG,USD,1711269,2008-12-31,2008-12-30 19:00:00,2008,Q4,406097000.0,136404000.0,269693000.0,0.6641098063,0,0.0,0.0,47715000.0,170453000.0,218168000.0,354572000.0,0.0,0.0,81159000.0,132684000.0,0.3267298207,51525000.0,0.1268785536,-38524000.0,13001000.0,0.0320145187,-9872000.0,22873000.0,0.0563239817,0.22,0.22,103958414,103958414,,,3.9063408566429274,0.2200206709579082,0.7093798102768286,-1.3499244034253928,0.2204150594294368,21.23522199944297,21.23522199944297,21.23522199944297,25.31505530663444,2132187071.14,4740986071.14,23.304628504568708,5.25043787848716,28.912579273994524,-15.19344338687151,0.9658481555096532,0.9658481555096532,11.67451636219918,35.73140748801664,64.28804370596372,-33.78310676618972,0.0107274827380745,-0.0658178646233736,1.1921257666766325,0.3535699886299805,19.66174519911971,0.8518149170859081,0.0,3.224150745420365,0.0140756880136008,1.3121147204127137,0.0,0.0,0.0,2.902964228568329,0.5271696171111828,2.637809731514681,0.0,10.253010549384774,0.0131526054911845,0.003072981875278,-47.46064132913763,-129278000.0,2207580000.0,-4492548000.0,5404243000.0,231662500.0,192125000.0,201344500.0,52.20925049926496,129.1125626814463,134.7961203483769,1.7238324461537156,0.6970661733517985,0.6676750025697881,0.0103611194158309,2.0593042137022213,2009-02-27,0.23,bmo,441409782.0,2025-04-25,2008-12-31,-0.0869565217391305,19.35359375,1799012.5
2008-09-30,EVRG,USD,1711269,2008-09-30,2008-09-29 20:00:00,2008,Q3,574853000.0,220140000.0,354713000.0,0.6170499241,0,0.0,0.0,50802000.0,159638000.0,210440000.0,430580000.0,0.0,31920000.0,41455000.0,190946000.0,0.3321649187,144273000.0,0.2509737272,-26627000.0,117646000.0,0.2046540594,29361000.0,88285000.0,0.1535783931,0.8,0.8,108714778,108714778,,,5.287717185974477,0.8120791085090566,1.870012557078487,-0.8350290702888618,0.0395438419604738,20.35841898145623,20.35841898145623,20.35841898145623,22.834393314954845,2504788485.12,4951005485.12,7.092905038001925,4.35726783215883,12.320772880795678,-27.591853768671516,1.1317185298615933,1.1317185298615933,8.61264616366271,25.928825349156305,24.353439212977992,-54.538505013439085,0.0352464890845944,-0.0362425811757318,1.1071970273727318,0.351170469830204,12.81104081782284,0.7240597830006694,4.519830827067669,2.302720703169246,0.0116157512591751,0.3295576825055218,0.0,0.0,0.0,1.446536611279993,0.5115707841830868,7.093909058014715,0.0,19.286901036327315,0.0168366158627988,0.0126516557855404,-41.30599199678263,-271643000.0,2213261000.0,-4052093000.0,5071524000.0,237484500.0,215406500.0,204999500.0,35.656472176365085,77.0919869174162,81.10874897792314,2.5240859374656965,1.1674365079785964,1.109621355699827,0.0398891048095999,2.7050416273673483,2008-11-07,0.78,bmo,552743269.0,2025-04-25,2008-09-30,0.0384615384615384,22.4240625,1244328.125
2008-06-30,EVRG,USD,1711269,2008-06-30,2008-06-29 20:00:00,2008,Q2,451219000.0,191355000.0,259864000.0,0.5759154646,0,0.0,0.0,44254000.0,180571000.0,224825000.0,416180000.0,0.0,30311000.0,53742000.0,84977000.0,0.1883276192,35039000.0,0.0776540881,-26507000.0,8532000.0,0.0189087782,2687000.0,5845000.0,0.0129537985,0.06,0.06,100733815,100733815,,,4.479320077374217,0.0580242096459863,-0.1275539896905522,-2.517942956890891,0.0893245232497151,21.3748084493772,21.3748084493772,21.3748084493772,23.50842167548206,2166784360.65,4495568360.65,92.67683321856288,4.802068088112424,-168.63447432874156,-8.542687570079089,1.006324807585667,1.006324807585667,9.963162811517243,52.903354562411,-349.87690564635375,-17.724069202458583,0.0026975457761964,-0.1170591797717755,1.0857416474159447,0.3309355491756204,27.40487426009391,1.0424751107805124,1.1559829764771865,-2.198289136013687,0.0124687073114628,4.62224123182207,0.0,0.0,0.0,-18.740213246167016,0.5336499571161676,4.480536638011239,0.0,5.2825910544649295,0.0037894296949031,0.000827416022936,-45.77188901264188,38658000.0,2153166000.0,-3962204000.0,5156260000.0,214933500.0,231481500.0,209667500.0,49.31082246093361,113.93556478795956,99.52512346162892,1.8251571462086704,0.7899201638004343,0.9042942813801056,0.0027146072341844,2.3903889672003387,2008-08-08,0.33,bmo,738358363.0,2025-04-25,2008-06-30,-0.8181818181818182,23.27359375,1180039.0625
2008-03-31,EVRG,USD,1711269,2008-03-31,2008-03-30 20:00:00,2008,Q1,406827000.0,146449000.0,260378000.0,0.6400214342,0,0.0,0.0,41656000.0,164914000.0,206570000.0,353019000.0,0.0,10690000.0,55270000.0,109300000.0,0.2686645675,53808000.0,0.1322626079,-10912000.0,42896000.0,0.105440396,-18240000.0,61136000.0,0.1502751784,0.62,0.62,97415866,97415866,,,4.176188301811123,0.6275774420565127,0.1097870443403952,-1.823050056342978,0.0714873283577851,19.874473014488213,19.874473014488213,19.874473014488213,24.035263413867305,2218159268.82,4541921268.82,9.070593712460743,5.452340353073912,207.40152116129036,-12.490057484036624,1.1456907553423423,1.1456907553423423,11.164257212082775,41.55463191967063,424.6770704834034,-25.57474502978704,0.0275615916581692,-0.0800636827555106,1.2038320552412622,0.354161576230123,21.26040256175663,0.834805069103678,5.033489242282507,0.1749378434964669,0.0105740829027472,0.383652839570793,0.0,0.0,0.0,17.605329593267882,0.4628232639426586,3.406712502261625,0.0,16.752234062199236,0.0127469173324295,0.0092898187622246,-45.13707500172508,-146779000.0,1936089000.0,-3903138000.0,4784424000.0,189215000.0,249508000.0,200130500.0,40.40550405946508,135.64128126515033,127.65891197618284,2.227419310684662,0.6635148176171296,0.7050036586305168,0.031577060765285,1.932837100683373,2008-05-09,0.31,bmo,369973662.0,2025-04-25,2008-03-31,1.032258064516129,23.72606557377049,1220055.737704918
2007-12-31,EVRG,USD,1711269,2007-12-31,2007-12-30 19:00:00,2007,Q4,392853000.0,126979000.0,265874000.0,0.6767773187,0,0.0,0.0,45797000.0,173960000.0,219757000.0,346736000.0,0.0,0.0,56974000.0,103091000.0,0.2624162218,46117000.0,0.1173899652,-17777000.0,28340000.0,0.0721389426,14575000.0,13765000.0,0.0350385513,0.15,0.15,90675511,91466667,,,4.332514872731183,0.1518050446939306,0.4149742260619849,-2.815942222812508,0.0634460168633623,20.385658482806896,20.385658482806896,20.385658482806896,24.19829759768324,2352122755.34,4540562755.34,42.71926544387941,5.987284697685904,62.509906328797705,-9.211836730830235,1.2724631888578726,1.2724631888578726,11.557917988000602,44.04422069181597,120.66978726852344,-17.78262748970968,0.0058521605510381,-0.108555983917213,1.1870255561326062,0.3430876422695581,21.2282352484698,0.896498617681061,0.0,2.7335997094079185,0.0099888494113071,1.7068652379222666,0.0,0.0,0.0,7.785824386095461,0.7457369550442532,5.142082353354161,0.0,8.344431103118918,0.0038412946244219,0.0021523181396716,-47.40079986976858,-77084000.0,1848480000.0,-3879271000.0,4726588000.0,218809500.0,234403000.0,186481500.0,44.853036632022665,197.2523803148552,136.46327345466574,2.006553106724213,0.456268258240238,0.659518108583983,0.0074466588764822,3.230916448874493,2008-02-29,0.15,bmo,392853000.0,2025-04-25,2007-12-31,0.0,25.77234375,976950.0
2007-09-30,EVRG,USD,1711269,2007-09-30,2007-09-29 20:00:00,2007,Q3,548496000.0,182686000.0,365810000.0,0.6669328491,0,0.0,0.0,46182000.0,169061000.0,215243000.0,397929000.0,0.0,0.0,67074000.0,217641000.0,0.3967959657,150567000.0,0.2745088387,-31240000.0,119327000.0,0.2175530906,27621000.0,91706000.0,0.1671953852,0.99,0.99,91940879,91940879,,,5.965746749060339,0.9974453257076212,1.5963845636063585,0.0017837549714964,0.0875236357050708,19.204787024061407,19.204787024061407,19.204787024061407,21.875057339836832,2307716062.9,4310881062.9,6.291071638987635,4.207352583975088,15.723028505924116,14071.43940792683,1.3069658085014202,1.3069658085014202,7.859457612999912,19.8073022220078,29.371076852690887,26285.860139634144,0.0397388575979132,7.106593511937893e-05,1.1390419124372415,0.3372667470252888,9.203987300187006,0.9474406269433598,0.0,1.6004732514775477,0.0100272301137952,0.2523280919460013,0.0,0.0,0.0,0.9988826282763178,0.2672927423354044,2.185779884903241,0.0,20.76063133886129,0.0212295957986608,0.0153784803902826,-42.61353102791197,-36089000.0,1765705000.0,-3547019000.0,4465386000.0,231065000.0,173960500.0,176336000.0,39.6813468101864,93.85300460900125,88.88858478482204,2.268068178998817,0.9589463904213492,1.0125034639472372,0.0519373281493794,1.594600808634862,2007-11-02,0.79,bmo,409636253.0,2025-04-25,2007-09-30,0.2531645569620252,24.534603174603177,881031.746031746
2007-06-30,EVRG,USD,1711269,2007-06-30,2007-06-29 20:00:00,2007,Q2,415178000.0,131348000.0,283830000.0,0.6836344893,0,0.0,0.0,42960000.0,170108000.0,213068000.0,344416000.0,0.0,30419000.0,40228000.0,116819000.0,0.2813708819,70762000.0,0.17043774,-28424000.0,42338000.0,0.1019755382,9630000.0,32708000.0,0.0787806676,0.36,0.36,89781652,89781652,,,4.624307870833119,0.3643060611092342,0.0251164903938279,-2.2292862243167457,0.0680428557941883,18.671153433443173,18.671153433443173,18.671153433443173,22.688588978068704,2179898510.56,4180389510.56,16.66181446863153,5.250515467004513,966.6955700931264,-10.891378475835502,1.3004017178987155,1.3004017178987155,10.068909023503172,35.785184863421186,1853.83126854102,-20.886387194340216,0.0150043682499684,-0.0918157423524195,1.197021822114659,0.3424889590578396,17.124705741360568,0.9409875069124896,2.326243466254644,0.0689433777669071,0.0102711203716764,0.6845420080714198,0.0,0.0,0.0,89.7578713968958,0.487511380660825,5.031420900865069,0.0,12.3711488222936,0.01022356487254,0.00558264171876,-43.71824211922498,-40231000.0,1676327000.0,-3541042000.0,4357562000.0,194833500.0,149958000.0,165028500.0,47.75455346863273,107.86049273685173,118.02067789383926,1.884637033809057,0.834411170543916,0.7625782329513127,0.0195117062482439,2.2544027147105736,2007-08-08,0.32,bmo,363280750.0,2025-04-25,2007-06-30,0.1249999999999999,26.903174603174605,676300.0
2007-03-31,EVRG,USD,1711269,2007-03-31,2007-03-30 20:00:00,2007,Q1,370306000.0,103409000.0,266897000.0,0.7207471659,0,0.0,0.0,43645000.0,153307000.0,196952000.0,300361000.0,0.0,0.0,53543000.0,123488000.0,0.3334755581,69945000.0,0.1888843281,-27756000.0,42189000.0,0.1139301011,12014000.0,30175000.0,0.0814866624,0.34,0.34,87947281,87947281,,,4.210545178764537,0.3431032734258152,0.6840461616999848,-0.5232452837285555,0.0845279116701743,17.98193169837735,17.98193169837735,17.98193169837735,20.493049694168487,2420309173.12,4215183173.12,20.05227152543496,6.535970719134985,40.231203010638296,-52.59483621887088,1.5304251212612128,1.5304251212612128,11.382972928118908,34.134354537444935,70.06620965957447,-91.59857388673996,0.0124674154587868,-0.0190132733912992,1.1396467319480328,0.3301159549353334,14.534805001295672,0.8021098696491309,0.0,1.9937033968516984,0.0084476810760681,0.6775807787903894,0.0,0.0,0.0,1.7649268617021276,0.2867304337493856,1.9830416674448577,0.0,11.782077135854935,0.0098730713311141,0.0055269404231539,-41.670296208475165,-124988000.0,1581462000.0,-3371544000.0,4011074000.0,174615000.0,146463000.0,152872500.0,41.16430735661858,124.02382771325512,137.35119767138255,2.1863601206818166,0.7256670081823413,0.6552545702246301,0.0190804458153278,1.2072914454285404,2007-05-09,0.27,bmo,274300740.0,2025-04-25,2007-03-31,0.2592592592592592,26.74573770491803,500627.868852459
2006-12-31,EVRG,USD,1711269,2006-12-31,2006-12-30 19:00:00,2006,Q4,343151000.0,93156000.0,249995000.0,0.7285276744,0,0.0,0.0,51827000.0,151678000.0,203505000.0,296661000.0,0.0,24447000.0,35899000.0,82389000.0,0.2400954682,46490000.0,0.1354797159,-23339000.0,23151000.0,0.0674659261,10079000.0,13072000.0,0.0380940169,0.15,0.15,87509800,87881818,,,3.9212865301943327,0.1493775554280777,1.1352099993372171,-0.5159536417635511,0.2079309974425721,17.836802278144848,17.836802278144848,17.836802278144848,19.97161460773536,2271754408.0,3976823408.0,43.44695547735618,6.620276228249371,22.86801562279801,-50.3145978605125,1.4554178263111868,1.4554178263111868,11.589135418518378,48.268863658983605,40.03164228624348,-88.07830187592744,0.0057541431212664,-0.0198749476796437,1.1040236530964609,0.315895457065997,20.695347679908725,0.8093175868849295,1.9016648259500144,7.599602203182375,0.0091383117501141,1.58812729498164,0.0,0.0,0.0,1.4545006140403858,0.4210770185719989,4.024986768433661,0.0,7.742699995587652,0.0053009203913843,0.0023962567653649,-41.906446477994464,-126456000.0,1560895000.0,-3357560000.0,3945151000.0,187787500.0,139176500.0,142250000.0,47.1725566878721,145.32783717634936,142.9183305423161,1.9078889574611224,0.6192894750837632,0.6297302778341107,0.0083746824738371,1.6511636411007682,2007-03-01,0.11,bmo,,2025-04-25,2006-12-31,0.3636363636363636,25.55,449000.0
2006-09-30,EVRG,USD,1711269,2006-09-30,2006-09-29 20:00:00,2006,Q3,515947000.0,169053000.0,346894000.0,0.6723442524,0,0.0,0.0,41832000.0,165476000.0,207308000.0,376361000.0,0.0,0.0,57378000.0,196964000.0,0.3817523893,139586000.0,0.2705432922,-24603000.0,114983000.0,0.2228581618,24949000.0,90034000.0,0.1745024198,1.03,1.02,87578093,88031373,,,5.891279226644042,1.0280424808975916,2.1373381582994733,1.454096517036515,0.1035761306197886,17.409707699390076,17.409707699390076,17.409707699390076,18.84256602847016,2058960966.43,3700085966.43,5.717176195742719,3.9906443228277326,10.999663253429782,16.168115200436603,1.3503960207685533,1.3503960207685533,7.17144583926256,18.78559516678175,19.767105983577657,29.055148267568143,0.043727880939923,0.061850128329924,1.0823022622677507,0.3206511749012414,8.332106374768994,0.9865308263364844,0.0,2.079036808316858,0.010168721185765,0.2325454828176022,0.0,0.0,0.0,0.3196694161894179,0.1159750904647182,1.042856146955279,0.0,20.06746570040957,0.0232006718485175,0.0174945932974376,-38.79438206081971,-7036000.0,1524709000.0,-3106339000.0,3960474000.0,199658500.0,123843500.0,135622000.0,34.14001825768926,68.10651097584781,72.70678426292346,2.636202456620818,1.3214595595994654,1.2378487222669694,0.0590499564179131,0.6832416412629583,2006-11-03,0.77,bmo,368533571.0,2025-04-25,2006-09-30,0.2857142857142857,23.36285714285714,506887.3015873016
2006-06-30,EVRG,USD,1711269,2006-06-30,2006-06-29 20:00:00,2006,Q2,406622000.0,129750000.0,276872000.0,0.6809075751,0,0.0,0.0,39078000.0,168784000.0,207862000.0,337612000.0,0.0,0.0,56304000.0,125314000.0,0.3081830299,69010000.0,0.1697153622,-21110000.0,47900000.0,0.1177998239,12535000.0,35365000.0,0.0869726675,0.4,0.4,87461996,87461996,,,4.64912783376222,0.4043470492029475,-0.1516544397180233,-1.034323524928473,0.1143925414187894,16.625929735241808,16.625929735241808,16.625929735241808,20.1359228069755,1841075015.8,3592198015.8,13.014809951929877,4.527730953563752,-138.8023986580217,-20.351465951096568,1.2660946085547649,1.2660946085547649,8.834244127961597,28.665576198988145,-270.8231314686369,-39.70859143747789,0.0192088859478834,-0.0491365094977896,1.2111155963984137,0.3351651572326086,13.973881609397194,0.8804472267556573,0.0,-0.3750600876572882,0.0110918891542974,0.5774353174042132,0.0,0.0,0.0,-5.820265379975875,0.1898569187107436,1.3711281614094912,0.0,12.298761183377891,0.0106243358589264,0.0067304112963573,-40.82148148093945,-78528000.0,1454137000.0,-3222051000.0,3901443000.0,179214500.0,119178000.0,125547000.0,45.06418737795791,83.06913294797687,93.41549132947976,1.997151291005447,1.083434927102991,0.9634376345842554,0.0243202669349586,0.8826690852104496,2006-08-09,0.28,bmo,311501496.0,2025-04-25,2006-06-30,0.5357142857142856,21.256349206349206,537612.6984126985
2006-03-31,EVRG,USD,1711269,2006-03-31,2006-03-30 19:00:00,2006,Q1,340023000.0,110503000.0,229520000.0,0.6750131609,0,0.0,0.0,38265000.0,139572000.0,177837000.0,288340000.0,0.0,0.0,54339000.0,106022000.0,0.3118083188,51683000.0,0.1519985413,-16096000.0,35587000.0,0.1046605671,8749000.0,26838000.0,0.0789299547,0.3,0.3,87279334,87279334,,,3.895801954675777,0.3074954719521576,-0.1979391822581964,-0.9235405027265676,0.0933668902652259,16.484154198518517,16.484154198518517,16.484154198518517,19.54711295115978,1816282940.54,3514192940.54,16.91894832457709,5.341647301917812,-105.13330287913868,-22.532850414857453,1.2624244925997028,1.2624244925997028,10.33516244648156,33.14588425553187,-203.41473376591804,-43.597163245167856,0.0147763321457067,-0.0443796493381339,1.1858123089455532,0.3304773023601965,16.01469506328875,0.8269037052690899,0.0,-0.6437141366718832,0.0103375964068779,0.6996050376332067,0.0,0.0,0.0,-3.665779115536003,0.1862521064751502,1.1654612709103958,0.0,10.679328744711713,0.0082271788177828,0.0051987357065277,-40.57321289825608,-98291000.0,1438726000.0,-3254134000.0,3861646000.0,139769500.0,114202500.0,109119000.0,40.98111010137549,96.59303367329396,94.8191451815788,2.196133774252719,0.9317442115381372,0.949175399415908,0.0186540036115285,0.7256013204683711,2006-03-30,,bmo,,2025-04-25,2006-03-31,,21.029838709677417,433541.93548387097
2005-12-31,EVRG,USD,1711269,2005-12-31,2005-12-30 19:00:00,2005,Q4,394077000.0,184792000.0,209285000.0,0.531076414,0,0.0,0.0,41337000.0,137812000.0,179149000.0,363941000.0,0.0,24592000.0,7637000.0,52974000.0,0.1344255057,30136000.0,0.0764723645,-24940000.0,5196000.0,0.0131852404,-1705000.0,6901000.0,0.0175118061,0.0795,0.0794,86855485,86946753,,,4.537157325182169,0.0794538191802164,1.2320235158435875,0.4621815191061336,0.4716915690471361,16.549778059497335,16.549778059497335,16.549778059497335,19.429768885638023,1867392927.5,3489413927.5,67.6493597848138,4.738649876800727,17.4509656053753,46.518519480357725,1.2991110770613572,1.2991110770613572,8.854650049355836,65.87031237021935,32.608907067695874,86.92459276835314,0.0036955264734984,0.0214968148421457,1.1569117019922237,0.3191877113335735,30.61919054630573,0.8646583052609955,1.2254391672088485,14.000785032055475,0.010032168229897,2.7146790320243444,0.0,0.0,0.0,0.6248598235645934,0.1696749619998122,8.755401335602986,0.0,5.43932157091032,0.0084085547632915,0.0013245505961629,-41.30100419104217,-74447000.0,1437439000.0,-3297010000.0,3873285000.0,121484000.0,108891000.0,99468500.0,28.481718039875457,53.479750205636606,49.58883501450279,3.1599217390607084,1.6828799621153478,1.8149246695083383,0.0048008993772953,0.7698419967374541,2006-05-09,0.24,bmo,340023000.0,2025-04-25,2005-12-31,0.0,22.302063492063493,311593.6507936508
2005-09-30,EVRG,USD,1711269,2005-09-30,2005-09-29 20:00:00,2005,Q3,477896000.0,132030000.0,345866000.0,0.7237265012,0,0.0,0.0,42071000.0,150540000.0,192611000.0,324641000.0,0.0,0.0,50739000.0,203994000.0,0.4268585634,153255000.0,0.3206869277,-26400000.0,126855000.0,0.265444783,42380000.0,84475000.0,0.1767644006,0.97,0.96,86949726,87742708,,,5.496233536147083,0.971538426699585,1.802351855599867,1.3463412179125211,0.1872921370678039,17.09730517149646,17.09730517149646,17.09730517149646,19.12507464370848,2098096888.38,3744731888.38,6.20922429233501,4.390279241466763,13.388062894061791,17.922648195687827,1.41133352642193,1.41133352642193,7.835872006419807,18.357068778395444,23.895324529907985,31.98875733257022,0.0402626782718435,0.055795326063511,1.1186017007868931,0.3179466883102605,8.071977607184525,0.7508247888147208,0.0,1.8551304512524267,0.008907596261882,0.2212370523823616,0.0,0.0,0.0,0.2530086654670291,0.082967842375747,0.78145016653856,0.0,19.33236927435856,0.0212774109888322,0.0161514363258661,-41.28870687873128,-133003000.0,1486606000.0,-3342809000.0,3784392000.0,95585500.0,110412500.0,107757000.0,22.27080787451663,73.60259032038174,66.20245398773007,4.041164582223463,1.2227830516323224,1.359466221851543,0.0568240677085925,0.4560106376873459,2005-11-04,0.82,bmo,547832000.0,2025-04-25,2005-09-30,-0.1463414634146341,24.0,315459.375
2005-06-30,EVRG,USD,1711269,2005-06-30,2005-06-29 20:00:00,2005,Q2,374802000.0,119610000.0,255192000.0,0.6808715002,0,0.0,0.0,41391000.0,151392000.0,192783000.0,312393000.0,0.0,27739000.0,44632000.0,107041000.0,0.28559346,62409000.0,0.1665119183,-22236000.0,40173000.0,0.1071845935,12297000.0,27876000.0,0.0743752701,0.32,0.32,86827477,86827477,,,4.316628939937988,0.3210504435134053,-0.2310098219253797,-0.9417295402928728,4.607470052366027,16.347014206113577,16.347014206113577,16.347014206113577,24.866414119115777,2086464272.31,3817758272.31,18.712012773622472,5.566844019802456,-104.02155111725996,-25.51688034818022,1.4699932169272285,1.4699932169272285,10.186066969519908,35.666317320559415,-190.33593939126536,-46.69012660588495,0.0133604013114192,-0.0391897436659539,1.501616210008666,0.3776447191375163,16.174120196933885,0.8375797307772199,2.249864811276542,-0.7195436934997848,0.0089299396338916,0.6683885779882336,0.0,0.0,0.0,-3.076577924020341,0.1646469335809307,1.3826402581107726,0.0,10.86668595397584,0.0082875396518181,0.0049392305955887,-42.73400688586172,-160295000.0,1419370000.0,-3397804000.0,3763417000.0,61915500.0,111575500.0,118618000.0,17.50860454319881,84.91346877351393,89.08577878103837,5.140329703486299,1.059902525476296,1.0102622576966933,0.0196396993032119,0.7107197183674933,2005-08-09,0.33,bmo,340729090.0,2025-04-25,2005-06-30,0.0909090909090908,22.86046875,394750.0
2005-03-31,EVRG,USD,1711269,2005-03-31,2005-03-30 19:00:00,2005,Q1,336502000.0,91797000.0,244705000.0,0.7272022157,0,0.0,0.0,41261000.0,148516000.0,189777000.0,281574000.0,0.0,0.0,47512000.0,102440000.0,0.3044261253,54928000.0,0.1632323136,-31771000.0,23157000.0,0.0688168272,7542000.0,15615000.0,0.0464038847,0.18,0.18,86569149,86569149,,,3.8870891522798727,0.1803760367333633,1.2732827025942002,0.7582146845407941,0.2980738553869809,16.287268805195254,16.153052399764263,16.287268805195254,19.562523364992305,1873356384.36,3541063384.36,29.992897604226705,5.567147845659164,16.99544017672621,28.54072921722173,1.328645106728843,1.328645106728843,10.52315702242483,34.567194302616166,32.12519060085097,53.94837417898169,0.008335306688233,0.0350376471599257,1.2010929271795598,0.3284000920716569,16.279841858648965,0.7371907314934009,0.0,7.059045789305156,0.0098956077737088,1.1871918027537625,0.0,0.0,0.002253118326235,0.4045197637602402,0.1325073848000903,0.9384787001178648,0.0,8.130267056903566,0.0077872112563169,0.0030348473946957,-41.856317081273374,-148626000.0,1398356000.0,-3329976000.0,3777652000.0,71724500.0,107947000.0,121702000.0,13.618135999191685,108.14176933886728,116.51459198013008,6.608833984720231,0.8322408681698262,0.7724354389478378,0.011074664444405,0.5150680180534061,2005-05-10,0.27,bmo,423743259.0,2025-04-25,2005-03-31,-0.2592592592592592,22.70754098360656,337509.8360655738
2004-12-31,EVRG,USD,1711269,2004-12-31,2004-12-30 19:00:00,2004,Q4,344308000.0,98896000.0,245412000.0,0.7127688,0,0.0,0.0,49830000.0,154203000.0,204033000.0,302929000.0,0.0,0.0,46146000.0,87525000.0,0.2542055369,41379000.0,0.1201801875,-28639000.0,12740000.0,0.0370017542,-4201000.0,88843000.0,0.2580335049,1.07,1.06,82941374,83521127,,,4.151221319289936,1.071154186570384,0.8866744840759451,0.1978988194721732,0.296727662119511,16.991785064954435,16.991785064954435,16.991785064954435,20.55549501748066,1896869223.38,3577159223.38,5.337700278525039,5.509222043577263,25.793005675396373,115.56410523821128,1.3459445204005898,1.3459445204005898,10.389416520615264,40.87014251219651,48.64103809224661,217.93342411234312,0.0468366500468029,0.0086532059235755,1.2097313459947407,0.3352335592801085,19.19782919165953,0.9937072058942984,0.0,0.8277748387605102,0.008060650577036,0.1721013473205542,0.0,0.0,0.0,0.7768078105028419,0.1659212100793475,1.2379837905777316,0.0,20.2365631584683,0.0116276592437227,0.0174691404997256,-42.44079076866993,-2634000.0,1409322000.0,-3260449000.0,3908353000.0,98983000.0,103629500.0,125853000.0,24.18729741975208,96.0945842096748,113.35817424364988,3.720961397138287,0.9365772352333962,0.7939436269197113,0.0630395324844144,0.6887756646037718,2005-03-16,0.23,bmo,,2025-04-25,2004-12-31,0.0434782608695651,21.69375,406071.875
2004-09-30,EVRG,USD,1711269,2004-09-30,2004-09-29 20:00:00,2004,Q3,421489000.0,120037000.0,301452000.0,0.7152072771,0,0.0,0.0,40638000.0,142434000.0,183072000.0,303109000.0,0.0,0.0,46849000.0,164760000.0,0.3908998811,118380000.0,0.2808614222,-30037000.0,88343000.0,0.2095974035,27974000.0,60369000.0,0.1432279371,0.7,0.69,86059210,87140580,,,4.897662899764011,0.7014821539728288,1.831587810299444,1.3935521834327784,0.4453677880612662,15.476484155501776,15.476484155501776,15.476484155501776,20.10672652003196,1738396042.0,3430437042.0,7.199042728884029,4.1244161579543,11.02868226486915,14.49533088186245,1.305206001378488,1.305206001378488,8.138853070898648,20.820812345229424,21.76328020301348,28.60413783269962,0.0347268393055855,0.0689877318531078,1.2991792139614715,0.3379435539783879,10.26973173100267,0.8911538550349828,0.0,2.611025526346304,0.0087799325534819,0.2528284384369461,0.0,0.0,0.0,0.2391562252180809,0.0894376840202235,0.8046489786334821,0.0,15.629163203123646,0.0170010965629035,0.0117901525108929,-41.917895830091865,-47138000.0,1331894000.0,-3402464000.0,3843063000.0,97027500.0,96717500.0,129612500.0,22.513185397483685,76.22599698426318,95.32785724401644,3.997657302198532,1.1806995455707907,0.9441101751571066,0.0453256790705566,0.4380356268666654,2004-11-08,0.63,bmo,354585984.0,2025-04-25,2004-09-30,0.1587301587301587,20.3915625,369309.375
2004-06-30,EVRG,USD,1711269,2004-06-30,2004-06-29 20:00:00,2004,Q2,358430000.0,99092000.0,259338000.0,0.7235387663,0,0.0,0.0,42063000.0,143790000.0,185853000.0,284945000.0,0.0,0.0,48867000.0,118743000.0,0.3312864437,73485000.0,0.2050191111,-53570000.0,19915000.0,0.0555617554,5936000.0,13979000.0,0.0390006417,0.16,0.16,85833950,85833950,,,4.175853493868102,0.162860965853255,0.095067278157419,-0.4501715230395432,0.8903819525956804,14.973643878675048,14.973643878675048,14.973643878675048,24.588673828945307,1708953944.5,3743071944.5,30.56287904177695,4.767887577769718,209.43063045343132,-44.22758655538302,1.3296696623294977,1.3296696623294977,10.442964998744523,31.522464014720867,458.709797120098,-96.8703919384058,0.0081798576520971,-0.0226103226036937,1.6421302675672458,0.3910018967049799,17.130424530288103,0.9705397637283796,0.0,0.5837327419700981,0.0075414554274432,0.921954360111596,0.0,0.0,0.0,5.735294117647059,0.1305694277822726,0.9577015163607342,0.0,7.407361024651979,0.0101153111305563,0.0025897674266948,-45.47854607646508,-20182000.0,1285247000.0,-3447658000.0,3878856000.0,76560500.0,93411000.0,130993000.0,22.252294729793825,83.34890808541557,119.96306462681144,4.044526692318977,1.0797981889309023,0.7502309171575233,0.0108765085621674,0.5452388011969622,2004-08-04,0.33,bmo,358430000.0,2025-04-25,2004-06-30,0.0,19.793064516129032,514977.4193548387
2004-03-31,EVRG,USD,1711269,2004-03-31,2004-03-30 19:00:00,2004,Q1,340263000.0,101762000.0,238501000.0,0.7009313384,0,0.0,0.0,40967000.0,140885000.0,181852000.0,283614000.0,0.0,43425000.0,42463000.0,103563000.0,0.3043616262,56649000.0,0.1664859241,-44125000.0,12524000.0,0.036806823,3733000.0,15679000.0,0.0460790624,0.21,0.21,73609221,73609221,,,4.622559448088712,0.2130032051283357,1.544833628928093,0.9087448432581564,4.826433362200641,17.056844005997565,17.056844005997565,17.056844005997565,29.612743762089263,1542849272.16,3323925272.16,24.60056878882581,4.53428457446152,13.567804071266512,23.06478012557556,1.2288322501296254,1.2288322501296254,9.768694428015976,32.095683517858696,29.230572068171025,49.69092376009089,0.0101623666568862,0.0433561471020112,1.7015342390252488,0.3999659260257764,17.19799542307581,0.9146240697403591,1.304525043177893,7.252630907583392,0.0082626347434138,0.8130620575291791,0.0,0.0,0.0,0.4117522908349016,0.1376053229413718,1.102654075312625,0.0,9.041358026295567,0.0078591717296587,0.0029354167134715,-49.1403380019468,-61582000.0,1255541000.0,-3426057000.0,3837278000.0,72736000.0,94023500.0,133270000.0,17.060332742613802,84.06644916570035,114.8892513904994,5.275395348837209,1.0705816754863076,0.7833630989038058,0.0124878438856238,0.6360887856699367,2004-03-30,,bmo,,2025-04-25,2004-03-31,,19.73225806451613,509153.2258064517
2003-12-31,EVRG,USD,1711269,2003-12-31,2003-12-30 19:00:00,2003,Q4,331658000.0,90272000.0,241386000.0,0.7278160032,0,0.0,0.0,41928000.0,38507000.0,80435000.0,170707000.0,0.0,48570000.0,40705000.0,202752000.0,0.6113285372,160951000.0,0.485292078,-93370000.0,67581000.0,0.2037671336,27159000.0,13968000.0,0.0421156734,0.19,0.19,72428728,73080000,,,4.579094637696799,0.1928516541116116,-0.9094319590977769,-1.5504897448979085,1.0984453572068806,14.314209687625606,14.314209687625606,14.314209687625606,31.885814700487355,1466681742.0,3648001742.0,26.250747100515465,4.42227156287501,-22.266646556043057,-13.060389510240428,1.4146781723831938,1.4146781723831938,10.999287645707325,17.992432834201388,-55.38267989494299,-32.48443225289403,0.0095235384746474,-0.0765673948097732,2.180715884100467,0.3942587895555065,10.758562184343434,1.061251181769642,3.3137945233683346,-4.715707331042383,0.0086542292281429,0.9087199312714777,0.0,0.0,0.0,-0.7048991179462266,0.1399966230273354,1.14067067927773,0.0,7.881096234032339,0.0196438223747953,0.0024357812923696,-61.98008889511355,62520000.0,1036760000.0,-3614510000.0,3972020000.0,87064500.0,86631000.0,137714000.0,21.972875673133167,92.71379829847572,136.22429989365472,4.095959096971793,0.9707292943630772,0.660675078310255,0.0134727420039353,0.6410577858001317,2004-05-10,0.39,bmo,478985607.0,2025-04-25,2003-12-31,-0.5641025641025641,19.7359375,335970.3125
2003-09-30,EVRG,USD,1711269,2003-09-30,2003-09-29 20:00:00,2003,Q3,438167000.0,121434000.0,316733000.0,0.7228590925,0,0.0,0.0,35669000.0,128161000.0,163830000.0,285264000.0,0.0,57495000.0,40772000.0,199085000.0,0.4543587262,152903000.0,0.3489605561,-34203000.0,118700000.0,0.2709012774,38116000.0,-1535926000.0,-3.5053438529,-21.16,-21.16,72571600,72571600,,,6.03771998963782,-21.1642846512961,1.3694613319811055,0.9326375606986756,2.279321387429793,14.213645558317578,14.213645558317578,14.213645558317578,37.63368866057797,1338946020.0,3847174020.0,-0.2179379117223095,3.055789276691307,13.472450495049504,19.782604494481628,1.298048408784429,1.298048408784429,8.78015464423382,19.32427867493784,38.71019500120744,56.84106821506139,-1.147115699257241,0.050549461284481,2.5919765934695547,0.4396328294801936,12.59877941582741,1.096538425384133,2.659413862074963,-1.225933783983816,0.007055549558301,-0.0061506869471576,0.0,0.0,0.0,0.3189748852934074,0.0723491271592794,0.7775188855096635,0.0,,0.0197673154241723,-0.252555687430178,-65.3885163066544,111942000.0,1031507000.0,-3778526000.0,4025367000.0,85339500.0,88384500.0,141842000.0,19.13455372038515,59.49009338406047,102.86476604575324,4.703532745794734,1.512856929286889,0.8749351547639633,-1.4890117081124994,0.43682377128243,2003-09-29,,bmo,,2025-04-25,2003-09-30,,17.24359375,308607.8125
2003-06-30,EVRG,USD,1711269,2003-06-30,2003-06-29 20:00:00,2003,Q2,345885000.0,88709000.0,257176000.0,0.7435303641,0,0.0,0.0,40187000.0,137369000.0,177556000.0,266265000.0,0.0,0.0,40853000.0,128169000.0,0.3705537968,79620000.0,0.2301921159,-50401000.0,29219000.0,0.0844760542,7412000.0,28185000.0,0.0814866213,0.39,0.38,72207473,73534211,,,4.790155168565447,0.3903335600734843,0.5499707765704528,-0.0632483011834523,1.880290146699913,15.724660520940818,15.724660520940818,15.724660520940818,39.72016857590349,1171927286.79,3904249286.79,10.394955532996276,3.388199218786591,29.510658913930296,-256.6076826779067,1.0321367496860243,1.0321367496860243,11.287709171516545,30.46172855206797,98.31409364398672,-854.8826991000657,0.0240501269299743,-0.0038969994567746,2.525979401781515,0.4275039171682868,21.31811904594715,1.4321294282529846,0.0,1.4089264173703258,0.0118403250409907,0.4923186091892851,0.0,0.0,0.0,1.1150030217566478,0.1280165372884051,1.083861650307199,0.0,11.751676954670364,0.0102301382356597,0.0042011182710561,-73.49836906770024,493949000.0,1135438000.0,-3936483000.0,4441251000.0,65001000.0,89105000.0,142285000.0,20.171386443471096,97.9053985503162,147.0006425503613,4.4617656923196,0.919254722748987,0.6122422217927835,0.02482301983904,0.613219077753905,2003-06-29,,bmo,,2025-04-25,2003-06-30,,14.711904761904762,314566.6666666667
2003-03-31,EVRG,USD,1711269,2003-03-31,2003-03-30 19:00:00,2003,Q1,345434000.0,89897000.0,255537000.0,0.7397563645,0,0.0,0.0,43041000.0,135744000.0,178785000.0,268682000.0,0.0,0.0,39572000.0,118668000.0,0.3435330628,76752000.0,0.2221900566,-47569000.0,29183000.0,0.0844821297,9081000.0,123924000.0,0.3587487045,1.72,1.71,72038854,72337427,,,4.795106818328898,1.7202383591499109,1.2859727057845756,0.8977516494085261,2.9654275177670093,15.37249606996802,15.37249606996802,15.37249606996802,40.68940352660246,873110910.4799999,3590702910.48,1.761383812820761,2.5275766441056757,9.424772349740932,13.500392907086418,0.7884210830066722,0.7884210830066722,10.39475821858879,30.258392409748204,38.759746443005184,55.52089605368546,0.1419338580156692,0.0740719182680302,2.646896336249128,0.4272500233942439,22.900798867428456,1.393980602373437,0.0,0.7475549530357316,0.0248651113385637,0.1751880184629289,0.0,0.0,0.0,0.3018890328151986,0.0809619203668428,0.7067370868290711,0.0,24.392581697053007,0.0090763888931071,0.018062979928176,-75.38182103785272,508744000.0,1107417000.0,-3953209000.0,4455576000.0,73613500.0,82938500.0,146035000.0,13.673234250247514,81.80261855234325,139.8380368644115,6.582202743902439,1.1002092792715612,0.643601712510202,0.1119036460520291,0.3882210563760495,2003-03-30,,bmo,,2025-04-25,2003-03-31,,11.628032786885244,488101.6393442623
2002-12-31,EVRG,USD,1711269,2002-12-31,2002-12-30 19:00:00,2002,Q4,417157000.0,126545000.0,290612000.0,0.6966489835,0,0.0,0.0,589808000.0,-180577000.0,409231000.0,535776000.0,0.0,0.0,79693000.0,-38926000.0,-0.0933125897,-118619000.0,-0.2843509758,-32633000.0,-151252000.0,-0.3625781181,-51959000.0,-99316000.0,-0.2380782295,-1.38,-1.38,71731580,71731580,,,5.815527833068782,-1.3845505703345724,1.2291936131896162,0.8657832435867159,1.7148095720183496,14.415073528284196,13.831690309902555,13.635863032711674,50.08013207014261,710142642.0,4179463642.0,-1.787583677353095,1.7023390282315771,8.054060722224742,11.434732738631972,0.7260266531168913,0.7260266531168913,10.01892247283397,-107.36946107999796,47.40125711110103,67.2978172420456,-0.1398535929630881,0.087452852887547,3.672677845912882,0.5575464539657081,-89.12605970302626,0.7684665216045969,0.0,-0.887792500704821,0.0305459758604384,-0.2184139514277659,0.0,0.0,0.0064948559691539,0.2956494125119085,0.0624896621655635,0.3271052664600404,0.0,,-0.0131322913097198,-0.015515089860546,-71.63958677614518,-186318000.0,992169000.0,-4790688000.0,3850900000.0,105627000.0,93556500.0,148266500.0,20.441296682064547,59.86107708720218,108.38263068473664,4.402851805334206,1.503481132972151,0.8303913591264633,-0.1015374360253628,0.3634103696029001,2002-12-30,,bmo,,2025-04-25,2002-12-31,,10.5534375,390837.5
2002-09-30,EVRG,USD,1711269,2002-09-30,2002-09-29 20:00:00,2002,Q3,529115000.0,142867000.0,386248000.0,0.7299887548,0,0.0,0.0,72485000.0,160236000.0,232721000.0,375588000.0,0.0,0.0,69958000.0,197102000.0,0.3725125918,153527000.0,0.2901580942,-84069000.0,67125000.0,0.1268627803,23350000.0,43567000.0,0.082339378,0.61,0.6,71442585,72058784,,,7.406156986060905,0.6098183597360034,3.0774082432767518,2.667778608514796,2.106502725230337,16.212655239168626,13.667478577377905,15.243275421794998,50.56712323609232,718712405.1,4180864405.1,4.12417888023045,1.3583292953327728,3.2689845495729064,3.770927605420975,0.6599631458220656,0.6599631458220656,7.901617616397191,21.21167925794766,19.01620320888937,21.93608582214457,0.0606181272103383,0.2651867404090254,3.317339734201148,0.5400081674335843,17.565280920538605,0.6908140978866595,0.0,5.046550061974934,0.0302443645688508,0.4989326784033787,0.0,0.0,0.027180035109202,0.1331086428512949,0.0553093372896251,0.4183224220246433,0.0,14.462076522106743,0.0164562732323038,0.0066942218602828,-73.09037389954464,-248728000.0,976440000.0,-4975977000.0,3937151000.0,109203000.0,112824000.0,145965500.0,19.81729869688064,64.85087528960503,90.80256462304102,4.541486777618513,1.3877993103113313,0.99116143220874,0.040005729927577,0.4096296347619561,2002-09-29,,bmo,,2025-04-25,2002-09-30,,11.874375,497251.5625
2002-06-30,EVRG,USD,1711269,2002-06-30,2002-06-29 20:00:00,2002,Q2,505126000.0,205234000.0,299892000.0,0.5936974141,0,0.0,0.0,78194000.0,164834000.0,243028000.0,448262000.0,0.0,69028000.0,66601000.0,151069000.0,0.2990719147,56864000.0,0.1125738925,-58610000.0,-1746000.0,-0.0034565633,-6779000.0,9275000.0,0.0183617553,0.18,0.18,71645655,71645655,,,7.050336827822985,0.1294565595080399,0.6611566325969105,-0.009267833478527,1.3642557947163718,15.632406459261206,13.094443759359866,14.655808506461415,51.6599645854309,1130568435.9,4665009435.9,30.473542746630727,2.2381909383005425,23.86726415799362,-1702.663307078313,1.076706207852194,1.076706207852194,9.235338184730146,30.87999149991063,98.48232886275834,-7025.616620331325,0.008203837738152,-0.000587315176079,3.459140496654842,0.5308794847689738,23.39620305952909,0.9713173110604634,0.8237816538216376,5.107169811320754,0.0192328029949734,2.344366576819407,0.0,0.0,0.0265768309737286,1.0140176064514768,0.0950911257785186,0.7212053873064969,0.0,6.533684816873333,-0.0259805587564093,0.0013926447337008,-76.40055422760808,-18915000.0,938160000.0,-5081288000.0,4185840000.0,102054000.0,123266500.0,147700000.0,18.155687887774537,53.80818967617451,64.8094370328503,4.9571242112287655,1.672607841699062,1.3886866499763175,0.0088331230208804,0.6704244660754375,2002-06-29,,bmo,,2025-04-25,2002-06-30,,16.69765625,383692.1875
2002-03-31,EVRG,USD,1711269,2002-03-31,2002-03-30 19:00:00,2002,Q1,502241000.0,213423000.0,288818000.0,0.5750585874,0,0.0,0.0,99123000.0,507950000.0,607073000.0,820496000.0,0.0,0.0,74587000.0,70369000.0,0.1401100269,-318255000.0,-0.6336698915,-22897000.0,-254047000.0,-0.5058268839,-127290000.0,-746526000.0,-1.48639,-10.46,-10.46,71368922,71368922,,,7.037250751804827,-10.460099145115292,0.2430749899795319,-0.2053554907274626,1.3117754531867527,16.302375983765035,13.662739644575268,15.333466855503296,47.084471865779335,1235396039.82,4502144039.82,-0.4137150078563908,2.4597674021435925,71.21259164284068,-84.29285206195415,1.128903213025651,1.128903213025651,8.964110934431876,63.97908226378093,259.5194858093152,-307.1877756427402,-0.6042807131782376,-0.0118634021217482,3.070699686475689,0.5195659316490006,46.42311245008455,0.3230434480097661,0.0,-0.0232383065023857,0.0174276096944077,-0.02884025472656,0.0,0.0,0.0291277582489453,1.844823610790869,0.0637223962201413,0.4290828160403287,0.0,,-0.0267066033745643,-0.1188876327246997,-70.90033179988343,-1070248000.0,975095000.0,-4793440000.0,3145169000.0,107536500.0,123399000.0,146354500.0,18.31552979545676,52.21883302174555,62.24680563950465,4.913862771380211,1.7235161107970605,1.4458573267393808,-0.6821744386763444,0.4484304807069945,2002-03-30,,bmo,,2025-04-25,2002-03-31,,16.9655,264420.0
2001-12-31,EVRG,USD,1711269,2001-12-31,2001-12-30 19:00:00,2001,Q4,435554000.0,182651000.0,252903000.0,0.5806467166,0,0.0,0.0,89304000.0,207362000.0,296666000.0,479317000.0,0.0,0.0,113194000.0,69431000.0,0.1594084775,-43763000.0,-0.1004766344,-26910000.0,-70673000.0,-0.1622600183,-36425000.0,-31115000.0,-0.0714377551,-0.44,-0.44,70649969,70649969,,,6.164956703661115,-0.4404106674130317,0.1156122234108835,-0.8810761120079189,1.3685922494884606,28.46301319679277,15.939497439836105,26.101370263870887,47.57621337385159,1215179466.8,4479746466.8,-9.763614549252772,2.7899628216019137,148.77319622918708,-19.52158248939725,0.6589692351825671,0.6589692351825671,10.285168926929842,64.52084035661305,548.4508406953967,-71.96611082765712,-0.0256052713612227,-0.0512253553492976,1.8227477290610232,0.447388382770547,47.01886765277758,0.5645657812152348,0.0,-0.2625100433874337,0.0176994432407899,-0.6912421661578017,0.0,0.0,0.1177663177411615,8.62095984329089,0.1616699651478347,0.6220824425322897,0.0,,-0.0030327517278471,-0.0046942803705154,-74.28546076219793,-393363000.0,1126125000.0,-4992136000.0,4534275000.0,116981000.0,112868000.0,138050500.0,23.321471046070062,60.5916200842043,71.49651521207112,3.8591047632548894,1.4853539132131937,1.258802610631362,-0.016873086085547,0.9966883354188024,2001-12-30,,bmo,,2025-04-25,2001-12-31,,17.02390625,354303.125
2001-09-30,EVRG,USD,1711269,2001-09-30,2001-09-29 20:00:00,2001,Q3,667068000.0,309991000.0,357077000.0,0.5352932535,0,0.0,0.0,82923000.0,183803000.0,266726000.0,576717000.0,0.0,0.0,100847000.0,193437000.0,0.2899809315,90351000.0,0.1354449621,-40456000.0,35664000.0,0.0534638148,8942000.0,35976000.0,0.0539315332,0.51,0.5,70735702,70735702,,,9.430428781211502,0.5085974830644927,1.5481291187298882,0.9327397358691656,0.9117460939314632,29.177656284516697,16.460372443889792,26.77088014196848,46.68007677367788,1136015374.12,4373470374.12,7.89425849260618,1.7029978564704047,10.373811722613873,17.21809351783928,0.5999055658548511,0.5999055658548511,6.556258693446545,22.609275237519192,39.93745090879205,66.28679823759435,0.031668585495921,0.0580784393442817,1.743688534935313,0.4419793867312272,16.736482679115163,0.5617552689364929,0.0,3.043833560330211,0.0188624207807037,0.5956193017567267,0.0,0.0,0.1204106270008683,0.3975052050991708,0.0652557160589325,0.4316439755272839,0.0,17.502886928778164,0.009777471131799,0.0054747549668229,-73.31657640154614,-344470000.0,1164336000.0,-4965365000.0,4571632000.0,125584500.0,110890000.0,126228000.0,16.338394286639442,29.836737195596,38.03394292092351,5.508497250161026,3.016415615755877,2.366307384620082,0.0189981607017532,0.6153893828607229,2002-02-18,1.26,bmo,927107800.0,2025-04-25,2001-09-30,-1.3650793650793651,18.78372881355932,780620.3389830509
2001-06-30,EVRG,USD,1711269,2001-06-30,2001-06-29 20:00:00,2001,Q2,522901000.0,237304000.0,285597000.0,0.5461779572,0,0.0,0.0,83761000.0,209546000.0,293307000.0,530611000.0,0.0,0.0,100072000.0,94581000.0,0.180877451,-7710000.0,-0.0147446649,-62661000.0,-70367000.0,-0.1345704063,-34353000.0,-30188000.0,-0.0577317695,-0.43,-0.43,70409093,70409093,,,7.426611787201974,-0.4287514398175815,0.8281316732769161,-0.0151684953532919,0.9482582029568256,29.30401333248249,16.30724031624722,26.83843690473331,47.935016007094426,1513795499.5,4822090499.5,-12.536401049257984,2.894994462622944,25.96205494100295,-1417.4115163857678,0.8010898725703429,0.8010898725703429,9.221803935161724,50.98371236823464,82.70032413219455,-4515.06601076779,-0.0199419274333758,-0.000705511411781,1.7860584123153778,0.4424136604382503,34.97843118596759,0.6830664095254066,0.0,-1.93149595865907,0.0113687747160593,-0.5700940771167351,0.0,0.0,0.1199530197955233,1.0183165260341631,0.1135511310936487,0.5933328003837237,0.0,,-0.0005601630806906,-0.0044965081608316,-75.84858038151407,-241904000.0,1148178000.0,-5044116000.0,4694421000.0,110705500.0,118556500.0,114395500.0,22.38739264220187,45.13653372888784,46.06268752317703,4.020119780735137,1.993950189896817,1.9538590742173991,-0.0159752761064101,0.8433001686302081,2001-09-05,0.42,bmo,,2025-04-25,2001-06-30,-2.2142857142857144,22.72222222222222,566584.126984127
2001-03-31,EVRG,USD,1711269,2001-03-31,2001-03-30 19:00:00,2001,Q1,560741000.0,270579000.0,290162000.0,0.5174617158,0,0.0,0.0,78874000.0,195169000.0,274043000.0,544622000.0,0.0,0.0,99529000.0,119580000.0,0.2132535342,16119000.0,0.0287458916,-55320000.0,-38226000.0,-0.0681705101,-19039000.0,4450000.0,0.0079359276,0.06,0.06,70359298,70359298,,,7.969678719648397,0.0632467936220739,0.6942650280564198,-0.2029866756203281,0.2015085483087111,29.94656086534576,16.30785173553039,27.36917585505188,47.39274118397259,1678069257.3000002,4998411257.3,94.27355378089888,2.99259240415807,34.35287539510318,-117.4953968141717,0.8714182745695539,0.8714182745695539,8.913939336164113,41.79972618581703,102.32581185104816,-349.9797827545162,0.0026518571749297,-0.0085109717241227,1.7316100943253174,0.4401357001039319,27.76670011707644,0.5542061579320825,0.0,10.977078651685392,0.0151370391236831,5.708089887640449,0.0,0.0,0.1266624939051899,1.292376351130036,0.1125831711966843,0.6342874940971978,0.0,6.240815962716021,0.0011487422224708,0.0006725602084966,-75.79307428564736,-288372000.0,1147409000.0,-5110598000.0,4679949000.0,121752500.0,147584000.0,104320000.0,14.660244212568726,39.28276030290599,35.70243810495271,6.139051894022334,2.291081362562553,2.520836244724559,0.0023108768037821,0.8972517036767479,2001-05-15,0.25,bmo,1574560728.0,2025-04-25,2001-03-31,-2.12,24.06725806451613,364383.87096774194
2000-12-31,EVRG,USD,1711269,2000-12-31,2000-12-30 19:00:00,2000,Q4,572480000.0,277781000.0,294699000.0,0.514776062,0,0.0,0.0,96123000.0,193577000.0,289700000.0,567481000.0,0.0,72337000.0,100138000.0,114330000.0,0.1997100335,4999000.0,0.0087321828,-44224000.0,-39225000.0,-0.0685176775,-8109000.0,-28240000.0,-0.0493292342,-0.41,-0.41,68962245,68962245,,,8.30135387848815,-0.4094994297241918,1.5845046807858416,0.4774061517283841,0.127055028443462,33.87376672554671,19.71961614648711,28.00691885828253,49.11398983603274,1750261778.1,5056173778.1,-15.494527072415014,3.0573326196548347,16.017623871841568,53.16228102238557,0.9062046463741704,0.9062046463741704,8.832053133908609,44.22438360972623,46.2718724830925,153.57573058652008,-0.0161347293035536,0.0188103290673122,1.7161849830694516,0.4267523156325928,28.91552523397183,0.631366482504604,0.0691070959536613,-3.5117302995243604,0.0114748549338729,-0.7111898016997167,0.0,0.0,0.1256696099808322,0.6987032240942245,0.1333636109558412,0.7624278495675967,0.0,,0.0005641277625061,-0.0041583800930216,-76.23968375739508,-300252000.0,1359909000.0,-4916949000.0,4669288000.0,163909000.0,172029500.0,104134500.0,23.921971073225265,57.36904251910678,32.8217912672213,3.762231787861861,1.568790344897694,2.742080688627188,-0.0146213666628698,1.1070985290574575,2001-02-15,0.34,bmo,1651773176.0,2025-04-25,2000-12-31,-2.205882352941176,22.394920634920634,575587.3015873015
2000-09-30,EVRG,USD,1711269,2000-09-30,2000-09-29 20:00:00,2000,Q3,762545000.0,365710000.0,396835000.0,0.5204086316,0,0.0,0.0,84371000.0,188925000.0,273296000.0,639006000.0,0.0,0.0,101025000.0,226393000.0,0.296891331,123539000.0,0.1620087995,-57002000.0,68937000.0,0.090403845,13288000.0,62365000.0,0.0817853373,0.96,0.95,69382338,69382338,,,10.990477144197706,0.8988598798731746,1.600421709628753,0.7159314810060162,0.096465472235888,31.282341624175302,16.38758555527489,28.518525853078057,48.58560690186024,1501433794.32,4865723794.32,6.018735646275957,1.9689772988085947,13.521436175106494,30.226356256316308,0.758804999651283,0.758804999651283,6.380900529568747,21.492377389406915,43.81916404139012,97.95510225514866,0.0415369630255626,0.0330837098431615,1.7036507129493268,0.432235326972736,14.860397627135114,0.5287055018040585,0.0,1.9953459119496857,0.0140778768134581,0.338924076004169,0.0,0.0,0.1325091970678628,0.5526607289199484,0.0804778734369774,0.6074536005939124,0.0,24.01600656344221,0.0138525842356948,0.0092180645390154,-78.35704887892362,-328119000.0,1137009000.0,-5260422000.0,4670948000.0,210342000.0,156692500.0,112460000.0,20.73158961110492,41.09616909573159,26.32397254655328,4.3412011181135535,2.189985148989173,3.418936858441,0.0315184552141273,0.8844902286227369,2000-11-14,0.89,bmo,762545000.0,2025-04-25,2000-09-30,0.0,18.63746031746032,495812.6984126984
2000-06-30,EVRG,USD,1711269,2000-06-30,2000-06-29 20:00:00,2000,Q2,549281000.0,216140000.0,333141000.0,0.6065037749,0,0.0,0.0,77061000.0,189339000.0,266400000.0,482540000.0,0.0,0.0,103730000.0,172322000.0,0.3137228486,66741000.0,0.1215061144,-40018000.0,29101000.0,0.0529801686,3909000.0,42539000.0,0.0774448779,0.59,0.59,68731435,68731435,,,7.99169986775338,0.6189162207947498,-0.0234681554371736,-1.5638259262301155,0.096651553979631,30.873253264681583,15.28447645535118,28.025589746525736,51.97562076217381,1065337242.5,4631053242.5,6.260944324619762,1.939512276048143,-660.469462182269,-9.911589096981876,0.5530659707855567,0.5530659707855567,8.431118575920157,26.87441674597556,-2871.080745505269,-43.08597784321388,0.0399300787609516,-0.1008919952406526,1.8545772357428127,0.4478774223007001,20.692169310941143,0.5468946952761804,0.0,-0.064028262940616,0.0196491769600366,0.4920896118855638,0.0,0.0,0.1343295389607931,-65.6360818350899,0.1927446971586492,1.0206401233972815,0.0,19.755342873712305,0.0078139935663627,0.0061608232814497,-81.54699156215784,-379236000.0,1050524000.0,-5396500000.0,4648881000.0,221521500.0,141395500.0,115047500.0,40.14846681388943,60.95757379476265,49.1156657721847,2.241679624210814,1.4764367148702466,1.832409244281669,0.0220839677734694,1.540357770792942,2000-08-14,0.24,bmo,490919893.0,2025-04-25,2000-06-30,1.5416666666666667,15.803174603174604,505450.79365079367
2000-03-31,EVRG,USD,1711269,2000-03-31,2000-03-30 19:00:00,2000,Q1,484170000.0,176201000.0,307969000.0,0.6360761716,0,0.0,0.0,85042000.0,192577000.0,277619000.0,453820000.0,0.0,0.0,103411000.0,135637000.0,0.2801433381,30350000.0,0.0626845943,45682000.0,78297000.0,0.1617138608,36973000.0,59816000.0,0.1235433835,0.88,0.88,67734125,67734125,,,7.148095586973332,0.8830999145556246,0.9957314721346144,0.0436855130261149,0.0249504957803765,30.95779269312182,14.881272918193009,28.024190170021388,51.65539526789488,1070876516.25,4568019516.25,4.475710998102515,2.2117779214945164,15.877774723849065,361.9048720006759,0.5641554636933844,0.5641554636933844,9.434742995745296,33.67827006089784,67.72955024464379,1543.7713809564043,0.0558570470939674,0.0027631570541502,1.843243103708051,0.4473321481470116,25.7831049050038,0.3571379181701818,0.0,1.632102410221663,0.0342457785220855,0.6130968302795239,0.0,0.0,0.1392215486562454,0.9561272147675884,0.1331887560154491,0.6235893667018015,0.0,23.59732185554794,0.0022034727361941,0.0088844976685174,-81.47128939806929,-799561000.0,1007970000.0,-5280465000.0,4193331000.0,213606000.0,134616000.0,112270500.0,36.80748497428589,69.66941163784541,57.27941385122672,2.445154839100661,1.2918151292540947,1.5712451289002238,0.0315120583038403,0.9520459591084997,2000-05-08,0.33,bmo,322780000.0,2025-04-25,2000-03-31,1.6666666666666667,16.46825396825397,418269.8412698413
1999-12-31,EVRG,USD,1711269,1999-12-31,1999-12-30 19:00:00,1999,Q4,450500000.0,130400000.0,320100000.0,0.7105438402,0,0.0,0.0,95200000.0,224400000.0,319600000.0,450000000.0,0.0,0.0,180800000.0,181300000.0,0.4024417314,500000.0,0.0011098779,-143800000.0,-143300000.0,-0.31809101,-55800000.0,-75800000.0,-0.1682574917,-1.13,-1.13,67080281,67328244,,,6.715833524907268,-1.12998930341392,1.5235475832309051,0.1952883888485798,0.235538667466226,31.213345692454688,31.213345692454688,28.328742391523377,54.415395188937865,1136339960.14,4770739960.14,-3.7478230875329817,2.522397247813541,11.118786302739728,86.7435084076336,0.5979792454559807,0.5979792454559807,10.589877824950056,26.314064865637068,46.680430138356165,364.1786229114504,-0.0667053898119197,0.0115282401917697,1.9208546019049624,0.4558077970080667,20.046332046332047,0.4462699822380107,0.0,-1.168,0.0323846747371852,-0.4854881266490765,0.0,0.0,0.0,0.8718199608610567,0.1977802441731409,0.0,0.0,,4.084826924264227e-05,-0.0094652980694787,-84.53303885235663,-748200000.0,2093800000.0,-5311400000.0,3141200000.0,242200000.0,117917000.0,108700000.0,45.78912319644839,91.67990797546013,77.57668711656441,1.9655322862129143,0.9816763780357438,1.1601423487544484,-0.0398884386675788,1.3282591943823252,2000-03-28,0.3,bmo,,2025-04-25,1999-12-31,-4.733333333333334,20.3159375,381834.375
1999-09-30,EVRG,USD,1711269,1999-09-30,1999-09-29 20:00:00,1999,Q3,649000000.0,232800000.0,416200000.0,0.6412942989,0,0.0,0.0,100600000.0,197600000.0,298200000.0,531000000.0,0.0,0.0,119800000.0,237800000.0,0.3664098613,118000000.0,0.1818181818,-59000000.0,59000000.0,0.0909090909,10000000.0,49000000.0,0.0755007704,0.72,0.72,68055556,68055556,,,9.536326468334195,0.7199999952979592,2.3759999844832653,0.935999993887347,0.37469387510404,34.61289773314026,34.61289773314026,31.71526509900235,54.94628535545283,1455027787.28,5168927787.28,7.423611159591836,2.2419534472727274,8.998316557081013,22.841880491051803,0.6741233262045959,0.6741233262045959,7.964449595192604,21.73644990445753,31.966158239208408,81.14486322260596,0.0336763328015883,0.0437792326420648,1.7324870274277242,0.4630835913312693,15.617746005046255,0.5419756243075088,0.0,3.3,0.0252228859962916,0.7489795918367347,0.0,0.0,0.0,0.6060606060606061,0.1510015408320493,0.0,0.0,22.666876521666865,0.013074860245754,0.0060681114551083,-80.08163213007914,-537400000.0,2355600000.0,-5083500000.0,3307900000.0,241050000.0,112350000.0,108450000.0,35.389830508474574,39.81958762886598,40.59278350515464,2.543103448275862,2.2601941747572813,2.217142857142857,0.0227020014825796,1.4399999905959184,1999-11-16,1.08,bmo,685055555.0,2025-04-25,1999-09-30,-0.0555555555555556,24.2825,295834.375
1999-06-30,EVRG,USD,1711269,1999-06-30,1999-06-29 20:00:00,1999,Q2,476100000.0,151700000.0,324400000.0,0.6813694602,0,0.0,0.0,75000000.0,171300000.0,246300000.0,398000000.0,0.0,0.0,71300000.0,149400000.0,0.3137996219,78100000.0,0.1640411678,-56800000.0,21300000.0,0.0447385003,2800000.0,18500000.0,0.0388573829,0.27,0.27,68518519,68518519,,,6.948486437659285,0.2699999981027027,0.7443243190939373,0.0583783779681519,0.3415135111136888,34.69281056702349,34.69281056702349,31.72135112844456,55.04059420782285,1824648160.97,5572548160.97,24.65740758067568,3.8324893110060914,35.77741492098039,456.1620402425,0.8394976586013342,0.8394976586013342,11.704575007288383,37.29951914973226,109.26565021509803,1393.1370402425,0.0101389409726887,0.0021922034535543,1.735127674258109,0.4600268358136131,25.086345381526105,0.5698446099061185,0.0,2.756756756756757,0.0196202209093112,1.9351351351351351,0.0,0.0,0.0,0.9215686274509804,0.0987187565637471,0.0,0.0,13.88190213015284,0.0088951249470007,0.0022566479629177,-81.31195888807812,-531500000.0,2377100000.0,-5116800000.0,3264600000.0,207850000.0,104100000.0,108000000.0,42.89224952741021,72.20171390903099,66.38760711931444,2.098281181137065,1.246507806080526,1.3556747095621091,0.0085116172072693,0.6859459411257853,1999-08-12,0.32,bmo,550490625.0,2025-04-25,1999-06-30,-0.1562499999999999,27.364126984126987,221734.92063492065
1999-03-31,EVRG,USD,1711269,1999-03-31,1999-03-30 19:00:00,1999,Q1,460600000.0,147900000.0,312700000.0,0.6788970908,0,0.0,0.0,71900000.0,162900000.0,234800000.0,382700000.0,0.0,0.0,61300000.0,139200000.0,0.3022145028,77900000.0,0.1691272254,-47600000.0,30300000.0,0.0657837603,9600000.0,20700000.0,0.0449413808,0.31,0.31,66774194,66774194,,,6.897874349482976,0.3099999979033817,0.873091781534645,0.2500966166660132,0.3938647316356974,35.41637657206315,35.41637657206315,32.35082103724083,55.01376774386824,1782203237.86,5429403237.860001,21.52419369396135,3.8693079415110727,30.569523805488853,106.71875675808384,0.8250177010739745,0.8250177010739745,11.787675288449847,39.0043336053161,93.12870047787308,325.1139663389222,0.0116148369390551,0.009370424003972,1.7005369873159892,0.4598888304664613,26.201149425287355,0.5617192277452607,0.0,2.816425120772947,0.0200313854456168,1.7246376811594204,0.0,0.0,0.0,0.7135506003430532,0.0903169778549717,0.0,0.0,15.021550359687913,0.0071471101879063,0.0025914519642454,-80.91374341410994,-501700000.0,2364900000.0,-4979900000.0,3286600000.0,205750000.0,107150000.0,99850000.0,36.89101172383847,52.6369168356998,63.34685598377282,2.4396186440677967,1.7098265895953757,1.420749279538905,0.0095824460698083,0.6229951648686317,1999-05-17,0.37,bmo,535291891.0,2025-04-25,1999-03-31,-0.1621621621621621,29.941147540983607,232031.1475409836
1998-12-31,EVRG,USD,1711269,1998-12-31,1998-12-30 19:00:00,1998,Q4,487100000.0,185000000.0,302100000.0,0.6202011907,0,0.0,0.0,100200000.0,277700000.0,377900000.0,562900000.0,0.0,0.0,88500000.0,12700000.0,0.026072675,-75800000.0,-0.1556148635,-72000000.0,-147800000.0,-0.3034284541,-57500000.0,-90300000.0,-0.1853828783,-1.38,-1.34,65633743,67365854,,,7.42148745044146,-1.3758167045265115,0.644485565907768,-0.4342278635548791,0.2498714723614041,36.392865785515234,36.392865785515234,33.25728352868737,53.9570019646754,2182321954.75,5707321954.75,-6.041865876937984,4.480233945288441,51.591535573286045,-76.57270016666666,0.9997809944795676,0.9997809944795676,11.716940986963662,449.3954295078741,134.9248689066194,-200.25691069298244,-0.0413779460007973,-0.0130594846181918,1.622411581455012,0.4453806876776416,277.5590551181102,0.6571318129107074,0.0,-0.4684385382059801,0.0169085958740799,-0.4086378737541528,0.0,0.0,0.0,1.673758865248227,0.145350030794498,0.0,0.0,,-0.006262535725944,-0.0113564906808863,-81.23222532044227,-354800000.0,2388600000.0,-4882800000.0,3440300000.0,269450000.0,151450000.0,92650000.0,41.14760829398481,62.17297297297297,46.50810810810811,2.18724741805119,1.4475743348982786,1.9351464435146444,-0.041368884002199,1.078713429462647,1999-01-28,0.41,bmo,439578048.0,2025-04-25,1998-12-31,0.0975609756097561,36.3421875,172573.4375
1998-09-30,EVRG,USD,1711269,1998-09-30,1998-09-29 20:00:00,1998,Q3,701400000.0,336000000.0,365400000.0,0.5209580838,0,0.0,0.0,52700000.0,153500000.0,206200000.0,542200000.0,0.0,59500000.0,57300000.0,216500000.0,0.3086683775,159200000.0,0.2269746222,-44100000.0,115300000.0,0.1643855147,42500000.0,72800000.0,0.1037924152,1.1,1.1,64909091,64909091,,,10.805882337806889,1.121568625880156,1.828711482032617,1.1724089619434048,0.2418767503615171,38.469187621191615,38.469187621191615,35.29705877409376,52.32394950654909,2685938185.5800004,6007038185.58,9.223688824107144,3.829395759309952,22.627954385678184,35.294851321682,1.172335640338702,1.172335640338702,8.564354413430282,27.746134806374133,50.60689288609941,78.9361128197109,0.0271041233900472,0.0283327443678928,1.4564183143468203,0.4158835406436174,15.339953810623555,0.6099453638451183,2.67563025210084,1.6304945054945057,0.0131797523077977,0.4862637362637362,0.0,0.0,0.0,0.3588879528222409,0.0607356715141146,0.0,0.0,29.845127883870884,0.0136198122145075,0.0090734601291223,-80.55420156785125,-492600000.0,2497000000.0,-4756100000.0,3274100000.0,283800000.0,159900000.0,92050000.0,40.57313943541489,46.90178571428572,24.02678571428571,2.218216318785579,1.9189034837235863,3.745819397993311,0.0317751298502902,0.6563025200892122,1998-10-19,1.0,bmo,631259999.0,2025-04-25,1998-09-30,0.1,39.83265625,128268.75
1998-06-30,EVRG,USD,1711269,1998-06-30,1998-06-29 20:00:00,1998,Q2,463300000.0,171700000.0,291600000.0,0.6293977984,0,0.0,0.0,62800000.0,148100000.0,210900000.0,382600000.0,0.0,0.0,40700000.0,121400000.0,0.2620332398,80700000.0,0.1741851932,-26200000.0,53700000.0,0.1159076193,20500000.0,34800000.0,0.0751133175,0.5,0.5,62000000,62000000,,,7.47258064516129,0.5612903225806452,0.4112903225806452,-0.1629032258064516,0.2854838709677419,39.99677419354839,39.99677419354839,36.62258064516129,45.75483870967742,2406220000.0,5225320000.0,17.286063218390805,5.193654219728038,94.36156862745098,-238.23960396039604,1.0597287060688805,1.0597287060688805,11.278480466220593,43.04217462932455,204.9145098039216,-517.3584158415841,0.01446251797425,-0.0041974549293082,1.249361402272527,0.3810444874274661,23.22158154859967,0.3967493071680024,0.0,0.7657657657657657,0.0150443434099957,1.0402298850574712,0.0,0.0,0.0,1.396078431372549,0.0768400604360026,0.0,0.0,21.505993405125725,0.0072732058413026,0.0046744036105738,-75.99274193548388,-805400000.0,2479800000.0,-4435300000.0,2965800000.0,215600000.0,120350000.0,93300000.0,48.83660695014029,75.84740827023879,49.48165404775772,1.842879872712808,1.186592950932965,1.81885593220339,0.0153263454593499,0.5741935483870968,1998-07-30,0.49,bmo,453844897.0,2025-04-25,1998-06-30,0.0204081632653061,39.12460317460317,144511.11111111112
1998-03-31,EVRG,USD,1711269,1998-03-31,1998-03-30 19:00:00,1998,Q1,382300000.0,130300000.0,252000000.0,0.6591681925,0,0.0,0.0,47500000.0,137900000.0,185400000.0,315700000.0,0.0,0.0,38000000.0,104600000.0,0.2736071148,66600000.0,0.1742087366,-26900000.0,39500000.0,0.1033219984,9100000.0,30400000.0,0.0795187026,0.45,0.45,66222222,66222222,,,5.772986596553646,0.4590604042250349,3.227013433647696,2.715100680252016,0.2098993295634205,37.44211421960441,37.44211421960441,34.912751795009235,39.76912765023197,2830999990.5,5450699990.5,23.281249921875,7.405179153805912,13.2475432405241,15.745272472191324,1.2244809647491348,1.2244809647491348,14.257651034527855,52.10994254780115,25.50631722274216,30.315350336484983,0.0107382550695914,0.0635111270234389,1.1391003460207612,0.3654275763504419,25.04493307839388,0.3887263506924127,0.0,7.029605263157895,0.012575061857811,1.1710526315789471,0.0,0.0,0.0,0.1586335985025737,0.0886738163745749,0.0,0.0,18.989704945353104,0.0077047633798453,0.0042181797999139,-68.44454720954546,-626800000.0,2479500000.0,-4328800000.0,3143500000.0,252400000.0,123600000.0,89300000.0,42.328014648182055,66.30851880276286,63.683806600153495,2.1262513904338154,1.3572916666666666,1.413232104121475,0.0131487889273356,0.5119127533956804,1998-06-19,0.5,bmo,,2025-04-25,1998-03-31,-0.0999999999999999,41.55426229508197,205455.737704918
1997-12-31,EVRG,USD,1711269,1997-12-31,1997-12-30 19:00:00,1997,Q4,511600000.0,484400000.0,27200000.0,0.0531665364,0,0.0,0.0,0.0,-689400000.0,-689400000.0,-205000000.0,0.0,0.0,505500000.0,1222100000.0,2.3887802971,716600000.0,1.4007036747,-484000000.0,232600000.0,0.4546520719,312300000.0,-79700000.0,-0.1557857701,-1.22,-1.21,65127803,65652174,,,7.855324092538481,-1.2237477133997596,-3.382579940551657,-4.18561639489052,1.1761489943089285,37.97763606427811,37.97763606427811,35.453368509912735,37.45865648193291,2800495529.0,5163495529.0,-8.784490367001254,5.473994388193901,-12.712190326827054,-10.273277802641232,1.2128607747942832,1.2128607747942832,10.092837234167318,4.225100670157925,-23.43847266908761,-18.941656379310345,-0.0284592491488316,-0.0973399161602446,1.056561281940234,0.3496631790167694,1.9335569920628424,0.7599380485286525,0.0,2.764115432873275,0.0130334077030408,-0.4579673776662484,0.0,0.0,0.0,-0.2374035406264185,0.1022283033620015,0.0,0.0,,-0.0380101531723515,-0.0114232478142468,-63.5680893458052,-186000000.0,2473400000.0,-3914800000.0,3600500000.0,294550000.0,147700000.0,113150000.0,57.17357310398749,28.09248554913295,16.05284888521883,1.5741538461538462,3.203703703703704,5.606481481481482,-0.0345171069727154,0.8030364543388635,1998-04-28,0.7,bmo,371377142.0,2025-04-25,1997-12-31,0.0285714285714286,37.684375,188237.5
1997-09-30,EVRG,USD,1711269,1997-09-30,1997-09-29 20:00:00,1997,Q3,560000000.0,127600000.0,432400000.0,0.7721428571,0,0.0,0.0,0.0,313500000.0,313500000.0,441100000.0,0.0,0.0,-406600000.0,-287700000.0,-0.51375,118900000.0,0.2123214286,430300000.0,540600000.0,0.9653571429,32200000.0,508400000.0,0.9078571429,7.77,7.77,65431145,65431145,,,8.558615319967272,7.77000005119886,-0.1620023614136662,-0.9689575201534376,8.46233089761764,37.10006908789384,37.10006908789384,37.10006908789384,31.07847188063116,2249522765.1000004,3729322765.1,1.1061775988886704,4.017004937678572,-212.2191287830189,-35.481431626182975,0.9266829104428426,0.9266829104428426,6.659504937678572,-12.962540024678486,-351.82290236792454,-58.82212563249212,0.2260034918906009,-0.0281837556763652,0.8376930998970133,0.2960617310912135,-5.143552311435523,1.2855656697009104,0.0,-0.0208497246262785,0.0157366711505257,0.0696302124311565,0.0,0.0,0.0,-4.981132075471698,0.0942857142857142,0.0,0.0,80.53582818242678,0.017960119184429,0.0740190725777098,-55.31425439674027,219600000.0,2427500000.0,-3452400000.0,4582500000.0,270900000.0,148850000.0,135400000.0,42.44464285714286,101.70846394984326,98.67554858934167,2.1204089360090874,0.8848821081830791,0.9120800571837028,0.2094335736354274,0.8069551587397714,1997-10-20,0.9,bmo,1125600000.0,2025-04-25,1997-09-30,-1.2333333333333334,33.99328125,144129.6875
1997-06-30,EVRG,USD,1711269,1997-06-30,1997-06-29 20:00:00,1997,Q2,454000000.0,128300000.0,325700000.0,0.7174008811,0,0.0,0.0,0.0,261700000.0,261700000.0,390000000.0,0.0,0.0,51500000.0,115500000.0,0.2544052863,64000000.0,0.140969163,-23900000.0,32300000.0,0.0711453744,8000000.0,24300000.0,0.0535242291,0.36,0.36,67500000,67500000,,,6.725925925925926,0.36,0.4207407407407407,-0.5377777777777778,0.0281481481481481,28.56740740740741,28.56740740740741,28.56740740740741,39.69481481481481,2189700000.0,4867200000.0,22.52777777777778,4.8231277533039645,77.10211267605634,-60.32231404958678,1.135559819530156,1.135559819530156,10.72070484581498,42.140259740259744,171.38028169014083,-134.08264462809916,0.0110974106041923,-0.0165776133716947,1.3895140797593737,0.3997732121808931,23.181818181818183,0.2765289154400443,0.0,1.1639344262295082,0.0161209298077362,1.4526748971193415,0.0,0.0,0.0,2.278169014084507,0.142511013215859,0.0,0.0,15.21170601872124,0.007580905769078,0.0036256210554585,-66.64259259259259,-1174700000.0,1928300000.0,-4325000000.0,3188100000.0,274600000.0,134350000.0,121900000.0,55.05066079295155,107.67731878409975,91.82385035074046,1.6348577601728485,0.8358306188925081,0.9801375095492744,0.0126017735829487,0.9585185185185184,1997-07-30,0.35,bmo,441028571.0,2025-04-25,1997-06-30,0.0285714285714286,31.23921875,94678.125
1997-03-31,EVRG,USD,1711269,1997-03-31,1997-03-30 19:00:00,1997,Q1,626200000.0,226800000.0,399400000.0,0.6378153944,0,0.0,0.0,0.0,296100000.0,296100000.0,522900000.0,0.0,0.0,52200000.0,155500000.0,0.2483232194,103300000.0,0.1649632705,-39400000.0,62500000.0,0.0998083679,21500000.0,41000000.0,0.0654742894,0.61,0.61,67213115,67213115,,,9.316634112256216,0.6099999977682927,1.7362682863307255,1.1277560934350386,0.0342195120699286,28.75480477284827,28.75480477284827,28.75480477284827,39.1917559541765,2016393450.0,4648293450.0,12.295082012195122,3.2200470297029704,17.278435732647814,26.601496701846965,1.043303901278005,1.043303901278005,7.423017326732674,29.89256237942122,39.83113496143959,61.32313258575198,0.020333333258943,0.0375918697811679,1.362963729497594,0.3998057279888293,16.92540192926045,0.2653517170943444,0.0,2.846341463414634,0.0171097560349643,0.8414634146341463,0.0,0.0,0.0,0.350471293916024,0.0653145959757266,0.0,0.0,19.86604374462781,0.0108444501344258,0.0062227753578095,-65.36856683401744,-1150900000.0,1932700000.0,-4240300000.0,3196300000.0,295250000.0,147850000.0,124100000.0,39.02107952730757,45.71428571428572,44.8015873015873,2.3064456721915287,1.96875,2.008857395925598,0.0212138459150411,0.6085121928956871,1997-04-25,0.65,bmo,664735384.0,2025-04-25,1997-03-31,-0.0615384615384615,30.775245901639344,169983.60655737706
1996-12-31,EVRG,USD,1711269,1996-12-31,1996-12-30 19:00:00,1996,Q4,564900000.0,185300000.0,379600000.0,0.6719773411,0,0.0,0.0,0.0,287000000.0,287000000.0,472300000.0,0.0,0.0,60100000.0,152700000.0,0.2703133298,92600000.0,0.1639228182,-43400000.0,49200000.0,0.0870950611,16600000.0,32600000.0,0.0577093291,0.51,0.46,63833783,70673575,,,8.849546015469583,0.5107013632577596,0.68615704634018,-0.2772826420141823,0.0579630381611567,30.07185082544771,30.07185082544771,30.07185082544771,41.70675580985072,1971187219.04,4629787219.04,15.11646640368098,3.489444537157019,45.004274407305935,-111.36650955028249,1.026873941987914,1.026873941987914,8.19576423975925,30.31949717773412,105.70290454429224,-261.56989938079096,0.0165382565821813,-0.008979360168853,1.3869035215669931,0.4004783537410872,17.410609037328094,0.3656534280008875,0.0,1.343558282208589,0.0174006810051785,1.0521472392638036,0.0,0.0,0.0,1.404109589041096,0.1088688263409453,0.0,0.0,18.588949466696683,0.0097758126583878,0.0049038779746683,-69.20473442722327,-857700000.0,1919600000.0,-4233800000.0,3498800000.0,275850000.0,146200000.0,144700000.0,50.82315454062666,87.6686454398273,65.71505666486777,1.770846394984326,1.0265927977839335,1.369549150036955,0.0169827047301521,0.9634396883543624,1997-01-24,0.71,bmo,596725352.0,2025-04-25,1996-12-31,-0.0563380281690139,30.35609375,203950.0
1996-09-30,EVRG,USD,1711269,1996-09-30,1996-09-29 20:00:00,1996,Q3,490200000.0,119100000.0,371100000.0,0.7570379437,0,0.0,0.0,0.0,239500000.0,239500000.0,358600000.0,0.0,40300000.0,47800000.0,179400000.0,0.3659730722,131600000.0,0.2684618523,-30800000.0,100800000.0,0.205630355,37900000.0,62900000.0,0.1283149735,0.87,0.87,72298851,72298851,,,6.780190739130833,0.869999994882353,1.466136716335921,0.7593481672343589,0.0138314784559992,26.418123850958573,26.418123850958573,26.418123850958573,29.78193941145759,2106065529.63,4217965529.63,8.370689704411763,4.296339309730722,19.86854273235849,38.3618493557377,1.1026521097539266,1.1026521097539266,8.60458084379845,23.51151354308807,39.79212763801887,76.82997321730419,0.0298661172290543,0.0260675649582684,1.106230366492147,0.347333640189374,11.772017837235229,0.4417349797654872,3.265508684863524,1.685214626391097,0.0197999537114716,0.6629570747217806,0.0,0.0,0.0,0.4820754716981132,0.1042431660546715,0.0,0.0,22.7405974270806,0.0142422595682277,0.0103399526564965,-54.22804022155207,-538000000.0,1910000000.0,-3747500000.0,3811200000.0,232350000.0,121950000.0,142050000.0,42.723378212974296,84.55919395465996,116.44836272040304,2.1065749892565533,1.064343163538874,0.7728747566515249,0.0329319371727748,0.7067885491015617,1996-10-25,0.99,bmo,549618181.0,2025-04-25,1996-09-30,-0.1212121212121212,29.26234375,152476.5625
1996-06-30,EVRG,USD,1711269,1996-06-30,1996-06-29 20:00:00,1996,Q2,436100000.0,122700000.0,313400000.0,0.7186425132,0,0.0,0.0,0.0,239600000.0,239600000.0,362300000.0,0.0,0.0,46000000.0,119800000.0,0.2747076359,73800000.0,0.1692272415,-30100000.0,43700000.0,0.1002063747,15000000.0,28700000.0,0.0658105939,0.4,0.4,71750000,71750000,,,6.078048780487805,0.4,-0.0250871080139372,-0.7010452961672474,0.0209059233449477,24.49059233449477,24.49059233449477,24.49059233449477,30.398606271777,2188375000.0,4367975000.0,19.0625,5.018057784911718,-1215.763888888889,-43.50646123260437,1.2453761666287275,1.2453761666287275,10.015994038064663,36.460559265442406,-2426.652777777778,-86.83846918489066,0.0131147540983606,-0.0229850916776146,1.2412360573639882,0.3642877423880547,18.19365609348915,0.3680537149924905,0.0,-0.0627177700348432,0.0164048666247786,1.2508710801393728,0.0,0.0,0.0,-26.944444444444443,0.1112130245356569,0.0,0.0,14.846391178008648,0.0085103582349486,0.0047934795316753,-55.60418118466899,-715300000.0,1757200000.0,-3813500000.0,3633000000.0,251450000.0,127800000.0,118800000.0,47.87892685163953,96.82151589242056,95.35452322738386,1.8797413793103448,0.9295454545454546,0.943846153846154,0.0163328021852947,0.6759581881533101,1996-07-23,0.38,bmo,413147368.0,2025-04-25,1996-06-30,0.0526315789473684,29.528253968253967,187688.88888888888
1996-03-31,EVRG,USD,1711269,1996-03-31,1996-03-30 19:00:00,1996,Q1,555600000.0,221300000.0,334300000.0,0.6016918647,0,0.0,0.0,0.0,239400000.0,239400000.0,460700000.0,0.0,0.0,46000000.0,140900000.0,0.253599712,94900000.0,0.1708063355,-28500000.0,64400000.0,0.1159107271,19600000.0,44800000.0,0.0806335493,0.66,0.66,67878788,67878788,,,8.18517855681218,0.6599999988214286,1.875401782365354,1.3096874976612722,0.0441964284925063,27.255937451328684,27.255937451328684,27.255937451328684,29.825223161026383,2062157579.44,4083657579.44,11.507575778125,3.711586716054715,16.199195439434405,23.19637322204724,1.114619522966326,1.114619522966326,7.349995643340532,28.98266557444996,32.07900690840534,45.93540584296962,0.0217248189210476,0.0431101875464539,1.0942651748554133,0.3397496140162448,14.347054648687012,0.5987460815047022,0.0,2.841517857142857,0.0170210076814458,0.7834821428571429,0.0,0.0,0.0,0.3016496465043205,0.0691144708423326,0.0,0.0,20.118416200821127,0.0117566988948672,0.0075182922736121,-56.6999664166072,-281600000.0,1850100000.0,-3688500000.0,4065200000.0,264100000.0,136400000.0,124200000.0,43.88228941684665,50.26660641662901,43.75960234975147,2.05094130675526,1.7904530744336569,2.056691449814126,0.0242149073023079,0.5657142847040816,1996-04-11,0.65,bmo,547052307.0,2025-04-25,1996-03-31,0.0153846153846153,32.74984126984128,242201.5873015873
1995-12-31,EVRG,USD,1711269,1995-12-31,1995-12-30 19:00:00,1995,Q4,397300000.0,148900000.0,248400000.0,0.6252202366,0,0.0,0.0,0.0,176200000.0,176200000.0,325100000.0,0.0,0.0,29600000.0,101800000.0,0.2562295495,72200000.0,0.1817266549,-13000000.0,59200000.0,0.1490057891,12700000.0,46500000.0,0.1170400201,0.75,0.69,62157125,66930693,,,6.391865775645189,0.7481040990875946,1.0650428249376078,-0.0627442147621853,0.0386118244690371,27.80051361770673,27.80051361770673,27.80051361770673,25.91496952280209,2121422676.25,3729822676.25,11.405498259408605,5.339598983765417,32.04565976208459,-543.9545323717949,1.2276751598668982,1.2276751598668982,9.387925185627989,36.63872962917485,56.34173226963746,-956.3647887820512,0.021919252829991,-0.0018383889470315,0.932175925925926,0.2933687872220299,15.799607072691552,0.7811341734618236,0.0,1.4236559139784946,0.0164512241670255,0.7505376344086021,0.0,0.0,0.0,1.0589123867069483,0.1764409765919959,0.0,0.0,21.632100207060464,0.0109680015179376,0.0084688655362704,-56.25943928391154,-118100000.0,1728000000.0,-3341200000.0,4238300000.0,234650000.0,125300000.0,145350000.0,58.285930027686895,90.18132975151109,85.1040967092008,1.5441119315973573,0.9979892761394102,1.0575284090909092,0.0269097222222222,1.127787039699793,1996-01-24,0.59,bmo,329961016.0,2025-04-25,1995-12-31,0.1694915254237287,33.018095238095235,132607.9365079365
1995-09-30,EVRG,USD,1711269,1995-09-30,1995-09-29 20:00:00,1995,Q3,423900000.0,110200000.0,313700000.0,0.7400330267,0,0.0,0.0,0.0,170100000.0,170100000.0,280300000.0,0.0,0.0,42400000.0,186000000.0,0.4387827318,143600000.0,0.3387591413,-27600000.0,116000000.0,0.2736494456,44100000.0,71900000.0,0.1696154753,1.1,1.1,65363636,65363636,,,6.485257337887385,1.100000006119611,1.4090403416358297,0.4987482642489472,0.0260083450681966,26.1184980590737,26.1184980590737,26.1184980590737,25.77579986523393,2132815442.68,3815915442.68,7.415909049652295,5.031411754376032,23.15760524082519,65.42378658527608,1.2493061402764762,1.2493061402764762,9.001923667563105,20.51567442301075,41.432306652334425,117.05262094110432,0.0337113087992525,0.0152849605960449,0.986879100281162,0.319957460546556,9.048924731182796,0.5867683731846853,0.0,1.2809457579972183,0.0162226882399741,0.4812239221140473,0.0,0.0,0.0,0.6460369163952225,0.1403632932295352,0.0,0.0,25.42504337377544,0.0180630005234415,0.0136544049224224,-50.83637024109246,-281700000.0,1707200000.0,-3158500000.0,4056000000.0,195400000.0,109600000.0,145250000.0,45.010615711252655,82.8130671506352,122.4228675136116,1.9995283018867924,1.086785009861933,0.7351567711807871,0.0421157450796626,0.9102920773868822,1995-10-20,0.99,bmo,376800000.0,2025-04-25,1995-09-30,0.1111111111111112,30.625714285714288,90238.09523809524
1995-06-30,EVRG,USD,1711269,1995-06-30,1995-06-29 20:00:00,1995,Q2,333400000.0,95000000.0,238400000.0,0.7150569886,0,0.0,0.0,0.0,180800000.0,180800000.0,275800000.0,0.0,0.0,41300000.0,98900000.0,0.2966406719,57600000.0,0.1727654469,-28100000.0,31300000.0,0.0938812238,9600000.0,21700000.0,0.0650869826,0.3,0.3,72333333,72333333,,,4.609216611102381,0.3000000013824885,0.1714285722185648,-0.6027649797362441,0.0345622121408396,22.8400922711525,22.8400922711525,22.8400922711525,23.46635955514451,2233653323.04,3928553323.04,25.73333321474654,6.6996200451109775,180.13333250322577,-51.23058080366973,1.352008548538224,1.352008548538224,11.783303308458308,39.72248051607684,316.81881637419355,-90.1044340146789,0.0097150259515054,-0.0195195913127022,1.0274196477210822,0.3255341183690691,17.13751263902932,0.6081168831168832,0.0,0.5714285714285714,0.0154455481717483,1.5898617511520738,0.0,0.0,0.0,4.516129032258065,0.1679664067186562,0.0,0.0,12.416546361236811,0.0081546960028341,0.0041617122473246,-46.38525366997813,-241400000.0,1652100000.0,-3187500000.0,4077900000.0,196850000.0,107000000.0,131250000.0,48.26634673065387,111.6,133.20000000000002,1.864653243847875,0.8064516129032258,0.6756756756756757,0.013134798135706,0.774193551954809,1995-07-21,0.39,bmo,307753846.0,2025-04-25,1995-06-30,0.0769230769230768,31.414920634920637,93888.88888888888
1995-03-31,EVRG,USD,1711269,1995-03-31,1995-03-30 19:00:00,1995,Q1,417600000.0,156800000.0,260800000.0,0.6245210728,0,0.0,0.0,0.0,169900000.0,169900000.0,326700000.0,0.0,0.0,40800000.0,131700000.0,0.3153735632,90900000.0,0.2176724138,-27900000.0,63800000.0,0.1527777778,22200000.0,41600000.0,0.0996168582,0.62,0.62,67096774,67096774,,,6.223846171799556,0.6200000017884616,2.029903852009338,1.2668269267312315,0.0462019232101978,24.74932699446921,24.74932699446921,24.74932699446921,24.400576993463204,2096774187.5,3730874187.5,12.600806415264422,5.021010985392721,15.39481782305433,24.66793161764706,1.262660597073347,1.262660597073347,8.934085698036398,28.328581529992405,27.39261517988253,43.8926375,0.0198400000572307,0.0405384616553994,0.9859087076960136,0.3150521494823538,12.40774487471526,0.5900448291853455,0.0,3.2740384615384617,0.0161676923543298,0.8149038461538461,0.0,0.0,0.0,0.3759177679882525,0.1226053639846743,0.0,0.0,18.58098793306664,0.0122717751119584,0.0080052341915868,-49.34328139233639,-265200000.0,1660600000.0,-3154300000.0,4040900000.0,217350000.0,113400000.0,131000000.0,46.314655172413794,55.21683673469388,69.96811224489795,1.943229409027455,1.62993762993763,1.2863002461033637,0.0250511863181982,0.7630769252781066,1995-04-21,0.6,bmo,403680000.0,2025-04-25,1995-03-31,0.0333333333333333,31.245873015873016,146568.25396825396
1994-12-31,EVRG,USD,1711269,1994-12-31,1994-12-30 19:00:00,1994,Q4,359300000.0,117300000.0,242000000.0,0.6735318675,0,0.0,0.0,0.0,166100000.0,166100000.0,283400000.0,0.0,0.0,35500000.0,111400000.0,0.3100473142,75900000.0,0.2112440857,-24700000.0,51200000.0,0.1424993042,17800000.0,33400000.0,0.0929585305,0.54,0.51,61617873,65811966,,,5.831100336748073,0.5420505183617746,0.5501650470797653,-0.7936009086194845,0.0438184550771494,29.00294854384214,29.00294854384214,26.76820733490752,27.026249348139626,1764119703.99,3426719703.99,13.20448880232036,4.909879498998052,52.03892932123893,-36.07606756625767,1.069552385103674,1.069552385103674,9.537210420233787,30.760500035816875,101.08317710884955,-70.07606756625766,0.0189329555837154,-0.0277192074264577,1.0096398690432884,0.3208917835671342,14.9245960502693,0.5952743902439024,0.0,1.0149700598802396,0.019159697566754,1.0119760479041915,0.0,0.0,0.0,2.4424778761061945,0.2304480935151683,0.0,0.0,18.06844528131285,0.010225921771412,0.0064359488207183,-51.36334387913715,-265500000.0,1787100000.0,-3012000000.0,4032800000.0,190950000.0,117200000.0,138100000.0,55.05705538547176,100.20460358056266,107.49360613810742,1.63466787989081,0.8981623277182236,0.8372591006423983,0.0202497878016248,1.3437659556992498,1995-01-25,0.49,bmo,366632653.0,2025-04-25,1994-12-31,-0.0204081632653061,28.60015873015873,133552.38095238095
1994-09-30,EVRG,USD,1711269,1994-09-30,1994-09-29 20:00:00,1994,Q3,379200000.0,90800000.0,288400000.0,0.7605485232,0,0.0,0.0,0.0,170100000.0,170100000.0,260900000.0,0.0,0.0,40100000.0,158400000.0,0.417721519,118300000.0,0.3119725738,-26200000.0,92100000.0,0.2428797468,34400000.0,57700000.0,0.1521624473,0.88,0.88,65568182,65568182,,,5.783292878243902,0.8799999975597921,1.2399306724715962,0.5215944526264279,0.0320277295472367,25.161594384300606,25.161594384300606,25.161594384300606,24.04062385014732,1860825005.16,3435025005.16,8.062500022357018,4.907238937658227,22.88837644723247,54.41008787017543,1.1279094466965691,1.1279094466965691,9.058610245675103,21.685763921464645,42.25123007576875,100.4393276362573,0.0310077518520011,0.0183789447718966,0.9554491453509516,0.3105520312069033,9.938131313131311,0.5739491437467567,0.0,1.409012131715771,0.0182177259581081,0.587521663778163,0.0,0.0,0.0,0.5793357933579336,0.1242088607594936,0.0,0.0,22.320384571679377,0.0157121295510474,0.0113676661807005,-49.32689761018538,-246300000.0,1649800000.0,-3094200000.0,4001500000.0,172500000.0,113600000.0,130650000.0,38.47310126582279,102.88546255506608,134.90088105726872,2.339296730413325,0.8747591522157996,0.6671565025716385,0.0349739362346951,0.7183362198451682,1994-10-28,0.85,bmo,365816470.0,2025-04-25,1994-09-30,0.0352941176470588,28.10453125,117129.6875
1994-06-30,EVRG,USD,1711269,1994-06-30,1994-06-29 20:00:00,1994,Q2,341100000.0,96800000.0,244300000.0,0.7162122545,0,0.0,0.0,0.0,174500000.0,174500000.0,271300000.0,0.0,0.0,39600000.0,109400000.0,0.3207270595,69800000.0,0.2046320727,-23600000.0,46200000.0,0.1354441513,16000000.0,30200000.0,0.0885370859,0.44,0.44,68636364,68636364,,,4.969668847842814,0.4399999976688742,-0.3278145677996579,-1.2500662185426956,0.0247682117893074,23.68278133148195,23.68278133148195,23.68278133148195,22.94410583870672,1844945464.32,3418045464.32,15.272727353642384,5.408811094459103,-81.997576192,-21.50286088951049,1.1350018236358044,1.1350018236358044,10.020655128466723,31.243560002925044,-151.91313174755555,-39.83735972400932,0.0163690475323241,-0.0465054396779276,0.9688095970470624,0.3116564417177914,14.379341864716636,0.6139838515718948,0.0,-0.7450331125827815,0.0183745268657546,1.1225165562913908,0.0,0.0,0.0,-2.813333333333333,0.1855760773966578,0.0,0.0,15.31207151039668,0.0097312346336596,0.0059766475361171,-47.001688492706286,-224700000.0,1625500000.0,-3070100000.0,4007600000.0,192150000.0,127150000.0,112850000.0,48.25857519788918,114.73140495867769,116.40495867768595,1.8649535265172223,0.7844408427876823,0.7731629392971247,0.0185788988003691,0.9222516507430376,1994-07-22,0.37,bmo,276567567.0,2025-04-25,1994-06-30,0.1891891891891892,28.12483870967742,98511.29032258064
1994-03-31,EVRG,USD,1711269,1994-03-31,1994-03-30 19:00:00,1994,Q1,538400000.0,257600000.0,280800000.0,0.5215453195,0,0.0,0.0,0.0,179800000.0,179800000.0,437400000.0,0.0,0.0,21200000.0,122200000.0,0.2269687964,101000000.0,0.1875928678,-7600000.0,93400000.0,0.1734769688,27300000.0,66100000.0,0.1227711738,1.02,1.02,64803922,64803922,,,8.308139127752176,1.0199999932102874,2.717428121094276,2.030741287541208,0.1620272303889261,25.138910573961866,25.138910573961866,25.138910573961866,22.794916641002068,1855336286.86,3322036286.86,7.0171569094553705,3.446018363410104,10.5356972564452,14.09830005212766,1.1388719457737402,1.1388719457737402,6.170201127154531,27.185239663338788,18.864487716411126,25.24343683024316,0.0356269644851654,0.0709305374621448,0.9067583328218034,0.2932232323633332,12.002454991816697,0.6322123893805309,0.0,2.664145234493192,0.0178943301196292,0.5022692889561271,0.0,0.0,0.0,0.2526973310618966,0.0826523031203566,0.0,0.0,24.01953358897692,0.0155601338188755,0.0131208067013378,-49.33189074574838,-207800000.0,1629100000.0,-3051500000.0,4005300000.0,,,,33.66641901931649,45.73369565217392,35.11257763975156,2.673286991062562,1.967914438502674,2.56318407960199,0.0405745503652323,0.6866868335530679,1994-05-03,0.77,bmo,,2025-04-25,1994-03-31,-0.0779220779220779,31.62920634920635,114857.14285714286
1993-12-31,EVRG,USD,1711269,1993-12-31,1993-12-30 19:00:00,1993,Q4,510400000.0,0.0,510400000.0,1.0,0,0.0,0.0,0.0,0.0,0.0,0.0,0.0,0.0,0.0,510400000.0,1.0,510400000.0,1.0,-510400000.0,0.0,0.0,-35100000.0,35100000.0,0.0687695925,0.59,0.59,59384058,59384058,,,8.594899324663869,0.591067723933585,,,,,,,,2071315943.04,,14.75296255726496,4.058220891536051,0.0,0.0,0.0,0.0,,,0.0,0.0,0.0169457489659858,,0.0,0.0,,0.0,0.0,0.0,0.0139048165137614,0.8205489495726496,0.0,0.0,0.0,0.0,,0.0,,,0.0,0.0,,,,,,,,,,0.0,0.0,0.0,0.0,0.0,0.0,,1994-01-26,0.52,bmo,,2025-04-25,1993-12-31,-0.0192307692307692,34.84625,88137.5
1993-09-30,EVRG,USD,1711269,1993-09-30,1993-09-29 20:00:00,1993,Q3,419000000.0,0.0,419000000.0,1.0,0,0.0,0.0,0.0,0.0,0.0,0.0,0.0,0.0,0.0,419000000.0,1.0,419000000.0,1.0,-419000000.0,0.0,0.0,-56800000.0,56800000.0,0.1355608592,0.9,0.9,59333333,59333333,,,7.06179779248201,0.9573033761646256,,,,,,,,2121166654.75,,9.336120839568665,5.06245025,0.0,0.0,0.0,0.0,,,0.0,0.0,0.0267777168157937,,0.0,0.0,,0.0,0.0,0.0,0.0135664335664335,0.5066314525528168,0.0,0.0,0.0,0.0,,0.0,,,0.0,0.0,,,,,,,,,,0.0,0.0,0.0,0.0,0.0,0.0,,1993-10-29,0.79,bmo,,2025-04-25,1993-09-30,0.1392405063291139,36.26671875,101998.4375
1993-06-30,EVRG,USD,1711269,1993-06-30,1993-06-29 20:00:00,1993,Q2,400400000.0,0.0,400400000.0,1.0,0,0.0,0.0,0.0,0.0,0.0,0.0,0.0,0.0,0.0,400400000.0,1.0,400400000.0,1.0,-400400000.0,0.0,0.0,-30700000.0,30700000.0,0.0766733267,0.47,0.47,58085106,58085106,,,6.893333378783884,0.5285348020196434,,,,,,,,2026008497.28,,16.498440531596092,5.059961281918082,0.0,0.0,0.0,0.0,,,0.0,0.0,0.015152947305609,,0.0,0.0,,0.0,0.0,0.0,0.0139048165137614,0.9176311534201954,0.0,0.0,0.0,0.0,,0.0,,,0.0,0.0,,,,,,,,,,0.0,0.0,0.0,0.0,0.0,0.0,,1993-07-30,0.37,bmo,,2025-04-25,1993-06-30,0.2702702702702702,34.76015873015873,99063.49206349206
1993-03-31,EVRG,USD,1711269,1993-03-31,1993-03-30 19:00:00,1993,Q1,579600000.0,0.0,579600000.0,1.0,0,0.0,0.0,0.0,0.0,0.0,0.0,0.0,0.0,0.0,579600000.0,1.0,579600000.0,1.0,-579600000.0,0.0,0.0,-54800000.0,54800000.0,0.0945479641,0.89,0.89,57865169,57865169,,,10.016388269772444,0.9470291186741372,,,,,,,,2010814622.75,,9.17342437385949,3.469314393978606,0.0,0.0,0.0,0.0,,,0.0,0.0,0.0272526365086082,,0.0,0.0,,0.0,0.0,0.0,0.0139568345323741,0.5121278643248175,0.0,0.0,0.0,0.0,,0.0,,,0.0,0.0,,,,,,,,,,0.0,0.0,0.0,0.0,0.0,0.0,,1993-05-04,0.73,bmo,,2025-04-25,1993-03-31,0.2191780821917808,33.502903225806456,117311.29032258064
1992-12-31,EVRG,USD,1711269,1992-12-31,1992-12-30 19:00:00,1992,Q4,460200000.0,0.0,460200000.0,1.0,0,0.0,0.0,0.0,0.0,0.0,0.0,0.0,0.0,0.0,460200000.0,1.0,460200000.0,1.0,-460200000.0,0.0,0.0,-39300000.0,39300000.0,0.0853976532,0.75,0.75,52318182,52318182,,,8.796177206616239,0.7511728905258979,,,,,,,,1648022733.0,,10.483605171755723,3.581101114732725,0.0,0.0,0.0,0.0,,,0.0,0.0,0.0238467584293935,,0.0,0.0,,0.0,0.0,0.0,0.015079365079365,0.6323444389312977,0.0,0.0,0.0,0.0,,0.0,,,0.0,0.0,,,,,,,,,,0.0,0.0,0.0,0.0,0.0,0.0,,1992-12-30,,bmo,,2025-04-25,1992-12-31,,30.3946875,128987.5
1992-09-30,EVRG,USD,1711269,1992-09-30,1992-09-29 20:00:00,1992,Q3,380700000.0,0.0,380700000.0,1.0,0,0.0,0.0,0.0,0.0,0.0,0.0,0.0,0.0,0.0,380700000.0,1.0,380700000.0,1.0,-380700000.0,0.0,0.0,-42200000.0,42200000.0,0.1108484371,0.67,0.67,57761194,57761194,,,6.590930235964305,0.7305943156230461,,,,,,,,1711464178.22,,10.13900579514218,4.495571784134489,0.0,0.0,0.0,0.0,,,0.0,0.0,0.0246572499366535,,0.0,0.0,,0.0,0.0,0.0,0.0160310496118798,0.6501556196682464,0.0,0.0,0.0,0.0,,0.0,,,0.0,0.0,,,,,,,,,,0.0,0.0,0.0,0.0,0.0,0.0,,1993-01-29,0.58,bmo,,2025-04-25,1992-09-30,-0.086206896551724,29.47,135584.375
1992-06-30,EVRG,USD,1711269,1992-06-30,1992-06-29 20:00:00,1992,Q2,341700000.0,0.0,341700000.0,1.0,0,0.0,0.0,0.0,0.0,0.0,0.0,0.0,0.0,0.0,341700000.0,1.0,341700000.0,1.0,-341700000.0,0.0,0.0,-18400000.0,18400000.0,0.053848405,0.26,0.26,58076923,58076923,,,5.883576166733214,0.3168211924726108,,,,,,,,1532069228.74,,20.81615799918478,4.48366762873866,0.0,0.0,0.0,0.0,,,0.0,0.0,0.0120099011551406,,0.0,0.0,,0.0,0.0,0.0,0.0180060652009097,1.4992683926630432,0.0,0.0,0.0,0.0,,0.0,,,0.0,0.0,,,,,,,,,,0.0,0.0,0.0,0.0,0.0,0.0,,1992-06-29,,bmo,,2025-04-25,1992-06-30,,26.11333333333333,159506.3492063492
1992-03-31,EVRG,USD,1711269,1992-03-31,1992-03-30 19:00:00,1992,Q1,373600000.0,0.0,373600000.0,1.0,0,0.0,0.0,0.0,0.0,0.0,0.0,0.0,0.0,0.0,373600000.0,1.0,373600000.0,1.0,-373600000.0,0.0,0.0,-28000000.0,28000000.0,0.0749464668,0.74,0.74,34459459,34459459,,,10.84172563475242,0.8125490304418302,,,,,,,,883195934.17,,7.885677983660714,2.364014813088865,0.0,0.0,0.0,0.0,,,0.0,0.0,0.0317030444963648,,0.0,0.0,,0.0,0.0,0.0,0.018532969176746,0.5845801080357143,0.0,0.0,0.0,0.0,,0.0,,,0.0,0.0,,,,,,,,,,0.0,0.0,0.0,0.0,0.0,0.0,,1992-03-30,,bmo,,2025-04-25,1992-03-31,,27.67936507936508,84701.58730158731
1991-12-31,EVRG,USD,1711269,1991-12-31,1991-12-30 19:00:00,1991,Q4,297700000.0,0.0,297700000.0,1.0,0,0.0,0.0,0.0,0.0,0.0,0.0,0.0,0.0,0.0,297700000.0,1.0,297700000.0,1.0,-297700000.0,0.0,0.0,-15300000.0,15300000.0,0.0513940208,0.44,0.44,34502618,34502618,,,8.62833075449521,0.4434446104930356,,,,,,,,979184298.84,,15.99974344509804,3.2891645913335568,0.0,0.0,0.0,0.0,,,0.0,0.0,0.0156252505459138,,0.0,0.0,,0.0,0.0,0.0,0.0163847780126849,1.0486089784313726,0.0,0.0,0.0,0.0,,0.0,,,0.0,0.0,,,,,,,,,,0.0,0.0,0.0,0.0,0.0,0.0,,1991-12-30,,bmo,,2025-04-25,1991-12-31,,26.6584375,98515.625
1991-09-30,EVRG,USD,1711269,1991-09-30,1991-09-29 20:00:00,1991,Q3,220900000.0,0.0,220900000.0,1.0,0,0.0,0.0,0.0,0.0,0.0,0.0,0.0,0.0,0.0,220900000.0,1.0,220900000.0,1.0,-220900000.0,0.0,0.0,-19100000.0,19100000.0,0.0864644636,0.48,0.48,34583333,34583333,,,6.387469941084047,0.5522891619497751,,,,,,,,899166658.0,,11.769197094240836,4.070469253055681,0.0,0.0,0.0,0.0,,,0.0,0.0,0.0212418908442221,,0.0,0.0,,0.0,0.0,0.0,0.0178846153846153,0.8419502536649215,0.0,0.0,0.0,0.0,,0.0,,,0.0,0.0,,,,,,,,,,0.0,0.0,0.0,0.0,0.0,0.0,,1991-09-29,,bmo,,2025-04-25,1991-09-30,,24.9415625,81082.8125
1991-06-30,EVRG,USD,1711269,1991-06-30,1991-06-29 20:00:00,1991,Q2,220700000.0,0.0,220700000.0,1.0,0,0.0,0.0,0.0,0.0,0.0,0.0,0.0,0.0,0.0,220700000.0,1.0,220700000.0,1.0,-220700000.0,0.0,0.0,-4800000.0,4800000.0,0.0217489805,0.11,0.11,35454545,35454545,,,6.224871874677844,0.1353846171203156,,,,,,,,850909080.0,,44.31818125,3.8555010421386497,0.0,0.0,0.0,0.0,,,0.0,0.0,0.0056410257133464,,0.0,0.0,,0.0,0.0,0.0,0.019375,3.434659046875,0.0,0.0,0.0,0.0,,0.0,,,0.0,0.0,,,,,,,,,,0.0,0.0,0.0,0.0,0.0,0.0,,1991-06-29,,bmo,,2025-04-25,1991-06-30,,24.155,65671.875
1991-03-31,EVRG,USD,1711269,1991-03-31,1991-03-30 19:00:00,1991,Q1,422900000.0,0.0,422900000.0,1.0,0,0.0,0.0,0.0,0.0,0.0,0.0,0.0,0.0,0.0,422900000.0,1.0,422900000.0,1.0,-422900000.0,0.0,0.0,-33100000.0,33100000.0,0.0782690943,0.95,0.95,34421053,34421053,,,12.286085495408871,0.9616207848144565,,,,,,,,834710535.25,,6.30446023602719,1.9737775721210689,0.0,0.0,0.0,0.0,,,0.0,0.0,0.0396544653531734,,0.0,0.0,,0.0,0.0,0.0,0.0265979381443298,0.6707425735649547,0.0,0.0,0.0,0.0,,0.0,,,0.0,0.0,,,,,,,,,,0.0,0.0,0.0,0.0,0.0,0.0,,1991-03-30,,bmo,,2025-04-25,1991-03-31,,22.56016393442623,76783.60655737705
1990-12-31,EVRG,USD,1711269,1990-12-31,1990-12-30 19:00:00,1990,Q4,260700000.0,0.0,260700000.0,1.0,0,0.0,0.0,0.0,0.0,0.0,0.0,0.0,0.0,0.0,260700000.0,1.0,260700000.0,1.0,-260700000.0,0.0,0.0,-18300000.0,18300000.0,0.0701956272,0.53,0.53,34442646,34622222,,,7.569104882360083,0.5313180642393154,,,,,,,,727773109.98,,9.942255600819673,2.791611469044879,0.0,0.0,0.0,0.0,,,0.0,0.0,0.0251451994434129,,0.0,0.0,,0.0,0.0,0.0,0.0212967345007098,0.8469503114754099,0.0,0.0,0.0,0.0,,0.0,,,0.0,0.0,,,,,,,,,,0.0,0.0,0.0,0.0,0.0,0.0,,1990-12-30,,bmo,,2025-04-25,1990-12-31,,21.2665625,49862.5
1990-09-30,EVRG,USD,1711269,1990-09-30,1990-09-29 20:00:00,1990,Q3,220800000.0,0.0,220800000.0,1.0,0,0.0,0.0,0.0,0.0,0.0,0.0,0.0,0.0,0.0,220800000.0,1.0,220800000.0,1.0,-220800000.0,0.0,0.0,-21900000.0,21900000.0,0.0991847826,0.62,0.62,34677419,34677419,,,6.367255879106804,0.6315348901831477,,,,,,,,754233863.25,,8.609975607876713,3.415914235733696,0.0,0.0,0.0,0.0,,,0.0,0.0,0.0290360869049723,,0.0,0.0,,0.0,0.0,0.0,0.0206896551724137,0.7125497054794521,0.0,0.0,0.0,0.0,,0.0,,,0.0,0.0,,,,,,,,,,0.0,0.0,0.0,0.0,0.0,0.0,,1990-09-29,,bmo,,2025-04-25,1990-09-30,,21.81174603174603,36277.77777777778
1990-06-30,EVRG,USD,1711269,1990-06-30,1990-06-29 20:00:00,1990,Q2,245800000.0,0.0,245800000.0,1.0,0,0.0,0.0,0.0,0.0,0.0,0.0,0.0,0.0,0.0,245800000.0,1.0,245800000.0,1.0,-245800000.0,0.0,0.0,-9400000.0,9400000.0,0.0382424736,0.26,0.26,34615385,34615385,,,7.100888809990124,0.2715555525382716,,,,,,,,770192316.25,,20.483838198138297,3.133410562449145,0.0,0.0,0.0,0.0,,,0.0,0.0,0.0122047439343043,,0.0,0.0,,0.0,0.0,0.0,0.0202247191011235,1.657119494680851,0.0,0.0,0.0,0.0,,0.0,,,0.0,0.0,,,,,,,,,,0.0,0.0,0.0,0.0,0.0,0.0,,1990-06-29,,bmo,,2025-04-25,1990-06-30,,22.33571428571428,40917.46031746032
1990-03-31,EVRG,USD,1711269,1990-03-31,1990-03-30 19:00:00,1990,Q1,422500000.0,0.0,422500000.0,1.0,0,0.0,0.0,0.0,0.0,0.0,0.0,0.0,0.0,0.0,422500000.0,1.0,422500000.0,1.0,-422500000.0,0.0,0.0,-30000000.0,30000000.0,0.0710059172,0.85,0.85,34823529,34823529,,,12.132601494811166,0.8614864966729823,,,,,,,,800941167.0,,6.674509725,1.8957187384615384,0.0,0.0,0.0,0.0,,,0.0,0.0,0.0374559346379557,,0.0,0.0,,0.0,0.0,0.0,0.0195652173913043,0.522352935,0.0,0.0,0.0,0.0,,0.0,,,0.0,0.0,,,,,,,,,,0.0,0.0,0.0,0.0,0.0,0.0,,1990-03-30,,bmo,,2025-04-25,1990-03-31,,23.19079365079365,60152.38095238096
1989-12-31,EVRG,USD,1711269,1989-12-31,1989-12-30 19:00:00,1989,Q4,293400000.0,0.0,293400000.0,1.0,0,0.0,0.0,0.0,0.0,0.0,0.0,0.0,0.0,0.0,293400000.0,1.0,293400000.0,1.0,-293400000.0,0.0,0.0,-11800000.0,11800000.0,0.0402181322,0.34,0.34,34387975,34585366,,,8.53205226536311,0.3431432063097638,,,,,,,,859699375.0,,18.21396980932203,2.9301273858214043,0.0,0.0,0.0,0.0,,,0.0,0.0,0.0137257282523905,,0.0,0.0,,0.0,0.0,0.0,0.0176,1.282263474576271,0.0,0.0,0.0,0.0,,0.0,,,0.0,0.0,,,,,,,,,,0.0,0.0,0.0,0.0,0.0,0.0,,1989-12-30,,bmo,,2025-04-25,1989-12-31,,,
1989-09-30,EVRG,USD,1711269,1989-09-30,1989-09-29 20:00:00,1989,Q3,206600000.0,0.0,206600000.0,1.0,0,0.0,0.0,0.0,0.0,0.0,0.0,0.0,0.0,0.0,206600000.0,1.0,206600000.0,1.0,-206600000.0,0.0,0.0,-19900000.0,19900000.0,0.096321394,0.56,0.56,34642857,34642857,,,5.96371136479881,0.5744329920595175,,,,,,,,822767853.75,,10.33627956972362,3.982419427637948,0.0,0.0,0.0,0.0,,,0.0,0.0,0.0241866522972428,,0.0,0.0,,0.0,0.0,0.0,0.0185263157894736,0.7659727175879397,0.0,0.0,0.0,0.0,,0.0,,,0.0,0.0,,,,,,,,,,0.0,0.0,0.0,0.0,0.0,0.0,,1989-09-29,,bmo,,2025-04-25,1989-09-30,,,
1989-06-30,EVRG,USD,1711269,1989-06-30,1989-06-29 20:00:00,1989,Q2,220600000.0,0.0,220600000.0,1.0,0,0.0,0.0,0.0,0.0,0.0,0.0,0.0,0.0,0.0,220600000.0,1.0,220600000.0,1.0,-220600000.0,0.0,0.0,-7400000.0,7400000.0,0.0335448776,0.2,0.2,34500000,34500000,,,6.394202898550724,0.2144927536231884,,,,,,,,806610000.0,,27.25033783783784,3.6564369900271982,0.0,0.0,0.0,0.0,,,0.0,0.0,0.0091741981874759,,0.0,0.0,,0.0,0.0,0.0,0.0188195038494439,2.0513513513513515,0.0,0.0,0.0,0.0,,0.0,,,0.0,0.0,,,,,,,,,,0.0,0.0,0.0,0.0,0.0,0.0,,1989-06-29,,bmo,,2025-04-25,1989-06-30,,,
1989-03-31,EVRG,USD,1711269,1989-03-31,1989-03-30 19:00:00,1989,Q1,407000000.0,0.0,407000000.0,1.0,0,0.0,0.0,0.0,0.0,0.0,0.0,0.0,0.0,0.0,407000000.0,1.0,407000000.0,1.0,-407000000.0,0.0,0.0,0.0,0.0,0.0,0.96,0.96,34566000,34566000,,,11.774576173118094,0.0,,,,,,,,760452000.0,,0.0,1.8684324324324324,0.0,0.0,0.0,0.0,,,0.0,0.0,0.0,,0.0,0.0,,0.0,0.0,0.0,0.02,0.0,0.0,0.0,0.0,0.0,,0.0,,,0.0,0.0,,,,,,,,,,0.0,0.0,0.0,0.0,0.0,0.0,,1989-03-30,,bmo,,2025-04-25,1989-03-31,,,
1988-12-31,EVRG,USD,1711269,1988-12-31,1988-12-30 19:00:00,1988,Q4,262600000.0,0.0,262600000.0,1.0,0,0.0,0.0,0.0,0.0,0.0,0.0,0.0,0.0,0.0,262600000.0,1.0,262600000.0,1.0,-262600000.0,0.0,0.0,0.0,0.0,0.0,0.0,0.0,34566000,34577778,,,7.597060695481108,0.0,,,,,,,,790870080.0,,0.0,3.011691089108911,0.0,0.0,0.0,0.0,,,0.0,0.0,0.0,,0.0,0.0,,0.0,0.0,0.0,0.0187937062937062,0.0,0.0,0.0,0.0,0.0,,0.0,,,0.0,0.0,,,,,,,,,,0.0,0.0,0.0,0.0,0.0,0.0,,1988-12-30,,bmo,,2025-04-25,1988-12-31,,,
1988-09-30,EVRG,USD,1711269,1988-09-30,1988-09-29 20:00:00,1988,Q3,222300000.0,0.0,222300000.0,1.0,0,0.0,0.0,0.0,0.0,0.0,0.0,0.0,0.0,0.0,222300000.0,1.0,222300000.0,1.0,-222300000.0,0.0,0.0,0.0,0.0,0.0,0.72,0.72,34566000,34566000,,,6.431175143204305,0.0,,,,,,,,825436080.0,,0.0,3.7131627530364377,0.0,0.0,0.0,0.0,,,0.0,0.0,0.0,,0.0,0.0,,0.0,0.0,0.0,0.0180067001675041,0.0,0.0,0.0,0.0,0.0,,0.0,,,0.0,0.0,,,,,,,,,,0.0,0.0,0.0,0.0,0.0,0.0,,1988-09-29,,bmo,,2025-04-25,1988-09-30,,,
1988-06-30,EVRG,USD,1711269,1988-06-30,1988-06-29 20:00:00,1988,Q2,228000000.0,0.0,228000000.0,1.0,0,0.0,0.0,0.0,0.0,0.0,0.0,0.0,0.0,0.0,228000000.0,1.0,228000000.0,1.0,-228000000.0,0.0,0.0,0.0,0.0,0.0,0.26,0.26,34566000,34566000,,,6.596077069953133,0.0,,,,,,,,842719080.0,,0.0,3.6961363157894738,0.0,0.0,0.0,0.0,,,0.0,0.0,0.0,,0.0,0.0,,0.0,0.0,0.0,0.0176374077112387,0.0,0.0,0.0,0.0,0.0,,0.0,,,0.0,0.0,,,,,,,,,,0.0,0.0,0.0,0.0,0.0,0.0,,1988-06-29,,bmo,,2025-04-25,1988-06-30,,,
1988-03-31,EVRG,USD,1711269,1988-03-31,1988-03-30 19:00:00,1988,Q1,453200000.0,0.0,453200000.0,1.0,0,0.0,0.0,0.0,0.0,0.0,0.0,0.0,0.0,0.0,453200000.0,1.0,453200000.0,1.0,-453200000.0,0.0,0.0,0.0,0.0,0.0,0.93,0.93,34566000,34566000,,,13.111149684661228,0.0,,,,,,,,816794580.0,,0.0,1.8022828331862315,0.0,0.0,0.0,0.0,,,0.0,0.0,0.0,,0.0,0.0,,0.0,0.0,0.0,0.01819720694033,0.0,0.0,0.0,0.0,0.0,,0.0,,,0.0,0.0,,,,,,,,,,0.0,0.0,0.0,0.0,0.0,0.0,,1988-03-30,,bmo,,2025-04-25,1988-03-31,,,
1987-12-31,EVRG,USD,1711269,1987-12-31,1987-12-30 19:00:00,1987,Q4,303700000.0,0.0,303700000.0,1.0,0,0.0,0.0,0.0,0.0,0.0,0.0,0.0,0.0,0.0,303700000.0,1.0,303700000.0,1.0,-303700000.0,0.0,0.0,0.0,0.0,0.0,0.0,0.0,34552846,34552846,,,8.789435174167709,0.0,,,,,,,,781930904.98,,0.0,2.5746819393480407,0.0,0.0,0.0,0.0,,,0.0,0.0,0.0,,0.0,0.0,,0.0,0.0,0.0,0.0182059213433495,0.0,0.0,0.0,0.0,0.0,,0.0,,,0.0,0.0,,,,,,,,,,0.0,0.0,0.0,0.0,0.0,0.0,,1987-12-30,,bmo,,2025-04-25,1987-12-31,,,
1987-09-30,EVRG,USD,1711269,1987-09-30,1987-09-29 20:00:00,1987,Q3,228000000.0,0.0,228000000.0,1.0,0,0.0,0.0,0.0,0.0,0.0,0.0,0.0,0.0,0.0,228000000.0,1.0,228000000.0,1.0,-228000000.0,0.0,0.0,0.0,0.0,0.0,0.68,0.68,34566000,34566000,,,6.596077069953133,0.0,,,,,,,,855508500.0,,0.0,3.752230263157895,0.0,0.0,0.0,0.0,,,0.0,0.0,0.0,,0.0,0.0,,0.0,0.0,0.0,0.0166464646464646,0.0,0.0,0.0,0.0,0.0,,0.0,,,0.0,0.0,,,,,,,,,,0.0,0.0,0.0,0.0,0.0,0.0,,1987-09-29,,bmo,,2025-04-25,1987-09-30,,,
1987-06-30,EVRG,USD,1711269,1987-06-30,1987-06-29 20:00:00,1987,Q2,238000000.0,0.0,238000000.0,1.0,0,0.0,0.0,0.0,0.0,0.0,0.0,0.0,0.0,0.0,238000000.0,1.0,238000000.0,1.0,-238000000.0,0.0,0.0,0.0,0.0,0.0,0.42,0.42,34566000,34566000,,,6.885378695828271,0.0,,,,,,,,885926580.0,,0.0,3.722380588235294,0.0,0.0,0.0,0.0,,,0.0,0.0,0.0,,0.0,0.0,,0.0,0.0,0.0,0.0160944206008583,0.0,0.0,0.0,0.0,0.0,,0.0,,,0.0,0.0,,,,,,,,,,0.0,0.0,0.0,0.0,0.0,0.0,,1987-06-29,,bmo,,2025-04-25,1987-06-30,,,
1987-03-31,EVRG,USD,1711269,1987-03-31,1987-03-30 19:00:00,1987,Q1,396700000.0,0.0,396700000.0,1.0,0,0.0,0.0,0.0,0.0,0.0,0.0,0.0,0.0,0.0,396700000.0,1.0,396700000.0,1.0,-396700000.0,0.0,0.0,0.0,0.0,0.0,0.81,0.81,34566000,34566000,,,11.476595498466702,0.0,,,,,,,,918072960.0,,0.0,2.3142751701537687,0.0,0.0,0.0,0.0,,,0.0,0.0,0.0,,0.0,0.0,,0.0,0.0,0.0,0.0155308734939759,0.0,0.0,0.0,0.0,0.0,,0.0,,,0.0,0.0,,,,,,,,,,0.0,0.0,0.0,0.0,0.0,0.0,,1987-03-30,,bmo,,2025-04-25,1987-03-31,,,
1986-12-31,EVRG,USD,1711269,1986-12-31,1986-12-30 19:00:00,1986,Q4,310900000.0,0.0,310900000.0,1.0,0,0.0,0.0,0.0,0.0,0.0,0.0,0.0,0.0,0.0,310900000.0,1.0,310900000.0,1.0,-310900000.0,0.0,0.0,0.0,0.0,0.0,0.0,0.0,34485597,34485597,,,9.015357918843629,0.0,,,,,,,,937663382.43,,0.0,3.015964562335156,0.0,0.0,0.0,0.0,,,0.0,0.0,0.0,,0.0,0.0,,0.0,0.0,0.0,0.0145273997793306,0.0,0.0,0.0,0.0,0.0,,0.0,,,0.0,0.0,,,,,,,,,,0.0,0.0,0.0,0.0,0.0,0.0,,1986-12-30,,bmo,,2025-04-25,1986-12-31,,,
1986-09-30,EVRG,USD,1711269,1986-09-30,1986-09-29 20:00:00,1986,Q3,232200000.0,0.0,232200000.0,1.0,0,0.0,0.0,0.0,0.0,0.0,0.0,0.0,0.0,0.0,232200000.0,1.0,232200000.0,1.0,-232200000.0,0.0,0.0,0.0,0.0,0.0,0.68,0.68,34566000,34566000,,,6.7175837528206905,0.0,,,,,,,,918072960.0,,0.0,3.953802583979328,0.0,0.0,0.0,0.0,,,0.0,0.0,0.0,,0.0,0.0,,0.0,0.0,0.0,0.0297439759036144,0.0,0.0,0.0,0.0,0.0,,0.0,,,0.0,0.0,,,,,,,,,,0.0,0.0,0.0,0.0,0.0,0.0,,1986-09-29,,bmo,,2025-04-25,1986-09-30,,,
1986-06-30,EVRG,USD,1711269,1986-06-30,1986-06-29 20:00:00,1986,Q2,230700000.0,0.0,230700000.0,1.0,0,0.0,0.0,0.0,0.0,0.0,0.0,0.0,0.0,0.0,230700000.0,1.0,230700000.0,1.0,-230700000.0,0.0,0.0,0.0,0.0,0.0,0.35,0.35,34566000,34566000,,,6.67418850893942,0.0,,,,,,,,903209580.0,,0.0,3.9150827048114434,0.0,0.0,0.0,0.0,,,0.0,0.0,0.0,,0.0,0.0,,0.0,0.0,0.0,0.0302334481438959,0.0,0.0,0.0,0.0,0.0,,0.0,,,0.0,0.0,,,,,,,,,,0.0,0.0,0.0,0.0,0.0,0.0,,1986-06-29,,bmo,,2025-04-25,1986-06-30,,,
1986-03-31,EVRG,USD,1711269,1986-03-31,1986-03-30 19:00:00,1986,Q1,425100000.0,0.0,425100000.0,1.0,0,0.0,0.0,0.0,0.0,0.0,0.0,0.0,0.0,0.0,425100000.0,1.0,425100000.0,1.0,-425100000.0,0.0,0.0,0.0,0.0,0.0,0.87,0.87,34556000,34556000,,,12.30177103831462,0.0,,,,,,,,818631640.0,,0.0,1.9257389790637496,0.0,0.0,0.0,0.0,,,0.0,0.0,0.0,,0.0,0.0,,0.0,0.0,0.0,0.0333474039679189,0.0,0.0,0.0,0.0,0.0,,0.0,,,0.0,0.0,,,,,,,,,,0.0,0.0,0.0,0.0,0.0,0.0,,1986-03-30,,bmo,,2025-04-25,1986-03-31,,,
1985-12-31,EVRG,USD,1711269,1985-12-31,1985-12-30 19:00:00,1985,Q4,379300000.0,0.0,379300000.0,1.0,0,0.0,0.0,0.0,0.0,0.0,0.0,0.0,0.0,0.0,379300000.0,1.0,379300000.0,1.0,-379300000.0,0.0,0.0,0.0,0.0,0.0,0.0,0.0,34199134,34199134,,,11.090924115212976,0.0,,,,,,,,679878783.92,,0.0,1.7924565882414971,0.0,0.0,0.0,0.0,,,0.0,0.0,0.0,,0.0,0.0,,0.0,0.0,0.0,0.0372233400402414,0.0,0.0,0.0,0.0,0.0,,0.0,,,0.0,0.0,,,,,,,,,,0.0,0.0,0.0,0.0,0.0,0.0,,1985-12-30,,bmo,,2025-04-25,1985-12-31,,,
1985-09-30,EVRG,USD,1711269,1985-09-30,1985-09-29 20:00:00,1985,Q3,247000000.0,0.0,247000000.0,1.0,0,0.0,0.0,0.0,0.0,0.0,0.0,0.0,0.0,0.0,247000000.0,1.0,247000000.0,1.0,-247000000.0,0.0,0.0,0.0,0.0,0.0,0.64,0.64,34388000,34388000,,,7.18273816447598,0.0,,,,,,,,601790000.0,,0.0,2.436396761133603,0.0,0.0,0.0,0.0,,,0.0,0.0,0.0,,0.0,0.0,,0.0,0.0,0.0,0.0422857142857142,0.0,0.0,0.0,0.0,0.0,,0.0,,,0.0,0.0,,,,,,,,,,0.0,0.0,0.0,0.0,0.0,0.0,,1985-09-29,,bmo,,2025-04-25,1985-09-30,,,
