date,symbol,reportedCurrency,cik,fillingDate,acceptedDate,calendarYear,period,revenue,costOfRevenue,grossProfit,grossProfitRatio,researchAndDevelopmentExpenses,generalAndAdministrativeExpenses,sellingAndMarketingExpenses,sellingGeneralAndAdministrativeExpenses,otherExpenses,operatingExpenses,costAndExpenses,interestIncome,interestExpense,depreciationAndAmortization,ebitda,ebitdaratio,operatingIncome,operatingIncomeRatio,totalOtherIncomeExpensesNet,incomeBeforeTax,incomeBeforeTaxRatio,incomeTaxExpense,netIncome,netIncomeRatio,eps,epsdiluted,weightedAverageShsOut,weightedAverageShsOutDil,link,finalLink,revenuePerShare,netIncomePerShare,operatingCashFlowPerShare,freeCashFlowPerShare,cashPerShare,bookValuePerShare,tangibleBookValuePerShare,shareholdersEquityPerShare,interestDebtPerShare,marketCap,enterpriseValue,peRatio,priceToSalesRatio,pocfratio,pfcfRatio,pbRatio,ptbRatio,evToSales,enterpriseValueOverEBITDA,evToOperatingCashFlow,evToFreeCashFlow,earningsYield,freeCashFlowYield,debtToEquity,debtToAssets,netDebtToEBITDA,currentRatio,interestCoverage,incomeQuality,dividendYield,payoutRatio,salesGeneralAndAdministrativeToRevenue,researchAndDdevelopementToRevenue,intangiblesToTotalAssets,capexToOperatingCashFlow,capexToRevenue,capexToDepreciation,stockBasedCompensationToRevenue,grahamNumber,roic,returnOnTangibleAssets,grahamNetNet,workingCapital,tangibleAssetValue,netCurrentAssetValue,investedCapital,averageReceivables,averagePayables,averageInventory,daysSalesOutstanding,daysPayablesOutstanding,daysOfInventoryOnHand,receivablesTurnover,payablesTurnover,inventoryTurnover,roe,capexPerShare,report_date,epsEstimated,time,revenueEstimated,updatedFromDate,fiscalDateEnding,surprise(%),QuarterAvgPrice,QuarterAvgVolume
2025-03-31,EW,USD,1099800,2025-03-31,2025-03-30 20:00:00,2025,Q1,1412700000.0,300200000.0,1112500000.0,0.7874991152,254600000,0.0,0.0,465700000.0,-17700000.0,702600000.0,-1002800000.0,36500000.0,0.0,0.0,433900000.0,0.3071423515,409900000.0,0.2901536066,24000000.0,433900000.0,0.3071423515,70300000.0,358000000.0,0.2534154456,0.61,0.61,586900000,587800000,,,2.4070540126086217,0.6099846651899813,,,,,,,,42538512000.0,,29.705664804469272,30.11149713314929,0.0,0.0,0.0,0.0,,,0.0,0.0,0.008415903217301,,0.0,0.0,,0.0,0.0,0.0,,,0.0,0.1802222694131804,0.0,0.0,,0.0,,,0.0,0.0,,,,,,,,,,,,0.0,0.0,0.0,0.0,,2025-03-31,,,,,,,71.58216666666667,4511866.983333333
2024-12-31,EW,USD,1099800,2025-02-28,2025-02-28 16:50:53,2024,Q4,1385800000.0,292200000.0,1093600000.0,0.7891470631,271100000,0.0,0.0,491900000.0,18000000.0,781000000.0,1073200000.0,44200000.0,0.0,42600000.0,483700000.0,0.3490402656,312600000.0,0.2255736759,77500000.0,390100000.0,0.2814980517,45100000.0,385600000.0,0.2782508298,0.65,0.65,589800000,590500000,https://www.sec.gov/Archives/edgar/data/1099800/000109980025000005/0001099800-25-000005-index.htm,https://www.sec.gov/Archives/edgar/data/1099800/000109980025000005/ew-20241231.htm,2.34961003730078,0.6537809426924381,-0.21617497456765,-0.3006103763987792,6.741098677517803,17.061546286876908,12.054255679891488,16.952187182095624,1.186842997626314,43662894000.0,41317694000.0,28.30841156639004,31.507356039832587,-342.4540705882353,-246.26561759729276,4.366988118098896,4.366988118098896,29.815048347524897,85.42008269588588,-324.0603450980392,-233.03831923293853,0.0088312973482701,-0.0040606561718057,0.0700112017922867,0.0536180708218118,-4.848459789125491,4.175790592612278,0.0,-0.3306535269709543,0.0,0.0,0.0,0.1956270746139414,0.2262146407972241,-0.3905882352941176,0.0359359214893924,1.1690140845070425,0.0366575263385769,15.791386279351972,0.0238873186228468,0.038170659275391,3.513733468972533,4780200000.0,7109600000.0,3293000000.0,9517700000.0,769450000.0,185100000.0,1095450000.0,47.240583056718144,60.80082135523615,334.71252566735114,1.9051416002199617,1.4802431610942248,0.2688874574399558,0.0385661705872939,0.0844354018311292,2025-02-11,0.551,amc,1358935742.0,2025-04-30,2024-12-31,0.070780399274047,69.9909375,5250215.5625
2024-09-30,EW,USD,1099800,2024-11-06,2024-11-06 16:20:18,2024,Q3,1354400000.0,262900000.0,1091500000.0,0.8058919079,253400000,0.0,0.0,421400000.0,23700000.0,698500000.0,960100000.0,24300000.0,0.0,34500000.0,437300000.0,0.3228735972,394300000.0,0.2911252215,8500000.0,402800000.0,0.2974010632,40700000.0,3070800000.0,2.267277023,5.14,5.13,597200000,598100000,https://www.sec.gov/Archives/edgar/data/1099800/000109980024000086/0001099800-24-000086-index.htm,https://www.sec.gov/Archives/edgar/data/1099800/000109980024000086/ew-20240930.htm,2.2679169457468187,5.141995981245814,0.5890823844608172,0.5356664434025452,7.444909578030811,16.09410582719357,11.80509042196919,15.983924983255193,1.1833556597454788,39409228000.0,36439528000.0,3.20838446007555,29.097185469580623,112.02168277430356,123.19233510472024,4.128522879651357,4.128522879651357,26.90455404607206,83.32844271667048,103.58023877202956,113.90912160050016,0.0779208362061799,0.0081173881406659,0.0740341099564197,0.0544822375724682,-6.790990166933455,3.460573015791369,0.0,0.1146152342477357,0.0,0.0,0.0,0.1870939161252215,0.1974682373257678,0.0906765207504263,0.0235528647371529,0.9246376811594202,0.0310838747784997,43.00300868125086,0.0320739517485983,0.2949912582374301,3.762600468854655,4783600000.0,7050000000.0,3367900000.0,9125100000.0,822950000.0,179350000.0,1064450000.0,53.92424689899587,59.15557246101179,378.0068467097756,1.6690080098582871,1.521412037037037,0.2380909255569643,0.3216979550787797,0.0534159410582719,2024-10-24,0.665,amc,1544449388.0,2025-04-25,2024-09-30,0.0075187969924812,72.655,6505052.953125
2024-06-30,EW,USD,1099800,2024-07-31,2024-07-31 16:14:58,2024,Q2,1385900000.0,297800000.0,1088100000.0,0.7851215816,272600000,0.0,0.0,450800000.0,2000000.0,723400000.0,1021200000.0,15500000.0,0.0,39600000.0,416800000.0,0.3007431994,364700000.0,0.2631502994,17500000.0,386600000.0,0.2789523054,20200000.0,366300000.0,0.2643047839,0.61,0.61,602100000,604300000,https://www.sec.gov/Archives/edgar/data/1099800/000109980024000078/0001099800-24-000078-index.htm,https://www.sec.gov/Archives/edgar/data/1099800/000109980024000078/ew-20240630.htm,2.301777113436306,0.6083707025411061,0.6170071416708188,0.475170237502076,3.310579637933898,12.464042517854176,9.85965786414217,12.35243315063943,1.1509715994020926,54339525000.0,53384525000.0,37.0867628992629,39.20883541381052,146.27059219380888,189.93192939531636,7.306252857181272,7.306252857181272,38.51975250739592,128.08187380038387,143.69993270524898,186.5939356868228,0.0067409496126438,0.0052650441828484,0.0931777233979616,0.0686186171318804,-2.29126679462572,3.7107641741988497,0.0,1.0103345118302964,0.0,0.0,0.0,0.1966952882603362,0.1552681869040428,0.229878869448183,0.061620607547442,2.156565656565657,0.0316761671116242,13.003242471160704,0.0387263490903253,0.0429365153788447,0.8914632120910148,3299000000.0,5936500000.0,1921300000.0,6600000000.0,855650000.0,199100000.0,1116000000.0,54.18572768598023,56.182001343183344,309.6809939556749,1.6609539789069991,1.601936525013448,0.2906216453596174,0.049251082367494,0.1418369041687427,2024-07-24,0.69,amc,1653307494.0,2025-04-25,2024-06-30,0.0144927536231884,88.55444444444444,2887902.53968254
2024-03-31,EW,USD,1099800,2024-04-29,2024-04-29 16:06:19,2024,Q1,1598200000.0,384200000.0,1214000000.0,0.7596045551,285200000,0.0,0.0,489700000.0,-1400000.0,776300000.0,1160500000.0,0.0,0.0,38500000.0,476200000.0,0.2979602052,437700000.0,0.2738706044,-28300000.0,409400000.0,0.2561631836,58400000.0,351900000.0,0.2201852084,0.58,0.58,601600000,604100000,https://www.sec.gov/Archives/edgar/data/1099800/000109980024000039/0001099800-24-000039-index.htm,https://www.sec.gov/Archives/edgar/data/1099800/000109980024000039/ew-20240331.htm,2.656582446808511,0.5849401595744681,-0.0889295212765957,-0.2307180851063829,2.8218085106382977,11.945478723404255,9.12034574468085,11.83161569148936,1.1622340425531914,56700800000.0,56175400000.0,40.281898266553,35.4779126517332,-1059.8280373831776,-408.507204610951,7.965945011871479,7.965945011871479,35.14916781379051,117.9659806803864,-1050.007476635514,-404.7219020172911,0.0062062616400474,-0.002447937242508,0.0982312198822686,0.0718137280075593,-1.1033179336413272,3.754501260352898,0.0,-0.1524216524216524,0.0,0.0,0.0,0.1784507571017394,0.1745632324394277,-1.594392523364486,0.0533725441121261,2.2155844155844155,0.0279063946940307,12.478690289392564,0.0433815090745559,0.0437866288401956,0.6798952792553191,3059700000.0,5486800000.0,1620600000.0,6625600000.0,856900000.0,206850000.0,1187750000.0,49.38117882617946,49.731910463300366,282.8136387298282,1.822556733949139,1.809703250117758,0.3182307628592727,0.0494387389539049,0.1417885638297872,2024-04-25,0.64,amc,1569962910.0,2025-04-25,2024-03-31,0.03125,84.00213114754098,4077557.557377049
2023-12-31,EW,USD,1099800,2024-02-12,2024-02-12 16:47:29,2023,Q4,1534100000.0,356900000.0,1177200000.0,0.7673554527,270000000,0.0,0.0,478800000.0,-6200000.0,748800000.0,1105700000.0,6800000.0,27800000.0,36800000.0,458500000.0,0.298872303,400100000.0,0.2608043804,21600000.0,421700000.0,0.274884297,52000000.0,369900000.0,0.2411185711,0.61,0.61,605200000,606900000,https://www.sec.gov/Archives/edgar/data/1099800/000109980024000004/0001099800-24-000004-index.htm,https://www.sec.gov/Archives/edgar/data/1099800/000109980024000004/ew-20231231.htm,2.534864507600793,0.6112029081295439,0.2257105089226702,0.05783212161269,2.7172835426305357,11.10277594183741,8.323694646397884,10.988103106411105,1.1941506939854594,46146500000.0,45697400000.0,31.18849689105164,30.080503226647547,337.8221083455344,1318.4714285714283,6.9393233082706764,6.9393233082706764,29.78775829476566,99.66717557251908,334.5344070278185,1305.64,0.0080157758443218,0.0007584540539369,0.1044962406015037,0.0742160799726589,-0.9794983642311886,3.37602476158608,14.392086330935252,0.3694887746821747,0.0,0.0,0.0,0.1759989570432175,0.1796287593984962,0.7437774524158126,0.0662277556873737,2.768392370572207,0.019881363665993,12.29264466675008,0.0426844218337806,0.0481559111087966,0.3510822868473232,2840300000.0,5037500000.0,1391900000.0,6365600000.0,819500000.0,196000000.0,1100300000.0,49.09784238315625,50.78733538806389,294.5867189688989,1.833074441390847,1.772095332671301,0.305512754665297,0.0556240601503759,0.1678783873099801,2024-02-06,0.64,amc,1493970000.0,2025-04-25,2023-12-31,0.0,69.58079365079365,4732966.952380952
2023-09-30,EW,USD,1099800,2023-10-27,2023-10-27 16:49:16,2023,Q3,1480900000.0,350400000.0,1130500000.0,0.7633871294,270300000,0.0,0.0,439600000.0,5800000.0,709900000.0,1060300000.0,14600000.0,0.0,36900000.0,418400000.0,0.2825308934,418400000.0,0.2825308934,20900000.0,439300000.0,0.2966439327,55600000.0,384900000.0,0.2599095145,0.63,0.63,607000000,609500000,https://www.sec.gov/Archives/edgar/data/1099800/000109980023000039/0001099800-23-000039-index.htm,https://www.sec.gov/Archives/edgar/data/1099800/000109980023000039/ew-20230930.htm,2.439703459637562,0.6341021416803954,0.6779242174629324,0.5868204283360791,3.070675453047776,11.082537067545305,8.237067545304777,10.967874794069193,1.1385502471169686,42052960000.0,41333960000.0,27.31421148350221,28.396893780808966,102.1943134872418,118.0599663110612,6.316629365377394,6.316629365377394,27.91137821594976,98.79053537284896,100.44704738760632,116.04143739472208,0.0091527445392666,0.0084702717715946,0.1038077356365001,0.0737503735006616,-1.718451242829828,3.2831544111712003,0.0,1.072452436799583,0.0,0.0,0.0,0.1825241407252346,0.1843172407905408,0.1343863912515188,0.0373421567965426,1.4986449864498643,0.0220136403538388,12.509274166534931,0.0446727227291619,0.0503558532628604,0.5567957166392092,2828600000.0,4999900000.0,1423800000.0,6328000000.0,809500000.0,191800000.0,1006300000.0,48.74670808292255,48.9554794520548,265.17123287671234,1.8462785188879192,1.838405036726128,0.3394033320418442,0.0578144949305294,0.0911037891268533,2023-10-25,0.59,amc,1478790000.0,2025-04-25,2023-09-30,0.0,80.36047619047619,3311664.047619048
2023-06-30,EW,USD,1099800,2023-07-28,2023-07-28 16:32:01,2023,Q2,1530200000.0,343000000.0,1187200000.0,0.7758462946,270300000,0.0,0.0,468700000.0,2200000.0,739000000.0,1082000000.0,9100000.0,0.0,43000000.0,381500000.0,0.2493138152,327200000.0,0.2138282577,11300000.0,338500000.0,0.2212129133,33000000.0,307100000.0,0.2006927199,0.51,0.5,606900000,610300000,https://www.sec.gov/Archives/edgar/data/1099800/000109980023000034/0001099800-23-000034-index.htm,https://www.sec.gov/Archives/edgar/data/1099800/000109980023000034/ew-20230630.htm,2.521337946943483,0.506014170374032,0.0553633217993079,-0.0235623661229197,2.486900642609985,10.622013511286868,7.76997857966716,10.505355083209755,1.1278629098698305,57248877000.0,56890777000.0,46.60442608270922,37.41267612076852,1703.835625,-4003.417972027972,8.979230045328356,8.979230045328356,37.17865442425827,149.1239239842726,1693.177886904762,-3978.376013986014,0.0053642973642958,-0.0002497865591319,0.1073607603870947,0.0760217681030653,-0.9386631716906946,3.151572761838921,0.0,0.1099836333878887,0.0,0.0,0.0,0.1766435760031368,0.1922367836517103,1.425595238095238,0.0313030976342961,1.3268698060941828,0.0244412495098679,10.936490162780176,0.037401730731231,0.0422240860155917,0.089924204976108,2489800000.0,4715600000.0,1089500000.0,5967800000.0,798100000.0,186900000.0,947250000.0,48.04666056724611,50.64139941690962,257.1953352769679,1.873179091688089,1.7772020725388602,0.3499285860028565,0.0481672600655614,0.0789256879222277,2023-07-26,0.65,amc,1502950000.0,2025-04-25,2023-06-30,0.0153846153846153,86.9158064516129,2684039.596774193
2023-03-31,EW,USD,1099800,2023-04-28,2023-04-28 16:49:04,2023,Q1,1459600000.0,329500000.0,1130100000.0,0.7742532201,261200000,0.0,0.0,436300000.0,1600000.0,697500000.0,1027000000.0,8600000.0,0.0,42000000.0,440600000.0,0.3018635243,388400000.0,0.2661003015,10200000.0,398600000.0,0.2730885174,58100000.0,340500000.0,0.2332830913,0.56,0.56,607500000,610900000,https://www.sec.gov/Archives/edgar/data/1099800/000109980023000021/0001099800-23-000021-index.htm,https://www.sec.gov/Archives/edgar/data/1099800/000109980023000021/ew-20230331.htm,2.402633744855967,0.5604938271604938,0.5170370370370371,0.4158024691358025,2.064526748971194,9.978600823045268,7.089382716049383,9.840329218106996,1.1321810699588477,50258475000.0,50073775000.0,36.90049559471366,34.433046725130176,160.00787965616047,198.9646674584323,8.407239043158247,8.407239043158247,34.306505206906,113.64905810258738,159.41985036612544,198.23347189231987,0.0067749767576513,0.0050260179999492,0.1150552024088323,0.0795034214906602,-0.4192010894235134,3.010351201478743,0.0,0.9224669603524228,0.0,0.0,0.0,0.1789531378459852,0.20288514888108,0.1957975167144221,0.0421348314606741,1.7471590909090908,0.0266511372978898,11.13990507766832,0.0435449974588198,0.0493764501160092,-0.4829218106995884,2175200000.0,4306800000.0,668000000.0,5664900000.0,739200000.0,191350000.0,894900000.0,48.05220608385859,49.38391502276176,249.73292867981792,1.8729629154369305,1.8224557522123896,0.360384993984469,0.0569588491134158,0.1012345679012345,2023-04-26,0.61,amc,1392930000.0,2025-04-25,2023-03-31,0.0163934426229508,78.6041935483871,3563809.5322580645
2022-12-31,EW,USD,1099800,2023-02-13,2023-02-13 16:32:19,2022,Q4,1348300000.0,257900000.0,1090400000.0,0.8087220945,232200000,0.0,0.0,411000000.0,3600000.0,643200000.0,901100000.0,34900000.0,7900000.0,42000000.0,480000000.0,0.3560038567,447800000.0,0.3321219313,11500000.0,459300000.0,0.3406511904,60900000.0,398400000.0,0.2954832011,0.65,0.65,612900000,616200000,https://www.sec.gov/Archives/edgar/data/1099800/000109980023000005/0001099800-23-000005-index.htm,https://www.sec.gov/Archives/edgar/data/1099800/000109980023000005/ew-20221231.htm,2.1998694729972263,0.6500244738130201,0.4614129548050253,0.3160385054658182,1.982868330885952,9.47413933757546,7.1091532060695055,9.47413933757546,1.1408060042421275,45728469000.0,45650769000.0,28.6950734186747,33.91564859452644,161.69897100424328,236.078828084667,7.875121669795237,7.875121669795237,33.85802047022176,95.10576875,161.42421852899577,235.6776923076923,0.0087122969282002,0.0042358732806033,0.1190521294366852,0.0833644859813084,-0.161875,3.0279733959311423,56.68354430379747,0.7098393574297188,0.0,0.0,0.0,0.1722168656827115,0.1747965028640337,0.3150636492220651,0.0660832159015056,2.516949152542373,0.0206927241711785,11.771342525350338,0.0532409699515923,0.0582200789127575,-0.5032223853809756,2073400000.0,4357200000.0,610000000.0,5248000000.0,680250000.0,178400000.0,816650000.0,46.6654305421642,70.45754168282281,305.5253974408686,1.928622514661708,1.2773650321941554,0.2945745288406625,0.0686103983329602,0.145374449339207,2023-01-31,0.61,amc,1333709572.0,2025-04-25,2022-12-31,0.0491803278688525,77.07047619047619,5109766.952380952
2022-09-30,EW,USD,1099800,2022-10-28,2022-10-28 16:21:34,2022,Q3,1319000000.0,253800000.0,1065200000.0,0.8075815011,233600000,0.0,0.0,377300000.0,-2000000.0,610900000.0,864700000.0,5100000.0,6900000.0,42100000.0,449400000.0,0.3407126611,402400000.0,0.3050796058,4900000.0,407300000.0,0.3087945413,63800000.0,343500000.0,0.2604245641,0.55,0.55,619800000,624500000,https://www.sec.gov/Archives/edgar/data/1099800/000109980022000025/0001099800-22-000025-index.htm,https://www.sec.gov/Archives/edgar/data/1099800/000109980022000025/ew-20220930.htm,2.12810584059374,0.5542110358180058,0.5,0.4033559212649241,2.8052597612132946,10.03194578896418,7.732494353017103,10.03194578896418,1.1192320103259117,51214074000.0,50653074000.0,37.27370742358079,38.8279560272934,165.26,204.856296,8.236687252726044,8.236687252726044,38.40263381349507,112.7126702269693,163.449738625363,202.612296,0.0067071406973012,0.0048814706676137,0.1104570748496252,0.0795073047625662,-1.2483311081441923,3.828194792461052,58.31884057971015,0.9021834061135372,0.0,0.0,0.0,0.17710386656558,0.1649880762195827,0.1932881574701516,0.0454131918119787,1.692090395480226,0.0229719484457922,11.184625116957124,0.0436918288661535,0.047622348537363,0.3117941271377863,2596000000.0,4792600000.0,1093500000.0,5675300000.0,670300000.0,158700000.0,748900000.0,45.12964366944655,54.9290780141844,268.7234042553192,1.9942546114303,1.6384764364105875,0.334916864608076,0.0552446202837016,0.0966440787350758,2022-10-27,0.62,amc,1333930043.0,2025-04-25,2022-09-30,-0.0161290322580645,96.2225,2536235.0625
2022-06-30,EW,USD,1099800,2022-07-29,2022-07-29 16:55:30,2022,Q2,1373900000.0,269400000.0,1104500000.0,0.80391586,250800000,0.0,0.0,409000000.0,4300000.0,659800000.0,929200000.0,0.0,900000.0,40900000.0,478800000.0,0.3484969794,459500000.0,0.3344493777,5200000.0,464700000.0,0.3382342237,58300000.0,406400000.0,0.2958002766,0.65,0.65,620900000,626700000,https://www.sec.gov/Archives/edgar/data/1099800/000109980022000020/0001099800-22-000020-index.htm,https://www.sec.gov/Archives/edgar/data/1099800/000109980022000020/ew-20220630.htm,2.212755677242712,0.6545337413432115,0.5350297954582058,0.4656144306651634,2.441294894507972,9.572555967144469,7.181188597197616,9.572555967144469,1.1011435013689803,59041381000.0,58526081000.0,36.31974717027559,42.97356503384526,177.7284196267309,204.22476997578693,9.93360606366512,9.93360606366512,42.59850134653177,122.23492272347536,176.17724563515955,202.44234175025943,0.0068833078277759,0.0048965656816191,0.1148798707853826,0.0810435484445288,-1.0762322472848789,3.367144773501187,510.55555555555554,0.8174212598425197,0.0,0.0,0.0,0.1825460368294635,0.1762352969104224,0.1297411198073449,0.0313705509862435,1.2639296187683284,0.0263483514083994,11.873294387251075,0.0535617489774479,0.0585565465469792,-0.138991786116927,2294000000.0,4458800000.0,781600000.0,5422900000.0,682700000.0,160650000.0,735300000.0,44.49232112963097,54.28730512249443,247.21603563474383,2.0228209658421674,1.6578461538461535,0.364054054054054,0.0683760683760683,0.0694153647930423,2022-07-28,0.64,amc,1396172221.0,2025-04-25,2022-06-30,-0.015625,103.5241935483871,2939944.370967742
2022-03-31,EW,USD,1099800,2022-04-28,2022-04-28 16:08:23,2022,Q1,1341200000.0,299300000.0,1041900000.0,0.7768416344,228600000,0.0,0.0,370300000.0,-3300000.0,598900000.0,898200000.0,600000.0,600000.0,41800000.0,477700000.0,0.3561735759,438800000.0,0.3271696988,-2700000.0,436100000.0,0.3251565762,62500000.0,373600000.0,0.2785565166,0.6,0.59,622100000,629400000,https://www.sec.gov/Archives/edgar/data/1099800/000109980022000009/0001099800-22-000009-index.htm,https://www.sec.gov/Archives/edgar/data/1099800/000109980022000009/ew-20220331.htm,2.155923484970262,0.6005465359266999,0.47146760970905,0.3546053689117505,2.404597331618711,9.395434817553449,7.003054171355088,9.395434817553449,1.1072174891496545,73233612000.0,72890912000.0,49.0053613490364,54.60305099910528,249.68841459256737,331.9746690843155,12.529489298362671,12.529489298362671,54.34753355204295,152.5872137324681,248.5199863620866,330.4211786038078,0.0051014826361425,0.0030122780233753,0.1177436739721808,0.0817349374695661,-0.7173958551392087,3.412253921465417,731.3333333333334,0.7850642398286938,0.0,0.0,0.0,0.170444378168804,0.1767598190002256,0.2478690760313672,0.0542051893826424,2.0951008645533142,0.0241574709215627,11.267382404407586,0.050003065719516,0.0538980899070921,-0.3201253817714193,2291400000.0,4356600000.0,666300000.0,5422000000.0,675550000.0,181650000.0,728650000.0,46.04682373993439,47.751419979953226,219.69261610424323,1.9545322063538328,1.8847607052896724,0.4096632904462086,0.0639189720953309,0.1168622407972994,2022-04-26,0.57,amc,1310172901.0,2025-04-25,2022-03-31,0.0526315789473684,112.18225806451612,2644858.693548387
2021-12-31,EW,USD,1099800,2022-02-14,2022-02-14 16:15:49,2021,Q4,1329700000.0,309500000.0,1020200000.0,0.767240731,232800000,0.0,0.0,424000000.0,1400000.0,656800000.0,966300000.0,0.0,500000.0,40100000.0,417600000.0,0.3140558021,374400000.0,0.2815672708,1900000.0,376300000.0,0.2829961645,41000000.0,335300000.0,0.2521621418,0.54,0.53,624100000,632000000,https://www.sec.gov/Archives/edgar/data/1099800/000109980022000005/0001099800-22-000005-index.htm,https://www.sec.gov/Archives/edgar/data/1099800/000109980022000005/ew-20211231.htm,2.130588046787374,0.5372536452491588,0.5986220157026118,0.448325588847941,2.35026438070822,9.350905303637235,6.96106393206217,9.350905303637235,1.1068738984137156,80852155000.0,80679655000.0,60.28344393080824,60.80480935549373,216.4136911134904,288.96409935668333,13.854273548210218,13.854273548210218,60.675080845303455,193.1984075670498,215.95196734475377,288.3475875625447,0.0041470756097966,0.0034606375055804,0.1182850974142805,0.0811869310563827,-0.4130747126436782,3.081177952145694,748.8,1.1142260662093648,0.0,0.0,0.0,0.1750770850567797,0.1754169312916049,0.2510706638115632,0.0705422275701286,2.8424242424242423,0.0181995938933594,10.631823884784442,0.0445058587047385,0.047824164539088,-0.5413795866047107,2148400000.0,4344400000.0,514000000.0,5278600000.0,664550000.0,172000000.0,732250000.0,45.00338422200497,59.46688206785137,211.3182552504039,1.999849601443826,1.5134474327628362,0.4258978945919912,0.0574547199232337,0.1502964268546707,2022-01-26,0.55,amc,1352951652.0,2025-04-25,2021-12-31,-0.0727272727272727,116.64390625,2417998.84375
2021-09-30,EW,USD,1099800,2021-10-29,2021-10-29 16:56:40,2021,Q3,1310200000.0,311700000.0,998500000.0,0.7620973897,238000000,0.0,0.0,364400000.0,1400000.0,602400000.0,914100000.0,0.0,800000.0,40700000.0,429700000.0,0.3279651962,390300000.0,0.2978934514,600000.0,390900000.0,0.2983513967,50800000.0,340100000.0,0.2595786903,0.55,0.54,623600000,631700000,https://www.sec.gov/Archives/edgar/data/1099800/000109980021000027/0001099800-21-000027-index.htm,https://www.sec.gov/Archives/edgar/data/1099800/000109980021000027/ew-20210930.htm,2.1010262989095576,0.5453816549069916,0.8529506093649776,0.7556125721616421,2.87796664528544,8.885984605516356,6.487491982039769,8.885984605516356,1.0983001924310456,70597756000.0,69774956000.0,51.89485151426051,53.88319035261792,132.72749764993418,149.8254584040747,12.740287658130764,12.740287658130764,53.25519462677454,162.38062834535722,131.18059033652943,148.07927843803057,0.0048174335739509,0.0066744331080438,0.1234547849782542,0.0838327022290847,-1.914824296020479,3.637351267459907,487.875,1.5639517788885622,0.0,0.0,0.0,0.1816516562356892,0.1832898300307586,0.1141191953374694,0.0463288047626316,1.806547619047619,0.020302243932224,10.44225513319693,0.0468887870959611,0.0510308195540617,0.0685535599743425,2549000000.0,4045600000.0,896500000.0,5594100000.0,682250000.0,142050000.0,748650000.0,45.625095405281634,40.27911453320501,213.0317613089509,1.9725986148750376,2.2344086021505376,0.4224722146923285,0.0613754895060725,0.0973380372033354,2021-10-27,0.53,amc,1330670000.0,2025-04-25,2021-09-30,0.0188679245283019,114.1428125,2124547.890625
2021-06-30,EW,USD,1099800,2021-07-30,2021-07-30 16:06:45,2021,Q2,1376000000.0,334300000.0,1041700000.0,0.7570494186,225300000,0.0,0.0,374500000.0,4400000.0,599800000.0,934100000.0,0.0,1000000.0,42800000.0,477700000.0,0.3471656977,542100000.0,0.3939680233,3400000.0,545500000.0,0.3964389535,56000000.0,489500000.0,0.3557412791,0.79,0.78,622300000,629900000,https://www.sec.gov/Archives/edgar/data/1099800/000109980021000022/0001099800-21-000022-index.htm,https://www.sec.gov/Archives/edgar/data/1099800/000109980021000022/ew-20210630.htm,2.211152177406396,0.7865981038084525,0.8454121806202796,0.7340511007552627,2.508757833842198,8.24891531415716,5.8404306604531575,8.24891531415716,1.1010766511328942,64451610999.99999,63823010999.99999,32.917063840653725,46.83983357558139,122.50828929861244,141.093719352014,12.555590166169909,12.555590166169909,46.38300218023255,133.60479589700648,121.31345941836152,139.7176247810858,0.007594845069117,0.0070874876967776,0.1332865797829856,0.089296668015296,-1.3158886330332844,3.749605055292259,542.1,1.0747701736465782,0.0,0.0,0.0,0.163735465116279,0.1956121689876143,0.1317240068428055,0.0503633720930232,1.9357541899441344,0.0220203488372093,12.08275944283142,0.0712630986332168,0.0794217383544529,-0.1006347420858107,2436700000.0,3634500000.0,794100000.0,5465900000.0,682300000.0,147500000.0,763700000.0,45.80450581395349,38.92910559377804,204.4720311097816,1.964872197629587,2.3118948824343013,0.4401579986833443,0.09535776206339,0.1113610798650168,2021-07-29,0.56,amc,1376000000.0,2025-04-25,2021-06-30,0.1428571428571427,94.25920634920637,2625530.1746031744
2021-03-31,EW,USD,1099800,2021-04-28,2021-04-28 16:09:35,2021,Q1,1216600000.0,293400000.0,923200000.0,0.7588361006,207000000,0.0,0.0,330800000.0,5500000.0,537800000.0,831200000.0,300000.0,0.0,39700000.0,417800000.0,0.3434160776,383500000.0,0.3152227519,5800000.0,389300000.0,0.3199901364,51100000.0,338200000.0,0.2779878349,0.54,0.54,623200000,631300000,https://www.sec.gov/Archives/edgar/data/1099800/000109980021000012/0001099800-21-000012-index.htm,https://www.sec.gov/Archives/edgar/data/1099800/000109980021000012/ew-20210331.htm,1.9521822849807449,0.5426829268292683,0.482188703465982,0.3120988446726572,2.1351091142490373,7.474967907573813,5.066270860077021,7.474967907573813,1.105263157894737,52124448000.0,51639048000.0,38.53078651685393,42.84435969094197,173.4590615640599,267.9920205655527,11.189345698093764,11.189345698093764,42.44537892487259,123.59752991862136,171.8437537437604,265.4963907455013,0.0064883181113016,0.0037314543839389,0.1478619268418341,0.0954849799686707,-1.1617999042604117,3.841301627033792,0.0,0.8885274985215849,0.0,0.0,0.0,0.1701463093868157,0.2080901617755104,0.3527454242928453,0.0871280618116061,3.271604938271605,0.0231793522932763,9.55364291230485,0.0515115597787612,0.0592024647270944,-0.5496229139922978,2270200000.0,3157300000.0,513900000.0,5277700000.0,633550000.0,173450000.0,785100000.0,49.14269275028769,46.13496932515337,235.5521472392638,1.8314014752370915,1.9507978723404256,0.3820810001302253,0.0726000343465567,0.1700898587933247,2021-04-20,0.47,amc,1164760000.0,2025-04-25,2021-03-31,0.1489361702127661,84.54081967213115,2746035.770491803
2020-12-31,EW,USD,1099800,2021-02-12,2021-02-12 16:58:56,2020,Q4,1191700000.0,296300000.0,895400000.0,0.7513635982,195700000,307800000.0,30700000.0,338500000.0,4200000.0,534200000.0,830500000.0,16300000.0,15800000.0,32600000.0,371000000.0,0.3113199631,351400000.0,0.2948728707,4700000.0,356100000.0,0.2988168163,46600000.0,309500000.0,0.259713015,0.5,0.49,623500000,632000000,https://www.sec.gov/Archives/edgar/data/1099800/000109980021000007/0001099800-21-000007-index.htm,https://www.sec.gov/Archives/edgar/data/1099800/000109980021000007/ew-20201231.htm,1.91130713712911,0.4963913392141139,0.6415396952686447,0.4595028067361668,2.2495589414595027,7.336487570168404,4.923336006415397,7.336487570168404,1.1398556535685649,56881905000.0,56393605000.0,45.94661147011308,47.73173197952505,142.20476250000002,198.54068062827224,12.435105917845354,12.435105917845354,47.32198120332298,152.00432614555257,140.9840125,196.83631762652703,0.0054410976566273,0.0050367511425645,0.1519139540476138,0.0960191236821378,-1.3161725067385446,3.457881194764515,22.240506329113924,1.292407108239095,0.0,0.0,0.258286481497021,0.1642191826802047,0.2079009548023379,0.28375,0.095242091130318,3.48159509202454,0.0175379709658471,9.052060540389734,0.0479428374908481,0.0539904055822067,-0.6526864474739374,2197100000.0,3069700000.0,428200000.0,5191100000.0,637250000.0,179500000.0,787800000.0,45.52488042292523,59.68612892338846,243.69557880526497,1.9769409422694093,1.5078880407124682,0.3693132244796211,0.0676606256695013,0.1820368885324779,2021-01-27,0.53,amc,1259154716.0,2025-04-25,2020-12-31,-0.0566037735849057,82.94859375,2425758.40625
2020-09-30,EW,USD,1099800,2020-10-26,2020-10-23 19:57:27,2020,Q3,1140900000.0,281000000.0,859900000.0,0.7537032168,195500000,0.0,0.0,307200000.0,5700000.0,502700000.0,783700000.0,800000.0,0.0,25600000.0,382800000.0,0.3355245859,357800000.0,0.3136120607,6500000.0,364300000.0,0.3193093172,39100000.0,325200000.0,0.2850381278,0.52,0.52,622100000,631000000,https://www.sec.gov/Archives/edgar/data/1099800/000109980020000024/0001099800-20-000024-index.htm,https://www.sec.gov/Archives/edgar/data/1099800/000109980020000024/ew10-qq32020.htm,1.8339495257997107,0.522745539302363,0.3473718051760167,0.1813213309757273,2.082141134865777,6.7678829770133415,4.352837164443016,6.7678829770133415,1.1093071853399774,49656021999.99999,49322121999.99999,38.17344864698647,43.523553335086326,229.7826099028227,440.2129609929077,11.79393914922927,11.79393914922927,43.23088964852309,128.8456687565308,228.23749190189724,437.252854609929,0.0065490546141614,0.002271627799746,0.1639075600313516,0.1014733560757557,-0.872257053291536,3.521682618456812,0.0,0.6645141451414515,0.0,0.0,0.0,0.1713559470593391,0.2209151864486531,0.4780194354465525,0.0905425541239372,4.03515625,0.0201595231834516,8.922012907801005,0.0532072230602312,0.0613770194775781,-0.6506590580292557,2134100000.0,2707900000.0,389900000.0,5002300000.0,619800000.0,157950000.0,754200000.0,52.98711543518275,52.04626334519573,247.6761565836299,1.6985261277355963,1.7292307692307691,0.3633777317987844,0.0772391516043987,0.1660504742002893,2020-10-21,0.44,amc,984305882.0,2025-04-25,2020-09-30,0.1590909090909091,78.02640625,2665248.0625
2020-06-30,EW,USD,1099800,2020-07-27,2020-07-27 16:55:47,2020,Q2,925000000.0,238200000.0,686800000.0,0.7424864865,182100000,0.0,0.0,274900000.0,-300000.0,457000000.0,695200000.0,1800000.0,0.0,24500000.0,254300000.0,0.2749189189,-169700000.0,-0.1834594595,1500000.0,-168200000.0,-0.1818378378,-46300000.0,-121900000.0,-0.1317837838,-0.2,-0.2,609500000,620300000,https://www.sec.gov/Archives/edgar/data/1099800/000109980020000019/0001099800-20-000019-index.htm,https://www.sec.gov/Archives/edgar/data/1099800/000109980020000019/ew10-qq22020.htm,1.517637407711239,-0.2,0.3793273174733388,0.2016406890894175,1.909433962264151,6.298769483182936,3.835767022149303,6.298769483182936,1.1230516817063168,42122545000.0,41903545000.0,-86.38749999999999,45.537886486486485,182.19093858131487,342.73836452400326,10.97198431924149,10.97198431924149,45.30112972972973,164.77996460872984,181.24370674740484,340.956427990236,-0.0028939372015627,0.002917677457523,0.178296996691933,0.1065518905371958,-0.8611875737318129,3.0809665597801192,0.0,-1.896636587366694,0.0,0.0,0.0,0.1968648648648648,0.2336825391883688,0.4684256055363321,0.117081081081081,4.420408163265306,0.0268108108108108,,-0.0219678661591557,-0.0247618273781714,-1.029901558654635,1817100000.0,2337900000.0,105300000.0,4598600000.0,576500000.0,152450000.0,698650000.0,55.255135135135134,57.95969773299748,277.7455919395466,1.6288078887128017,1.5528031290743156,0.3240375459121208,-0.0317522335964158,0.1776866283839212,2020-07-23,0.15,amc,462500000.0,2025-04-25,2020-06-30,1.2666666666666668,71.06656031746031,3577308.5555555555
2020-03-31,EW,USD,1099800,2020-04-28,2020-04-27 19:56:19,2020,Q1,1128700000.0,265100000.0,863600000.0,0.7651280234,187400000,307800000.0,0.0,307800000.0,1900000.0,495200000.0,760300000.0,4500000.0,0.0,24500000.0,392900000.0,0.3480995836,358100000.0,0.3172676531,6400000.0,364500000.0,0.3229378932,53900000.0,310600000.0,0.2751838398,0.5,0.49,624600000,635100000,https://www.sec.gov/Archives/edgar/data/1099800/000109980020000009/0001099800-20-000009-index.htm,https://www.sec.gov/Archives/edgar/data/1099800/000109980020000009/ew10-qq12020.htm,1.8070765289785464,0.4972782580851745,0.3314121037463977,0.1998078770413064,1.6508165225744476,6.245757284662184,3.842619276336856,6.245757284662184,1.0810118475824528,39270663180.0,39282963180.0,31.608711509980683,34.79282641977496,189.71334869565217,314.6687754807692,10.06656152879957,10.06656152879957,34.80372391246567,99.98209004835836,189.77276898550724,314.7673331730769,0.0079092119880008,0.0031779448039359,0.1730793878649611,0.1111239117196886,0.0313056757444642,3.357745347436069,0.0,0.6664520283322601,0.0,0.0,0.2727031097723044,0.166031717905555,0.2470334589621632,0.3971014492753623,0.072827146274475,3.3551020408163263,0.021174802870559,8.35956244764886,0.0567292047440498,0.0678892264649953,-0.5987431956452129,1761000000.0,2400100000.0,332900000.0,4438100000.0,592100000.0,165950000.0,651550000.0,46.654558341454766,51.4334213504338,224.8132780082988,1.92907195351222,1.7498349834983498,0.4003322259136213,0.0796185691215298,0.1316042267050912,2020-04-23,0.44,amc,1015830000.0,2025-04-25,2020-03-31,0.1363636363636363,72.11515967741936,5362408.838709678
2019-12-31,EW,USD,1099800,2020-02-14,2020-02-14 16:13:26,2019,Q4,1174100000.0,286200000.0,887900000.0,0.7562388212,193900000,347200000.0,0.0,347200000.0,400000.0,541100000.0,827300000.0,4300000.0,27900000.0,23900000.0,319200000.0,0.2718678136,310800000.0,0.2647133975,4700000.0,315500000.0,0.2687164637,35300000.0,280200000.0,0.2386508815,0.45,0.44,626400000,637800000,https://www.sec.gov/Archives/edgar/data/1099800/000109980020000005/0001099800-20-000005-index.htm,https://www.sec.gov/Archives/edgar/data/1099800/000109980020000005/ew10-kq42019.htm,1.874361430395913,0.4473180076628352,0.6376117496807152,0.5234674329501916,2.42161558109834,6.622445721583652,4.221104725415071,6.622445721583652,1.1281928480204342,48710931120.0,48210631120.0,43.46085931477516,41.48788954944212,121.96026820230344,148.5542272644099,11.742383897018057,11.742383897018057,41.06177593049996,151.0358117794486,120.70763925888834,147.0284572125648,0.0057523022770746,0.0067315485961911,0.1636332955668587,0.1046223085340854,-1.5673558897243107,3.3067375886524824,11.13978494623656,1.4254104211277658,0.0,0.0,0.295715867472958,0.1651477727621156,0.2318398298423267,0.1790185277916875,0.0608977088834,2.99163179916318,0.0156715782301337,8.164106355613363,0.0491919489072568,0.0562210317221453,-0.0848100255427841,2081600000.0,2644100000.0,644200000.0,4726200000.0,584550000.0,158150000.0,626000000.0,45.92368622774891,56.72955974842768,201.54088050314465,1.9597729928225671,1.5864745011086474,0.4465595256670307,0.067545741629101,0.1141443167305236,2020-01-30,0.5,amc,1198061224.0,2025-04-25,2019-12-31,-0.02,78.0855203125,3624860.953125
2019-09-30,EW,USD,1099800,2019-10-25,2019-10-25 16:08:59,2019,Q3,1094000000.0,292400000.0,801600000.0,0.7327239488,195500000,306200000.0,0.0,306200000.0,4600000.0,501700000.0,794100000.0,2800000.0,0.0,23100000.0,323000000.0,0.2952468007,294300000.0,0.2690127971,7400000.0,301700000.0,0.2757769653,27000000.0,274700000.0,0.2510968921,0.44,0.43,624600000,636300000,https://www.sec.gov/Archives/edgar/data/1099800/000109980019000024/0001099800-19-000024-index.htm,https://www.sec.gov/Archives/edgar/data/1099800/000109980019000024/ew10-qq32019.htm,1.7515209734229906,0.4398014729426833,0.7001280819724623,0.5782901056676273,2.172430355427473,6.107588856868396,3.645693243675953,6.107588856868396,1.0738072366314442,45785241179.99999,45269341179.99999,41.66840296687296,41.85122594149908,104.69984262520008,126.75869651162787,12.00200303554577,12.00200303554577,41.37965372943327,140.1527590712074,103.52010331580148,125.33040193798448,0.0059997499831887,0.007889005074364,0.17581524588445,0.1124147293967785,-1.5972136222910216,3.531451405001289,0.0,1.5919184564979978,0.0,0.0,0.279890310786106,0.1787020109689213,0.2577309220119672,0.1740224102446833,0.0695612431444241,3.294372294372294,0.0180987202925045,7.774178281080798,0.0511505234629766,0.0620286320733414,-0.0985430675632404,1963900000.0,2277100000.0,588200000.0,4548500000.0,589800000.0,143450000.0,618000000.0,46.89213893967093,41.8296853625171,188.09507523939808,1.919298245614035,2.151582045621781,0.4784814269350352,0.0720090175107476,0.121837976304835,2019-10-23,0.41,amc,954340425.0,2025-04-25,2019-09-30,0.1463414634146341,70.24580937500001,3289846.78125
2019-06-30,EW,USD,1099800,2019-07-26,2019-07-26 16:05:11,2019,Q2,1086900000.0,304000000.0,782900000.0,0.7203054559,191900000,308500000.0,0.0,308500000.0,1400000.0,500400000.0,804400000.0,2400000.0,0.0,21700000.0,304200000.0,0.2798785537,267500000.0,0.2461127979,3800000.0,271300000.0,0.2496089797,29000000.0,242300000.0,0.2229275922,0.39,0.38,624400000,636200000,https://www.sec.gov/Archives/edgar/data/1099800/000109980019000019/0001099800-19-000019-index.htm,https://www.sec.gov/Archives/edgar/data/1099800/000109980019000019/ew10-qq22019.htm,1.7407110826393335,0.388052530429212,0.5464445868033312,0.4314541960281871,1.496316463805253,5.605861627162076,3.108263933376041,5.605861627162076,1.0703074951953877,38560883480.0,38502383480.0,39.78630156830376,35.47785765019781,113.01548499413836,143.1361673348181,11.016451012770334,11.016451012770334,35.42403485141227,126.56930795529256,112.84403130128956,142.91901811432814,0.0062835697248915,0.0069863544526858,0.1909264920149701,0.1199067013546245,-0.1923076923076923,3.378335724533716,0.0,1.408171687990095,0.0,0.0,0.2838347594074892,0.1765571809734106,0.279806225890374,0.2104337631887456,0.0660594350906247,4.4875,0.0205170668874781,6.996127340698276,0.0485177377402834,0.0603637269556552,-0.5913677130044843,1657700000.0,1940800000.0,281500000.0,4219500000.0,593800000.0,149100000.0,627900000.0,50.47750483025118,44.70394736842105,185.0032894736842,1.782972440944882,2.013245033112583,0.4864778364538326,0.0692226380595948,0.1149903907751441,2019-07-23,0.44,amc,1039643478.0,2025-04-25,2019-06-30,0.0454545454545455,60.46835396825397,3957937.857142857
2019-03-31,EW,USD,1099800,2019-04-26,2019-04-26 16:09:27,2019,Q1,993000000.0,231800000.0,761200000.0,0.7665659617,171400000,280300000.0,0.0,280300000.0,1800000.0,451700000.0,683500000.0,2000000.0,0.0,20600000.0,330100000.0,0.3324269889,274200000.0,0.2761329305,3800000.0,278000000.0,0.279959718,28300000.0,249700000.0,0.2514602216,0.4,0.39,623700000,636600000,https://www.sec.gov/Archives/edgar/data/1099800/000109980019000011/0001099800-19-000011-index.htm,https://www.sec.gov/Archives/edgar/data/1099800/000109980019000011/ew10-qq12019.htm,1.592111592111592,0.400352733686067,0.0024050024050024,-0.0921917588584255,1.544011544011544,5.52749719416386,3.2111592111592118,5.52749719416386,1.0681417348084017,39500979210.0,39457979210.0,39.54843733480177,39.77943525679758,26333.98614,-686.9735514782609,11.457861989847716,11.457861989847716,39.73613213494461,119.53341172372008,26305.319473333333,-686.2257253913043,0.0063213622799706,-0.001455660116533,0.1932414793328498,0.1218071782495017,-0.1302635564980309,3.664037122969837,0.0,0.0060072086503804,0.0,0.0,0.2822759315206445,0.1726082578046324,0.2641471486296235,39.333333333333336,0.0594159113796576,2.2433460076045626,0.0209466263846928,7.0562981635433495,0.0505930227059108,0.0620434328877404,-0.4967933301266634,1722300000.0,2002800000.0,347000000.0,4129100000.0,557650000.0,140600000.0,618950000.0,52.38670694864048,57.152717860224335,244.95685936151853,1.717993079584775,1.5747282608695652,0.367411634173403,0.0724292965917331,0.0945967612634279,2019-04-23,0.41,amc,925295454.0,2025-04-25,2019-03-31,0.0731707317073171,57.0685786885246,3987429.8852459015
2018-12-31,EW,USD,1099800,2019-02-15,2019-02-15 16:22:49,2018,Q4,977700000.0,234700000.0,743000000.0,0.759946814,163100000,288100000.0,0.0,288100000.0,1700000.0,451200000.0,685900000.0,0.0,0.0,19900000.0,18100000.0,0.0185128362,-5300000.0,-0.0054208858,3500000.0,-1800000.0,-0.0018410555,-8800000.0,7000000.0,0.0071596604,0.01,0.01,624300000,636600000,https://www.sec.gov/Archives/edgar/data/1099800/000109980019000004/0001099800-19-000004-index.htm,https://www.sec.gov/Archives/edgar/data/1099800/000109980019000004/ew10-kq42018.htm,1.5660740028832292,0.0112125580650328,0.4693256447220887,0.3722569277590902,1.5321159698862723,5.030273906775589,2.6990229056543327,5.030273906775589,0.9511452827166428,31874697810.0,31754397810.0,1138.3820646428571,32.6017160785517,108.78736453924914,137.15446561962133,10.149884667558272,10.149884667558272,32.47867220006137,1754.3866193370166,108.37678433447098,136.6368236230637,0.0002196099251426,0.0072910495147373,0.1890841930964208,0.1115389672596126,-6.6464088397790055,2.608829568788501,0.0,41.85714285714285,0.0,0.0,0.2946711670246497,0.1668200879615424,0.2733812949640288,0.2068259385665529,0.0619822031297944,3.0452261306532664,0.0163649381200777,1.1265213539528087,0.0046347307483778,0.0018095804358503,-0.8334534678840301,1410300000.0,1685000000.0,103600000.0,3733200000.0,533700000.0,134000000.0,595400000.0,49.45995704203743,51.38474648487431,232.7652322113336,1.8196538246789504,1.751492537313433,0.3866556836902801,0.0022290154120494,0.0970687169629985,2019-01-31,0.39,amc,977700000.0,2025-04-25,2018-12-31,0.0,50.5968746031746,5171536.523809524
2018-09-30,EW,USD,1099800,2018-10-26,2018-10-25 20:39:02,2018,Q3,906600000.0,224900000.0,681700000.0,0.751930289,161800000,269500000.0,0.0,269500000.0,300000.0,431300000.0,656200000.0,0.0,500000.0,19200000.0,269600000.0,0.297374807,248900000.0,0.2745422458,-200000.0,248700000.0,0.2743216413,22800000.0,225900000.0,0.2491727333,0.36,0.35,627000000,639600000,https://www.sec.gov/Archives/edgar/data/1099800/000109980018000029/0001099800-18-000029-index.htm,https://www.sec.gov/Archives/edgar/data/1099800/000109980018000029/ew10-qq32018.htm,1.445933014354067,0.3602870813397129,0.5459330143540669,0.4149920255183413,2.544976076555024,5.360925039872408,2.824720893141946,5.360925039872408,1.9043062200956933,35701380000.0,35633580000.0,39.5101593625498,39.379417604235606,104.29851007887818,137.2074558032283,10.621301282241989,10.621301282241989,39.30463269358041,132.17203264094957,104.10043821209466,136.9468870099923,0.0063274865005218,0.0072882336761212,0.3550709546901496,0.200312174817898,-0.2514836795252225,2.3095710094362065,497.8,1.5152722443559097,0.0,0.0,0.2972645047429958,0.1784690050739024,0.2668926857104494,0.2398480864738533,0.0905581292742113,4.276041666666667,0.0191925876902713,6.592277361251862,0.0426810769598286,0.0517170329670329,-0.4971690590111642,1651500000.0,1771100000.0,315700000.0,4067800000.0,525100000.0,129300000.0,575950000.0,52.62409000661813,53.623832814584254,233.62383281458423,1.710243350311262,1.6783582089552238,0.3852346694073312,0.0672061404813613,0.1309409888357257,2018-10-23,0.34,amc,856233333.0,2025-04-25,2018-09-30,0.0588235294117645,48.90836031746032,3756508.857142857
2018-06-30,EW,USD,1099800,2018-07-27,2018-07-27 16:07:30,2018,Q2,943700000.0,246200000.0,697500000.0,0.7391120059,154100000,274900000.0,0.0,274900000.0,-1100000.0,429000000.0,675200000.0,0.0,0.0,19200000.0,287700000.0,0.3048638338,252100000.0,0.2671399809,-1100000.0,251000000.0,0.2659743563,-31700000.0,282700000.0,0.2995655399,0.45,0.44,628500000,642000000,https://www.sec.gov/Archives/edgar/data/1099800/000109980018000025/0001099800-18-000025-index.htm,https://www.sec.gov/Archives/edgar/data/1099800/000109980018000025/ew10-qq22018.htm,1.5015115354017503,0.4498011137629276,0.2230708035003977,0.1390612569610183,2.228798727128083,5.034526650755768,2.513285600636436,5.034526650755768,1.898329355608592,30496894050.0,30463594050.0,26.969308498408207,32.31630184380629,217.52420863052785,348.93471453089245,9.638105698122748,9.638105698122748,32.28101520610363,105.88666684045882,217.2866907988588,348.5537076659039,0.0092697964434184,0.0028658656142722,0.3770621326085582,0.2098274740155818,-0.1157455683003128,2.2785665990534145,0.0,0.4959320834807216,0.0,0.0,0.2913002013351701,0.1632934195189149,0.2786795870631892,0.37660485021398,0.0559499841051181,2.75,0.0203454487654975,7.138070686994452,0.0556513836072967,0.0689260026819456,-0.7111774065234686,1512800000.0,1579600000.0,174100000.0,3867600000.0,483450000.0,122900000.0,571000000.0,49.601568295009,45.54833468724614,207.6726238830219,1.814458757931167,1.9759229534510432,0.4333744059144517,0.0893432779217495,0.0840095465393794,2018-07-26,0.38,amc,874648780.0,2025-04-25,2018-06-30,0.0789473684210525,46.674796875,4187269.359375
2018-03-31,EW,USD,1099800,2018-04-27,2018-04-27 16:06:36,2018,Q1,894800000.0,233600000.0,661200000.0,0.7389360751,143200000,256000000.0,0.0,256000000.0,3100000.0,399200000.0,632800000.0,800000.0,0.0,19100000.0,281100000.0,0.3141484131,252500000.0,0.2821859633,11000000.0,263500000.0,0.2944792132,56900000.0,206600000.0,0.2308895843,0.33,0.32,630600000,645300000,https://www.sec.gov/Archives/edgar/data/1099800/000109980018000012/0001099800-18-000012-index.htm,https://www.sec.gov/Archives/edgar/data/1099800/000109980018000012/ew10-qq12018.htm,1.418966064065969,0.3276244846178243,0.239930225182366,0.1666666666666666,2.3775769108785285,5.147002854424358,2.569616238503013,5.147002854424358,1.6723755153821758,29327125020.0,29154725020.0,35.48780859148113,32.775061488600805,193.8342697951091,279.0402,9.035685682595435,9.035685682595435,32.582392735806884,103.7165600142298,192.6948117647059,277.39985746907706,0.0070446728023666,0.0035837130277286,0.3249222047632252,0.1810441022471717,-0.6133048737104233,2.0668695321414985,0.0,0.7323330106485963,0.0,0.0,0.2860974519445686,0.160035762181493,0.2790166692417297,0.3053536021150033,0.0516316495306213,2.418848167539267,0.0205632543585158,6.159658557413157,0.0387487927793609,0.0491928187056526,-0.726371709483032,1402400000.0,1620400000.0,137500000.0,3739300000.0,454500000.0,118900000.0,564400000.0,44.93965131873044,46.695205479452056,221.1087328767123,2.002685765443151,1.9273927392739272,0.4070395539292559,0.0636534491789136,0.0732635585156993,2018-04-24,0.37,amc,814121311.0,2025-04-25,2018-03-31,0.108108108108108,43.42639180327869,3935595.442622951
2017-12-31,EW,USD,1099800,2018-02-16,2018-02-16 16:10:41,2017,Q4,888500000.0,235300000.0,653200000.0,0.7351716376,146600000,266700000.0,0.0,266700000.0,-800000.0,413300000.0,648600000.0,0.0,0.0,21200000.0,282500000.0,0.3179516038,239900000.0,0.2700056275,84000000.0,323900000.0,0.3645469893,288200000.0,35700000.0,0.0401800788,0.0565,0.0552,632400000,646200000,https://www.sec.gov/Archives/edgar/data/1099800/000109980018000007/0001099800-18-000007-index.htm,https://www.sec.gov/Archives/edgar/data/1099800/000109980018000007/ew10-kq42017.htm,1.4049652118912082,0.0564516129032258,0.575426944971537,0.493358633776091,2.1149588867805185,4.735452245414295,2.2141049968374444,4.735452245414295,1.6388361796331437,23759268000.0,23977368000.0,166.3814285714286,26.74087563308948,65.29065127782357,76.1515,7.933772331118309,7.933772331118309,26.9863455261677,84.8756389380531,65.88999175597692,76.85053846153846,0.0015025715438707,0.013131717694333,0.3460780712592246,0.1819362766611077,0.7720353982300885,1.809418322138059,0.0,-129.96428571428572,0.0,0.0,0.3001688238604389,0.1649971862689926,0.2799087158781708,0.1426215993404781,0.0584130557118739,2.44811320754717,0.017220033764772,2.4525065003576203,0.005401643870307,0.0087030716723549,-1.1704617330803289,1132700000.0,1400200000.0,-169700000.0,3406900000.0,468600000.0,115000000.0,546650000.0,46.818232976927405,44.59838504037399,212.24394390140247,1.9223279965382951,2.018010291595197,0.4240403676338078,0.0119210605402878,0.0820683111954459,2018-02-01,0.3,amc,860143617.0,2025-04-25,2017-12-31,0.0333333333333333,36.69983968253968,4688645.0
2017-09-30,EW,USD,1099800,2017-10-27,2017-10-27 16:11:05,2017,Q3,821500000.0,213300000.0,608200000.0,0.7403530128,142900000,244600000.0,0.0,244600000.0,-1600000.0,387500000.0,600800000.0,0.0,100000.0,20700000.0,241400000.0,0.2938527085,220700000.0,0.2686548996,-2200000.0,211800000.0,0.257821059,41700000.0,170100000.0,0.2070602556,0.27,0.26,633900000,648600000,https://www.sec.gov/Archives/edgar/data/1099800/000109980017000034/0001099800-17-000034-index.htm,https://www.sec.gov/Archives/edgar/data/1099800/000109980017000034/ew10-qq32017.htm,1.2959457327654205,0.2683388547089446,0.4902981542830099,0.4219908502918441,2.212967345007099,4.988957248777409,2.7876636693484778,4.988957248777409,1.6313298627543775,23097224130.0,23500924130.0,33.94653752204586,28.115914948265367,74.31539295366795,86.34476310280374,7.303470080632412,7.303470080632412,28.607333085818624,97.35262688483844,75.614299002574,87.85392198130842,0.0073645213399935,0.0115814782977559,0.3269565217391304,0.1883973471321332,1.672328086164043,3.4907508161044616,2207.0,1.8271604938271604,0.0,0.0,0.2977480219111381,0.173950091296409,0.2542453173966912,0.1393178893178893,0.0527084601339014,2.0917874396135265,0.0192331101643335,5.488301118961895,0.0372901905476412,0.0415587588565844,-0.4695535573434296,1831200000.0,1767100000.0,240500000.0,3876200000.0,492850000.0,109000000.0,515000000.0,52.03895313451004,47.848101265822784,227.17299578059072,1.7294736842105265,1.880952380952381,0.3961738484398217,0.0537865612648221,0.0683073039911658,2017-10-24,0.29,amc,841059523.0,2025-04-25,2017-09-30,-0.0344827586206894,38.13878571428572,3789219.142857143
2017-06-30,EW,USD,1099800,2017-07-28,2017-07-28 16:11:37,2017,Q2,841800000.0,211100000.0,630700000.0,0.7492278451,134400000,243800000.0,0.0,243800000.0,-3500000.0,378200000.0,589300000.0,0.0,1400000.0,18900000.0,270700000.0,0.3215728201,252500000.0,0.2999524828,-35400000.0,205600000.0,0.2442385365,19500000.0,186100000.0,0.2210738893,0.29,0.29,631500000,647100000,https://www.sec.gov/Archives/edgar/data/1099800/000109980017000028/0001099800-17-000028-index.htm,https://www.sec.gov/Archives/edgar/data/1099800/000109980017000028/ew10-qq22017.htm,1.3330166270783848,0.294695170229612,0.313064133016627,0.2153602533650039,1.792240696753761,4.65494853523357,2.4796516231195564,4.65494853523357,1.612351543942993,24889498950.0,25398098950.0,33.43565146426652,29.56699803991447,125.89529059180578,183.01102169117647,8.466967937814669,8.466967937814669,30.171179555713945,93.82378629479128,128.46787531613555,186.75072757352945,0.0074770488700416,0.0054641517803635,0.3458974010069397,0.197878758392527,1.8788326560768376,4.059377777777778,180.3571428571429,1.062332079527136,0.0,0.0,0.2896174863387978,0.1596578759800427,0.2673348253381337,0.312089023773394,0.073295319553338,3.2645502645502646,0.018175338560228,5.5556542501776205,0.0499457604044787,0.0494315767105822,-0.6940221694378464,1720900000.0,1565900000.0,84500000.0,3722500000.0,510450000.0,98800000.0,461500000.0,54.60085531004989,44.59497868308858,209.58787304594972,1.6483258272958683,2.0181644359464626,0.4294141578519121,0.0633079330521159,0.0977038796516231,2017-07-26,0.29,amc,685911111.0,2025-04-25,2017-06-30,0.103448275862069,36.50073968253968,4190403.238095238
2017-03-31,EW,USD,1099800,2017-04-28,2017-04-28 16:06:26,2017,Q1,883500000.0,215600000.0,667900000.0,0.7559705716,128700000,229600000.0,0.0,229600000.0,-2300000.0,358300000.0,573900000.0,0.0,2400000.0,21100000.0,330700000.0,0.3743067346,309600000.0,0.3504244482,-4700000.0,293600000.0,0.3323146576,63400000.0,230200000.0,0.2605546123,0.36,0.35,633600000,649200000,https://www.sec.gov/Archives/edgar/data/1099800/000109980017000013/0001099800-17-000013-index.htm,https://www.sec.gov/Archives/edgar/data/1099800/000109980017000013/ew10-qq12017.htm,1.394412878787879,0.363320707070707,0.2024936868686868,0.1731376262626262,1.449179292929293,4.328756313131313,2.2023358585858586,4.328756313131313,1.3420138888888888,19867605120.0,19896205120.0,21.57646081668115,22.487385534804755,154.8527289166017,181.10852433910665,7.243812710103183,7.243812710103183,22.51975678551217,60.16391025098277,155.07564395947,181.3692353691887,0.0115867009943873,0.0055215512557962,0.3091479199329128,0.1773700945527571,0.086483217417599,3.451436388508892,129.0,0.5573414422241529,0.0,0.0,0.2598754951895868,0.1456706281833616,0.2818383398878755,0.1449727201870616,0.0210526315789473,0.8815165876777251,0.0172043010752688,5.948642962855668,0.057857030967696,0.0670531006961638,-0.8225220959595959,1433600000.0,1395400000.0,-19300000.0,3369700000.0,462400000.0,95050000.0,414000000.0,51.97283531409168,38.821892393320965,180.0834879406308,1.7316738533908271,2.318279569892473,0.4997681965693092,0.0839318919313085,0.0293560606060606,2017-04-25,0.27,amc,770712765.0,2025-04-25,2017-03-31,0.148148148148148,31.308067741935485,6846822.241935484
2016-12-31,EW,USD,1099800,2017-02-17,2017-02-17 17:01:03,2016,Q4,767700000.0,213200000.0,554500000.0,0.7222873518,114900000,233600000.0,0.0,233600000.0,700000.0,348500000.0,561700000.0,0.0,1500000.0,19100000.0,229200000.0,0.2985541227,206000000.0,0.2683339846,-5600000.0,200400000.0,0.2610394685,41900000.0,158500000.0,0.2064608571,0.25,0.24,641100000,653700000,https://www.sec.gov/Archives/edgar/data/1099800/000109980017000008/0001099800-17-000008-index.htm,https://www.sec.gov/Archives/edgar/data/1099800/000109980017000008/ew10-kq42016.htm,1.197473093121198,0.2472313211667446,0.3136796131648728,0.2150990485103728,1.982686008423023,4.085166120729995,2.789112462954298,4.085166120729995,1.2849789424426767,20023668630.0,19915868630.0,31.5830735488959,26.082673739742088,99.57070427647936,145.20426852791877,7.645539759450172,7.645539759450172,25.942254305067085,86.89296958987784,99.03465256091496,144.4225426395939,0.0079156323912857,0.0068868498849104,0.3139747995418098,0.1823281596452328,-0.4703315881326352,4.206572769953052,137.33333333333334,1.268769716088328,0.0,0.0,0.3042855282011202,0.1496678389996092,0.1842350332594235,0.3142715067130781,0.082323824410577,3.30890052356021,0.0181060310016933,4.767029776213726,0.0409627006201299,0.0430811883341034,-0.1725939790984245,1707500000.0,1788100000.0,349000000.0,3118400000.0,434400000.0,92050000.0,398800000.0,48.60492379835873,40.98968105065666,167.4202626641651,1.8516642547033284,2.1956745623069,0.5375693393847706,0.0605192821687667,0.0985805646545,2017-02-01,0.24,amc,736992000.0,2025-04-25,2016-12-31,0.0416666666666667,32.40010952380952,7539939.047619048
2016-09-30,EW,USD,1099800,2016-10-28,2016-10-27 19:47:01,2016,Q3,739400000.0,201400000.0,538000000.0,0.7276169867,113100000,229600000.0,0.0,229600000.0,-1500000.0,342700000.0,544100000.0,0.0,2100000.0,18200000.0,213600000.0,0.288882878,195300000.0,0.2641330809,-10200000.0,185200000.0,0.2504733568,43800000.0,141400000.0,0.1912361374,0.22,0.22,639600000,654300000,https://www.sec.gov/Archives/edgar/data/1099800/000109980016000077/0001099800-16-000077-index.htm,https://www.sec.gov/Archives/edgar/data/1099800/000109980016000077/ew10-qq32016.htm,1.1560350218886803,0.2210756722951845,0.3219199499687304,0.2464040025015634,1.8766416510318948,4.208567854909318,2.899937460913071,4.208567854909318,0.9423076923076924,25703413320.0,25659013320.0,45.44450728429986,34.76252815796592,124.83445031568723,163.09272411167512,9.548782717883944,9.548782717883944,34.70247946984041,120.12646685393258,124.61881165614376,162.81099822335025,0.005501214886895,0.0061314813732295,0.2231220744483245,0.1384189905508181,-0.2078651685393258,4.07545045045045,93.0,1.456152758132956,0.0,0.0,0.3105220449012713,0.1529618609683527,0.1929015902281631,0.2345798931520155,0.0653232350554503,2.6538461538461537,0.0194752502028671,4.575398264445353,0.039175907491165,0.0403769274700171,0.1473577235772357,1638600000.0,1854800000.0,524200000.0,3019300000.0,440000000.0,85200000.0,384300000.0,55.28536651338924,38.87785501489573,179.1956305858987,1.6279172170849845,2.314942528735632,0.5022443890274314,0.0525299056393491,0.0755159474671669,2016-10-25,0.23,amc,739400000.0,2025-04-25,2016-09-30,0.0,37.65995,3727537.265625
2016-06-30,EW,USD,1099800,2016-07-29,2016-07-28 19:58:10,2016,Q2,759300000.0,202500000.0,556800000.0,0.7333069933,112900000,228800000.0,0.0,228800000.0,-100000.0,341700000.0,544200000.0,0.0,2400000.0,18000000.0,199000000.0,0.262083498,180600000.0,0.2378506519,-12000000.0,169000000.0,0.2225734229,42400000.0,126600000.0,0.1667325168,0.2,0.19,636600000,651900000,https://www.sec.gov/Archives/edgar/data/1099800/000109980016000070/0001099800-16-000070-index.htm,https://www.sec.gov/Archives/edgar/data/1099800/000109980016000070/ew10-qq22016.htm,1.1927426955702167,0.1988689915174364,0.2989318253220232,0.1760917373546968,1.6654099905749291,3.881872447376689,2.5653471567703425,3.881872447376689,0.9502042098649072,21162684780.0,21395284780.0,41.79045177725118,27.87130881074674,111.20696153441934,188.7839855486173,8.563728059242473,8.563728059242473,28.177643592782825,107.51399386934672,112.4292421439832,190.85891864406776,0.005982227742656,0.0052970594782917,0.2438086759469084,0.1487140247815569,1.1688442211055277,4.151191969887076,75.25,1.5031595576619274,0.0,0.0,0.3013301725273278,0.1486895825102067,0.206866762106926,0.4109301103520756,0.1029895956802317,4.344444444444444,0.0188331357829579,4.167690166411763,0.0378623374403928,0.0393987489496779,-0.026468740182218,1506900000.0,1633100000.0,404900000.0,2861200000.0,407150000.0,81000000.0,362100000.0,50.4701698933228,37.06666666666667,163.37777777777777,1.7832315641146077,2.4280575539568345,0.5508705114254625,0.051230171576562,0.1228400879673264,2016-07-26,0.23,amc,699355263.0,2025-04-25,2016-06-30,0.0869565217391303,34.2140078125,5592314.578125
2016-03-31,EW,USD,1099800,2016-04-29,2016-04-28 20:07:25,2016,Q1,697300000.0,180300000.0,517000000.0,0.7414312348,102400000,212700000.0,0.0,212700000.0,-4000000.0,315100000.0,495400000.0,0.0,2400000.0,15900000.0,218400000.0,0.3132080883,201900000.0,0.2895453894,-19200000.0,183300000.0,0.2628710741,40300000.0,143000000.0,0.2050767245,0.22,0.22,639300000,653400000,https://www.sec.gov/Archives/edgar/data/1099800/000109980016000053/0001099800-16-000053-index.htm,https://www.sec.gov/Archives/edgar/data/1099800/000109980016000053/ew10-qq12016.htm,1.0907242296261537,0.2236821523541373,0.1675269826372595,0.124198341936493,1.4888158923822932,3.596590020334741,2.291099640231504,3.596590020334741,0.9457218833098702,18797529690.0,18898329690.0,32.862814143356644,26.95759313064678,175.51381596638657,236.7447064231738,8.175327138694387,8.175327138694387,27.10215070988097,86.5308135989011,176.45499243697478,238.01422783375315,0.0076073825847485,0.0042239592813219,0.2619057974166051,0.1562613524313664,0.4615384615384615,3.969670521492472,84.125,0.7489510489510489,0.0,0.0,0.3050337014197619,0.146852143983938,0.2165654678499143,0.2586367880485528,0.0397246522300301,1.7421383647798745,0.0205076724508819,4.254537863256998,0.0463880542770939,0.0473635400105988,-0.2080791490692945,1361000000.0,1464700000.0,264800000.0,2692900000.0,351950000.0,71250000.0,348250000.0,50.14341029685932,39.23460898502496,178.00332778702165,1.7948519948519948,2.2938931297709924,0.5056085249579361,0.0621928412995259,0.0433286407007664,2016-04-26,0.22,amc,648194366.0,2025-04-25,2016-03-31,0.0909090909090908,27.592565573770493,5932028.852459016
2015-12-31,EW,USD,1099800,2016-02-19,2016-02-19 16:17:10,2015,Q4,671100000.0,175900000.0,495200000.0,0.7378930115,98200000,222300000.0,0.0,222300000.0,-1800000.0,320500000.0,496400000.0,20600000.0,2600000.0,14500000.0,190400000.0,0.2837133065,174700000.0,0.2603188795,-7700000.0,167000000.0,0.2488451796,26300000.0,140700000.0,0.209655789,0.22,0.21,647400000,661800000,https://www.sec.gov/Archives/edgar/data/1099800/000109980016000044/0001099800-16-000044-index.htm,https://www.sec.gov/Archives/edgar/data/1099800/000109980016000044/ew10-k2015.htm,1.03660797034291,0.2173308619091751,0.1603336422613531,0.0965400061785604,1.8917207290701263,3.866388631448873,2.5786221810318195,3.866388631448873,0.9306456595613222,17043905580.0,16925405580.0,30.2841250533049,25.396968529280286,164.19947572254335,272.70248928,6.809118924533578,6.809118924533578,25.220392758158248,88.8939368697479,163.05785722543354,270.80648928,0.0082551501672892,0.0036669998966281,0.2396628181055491,0.1477841007070184,-0.6223739495798319,4.300503989920202,67.1923076923077,0.7377398720682303,0.0,0.0,0.3312472060795708,0.1463269259424825,0.2053802379720641,0.3978805394990366,0.0615407539859931,2.8482758620689657,0.0192221725525257,4.348151953341091,0.0410782186568784,0.0436197916666666,0.1158480074142724,1571700000.0,1669400000.0,491700000.0,2887900000.0,326900000.0,67700000.0,336700000.0,42.29772016092981,32.694712905059696,173.9113132461626,2.1277742549143945,2.752738654147105,0.5175051485731097,0.056210299228956,0.0637936360827927,2016-02-02,0.21,amc,660447619.0,2025-04-25,2015-12-31,0.0,25.9684171875,6261012.984375
2015-09-30,EW,USD,1099800,2015-10-29,2015-10-28 19:43:27,2015,Q3,615500000.0,146700000.0,468800000.0,0.7616571893,101000000,212000000.0,0.0,212000000.0,-200000.0,313000000.0,459700000.0,0.0,2500000.0,18500000.0,174300000.0,0.2831844029,155800000.0,0.2531275386,-5100000.0,150700000.0,0.2448415922,32600000.0,118100000.0,0.1918765232,0.18,0.18,645600000,660000000,https://www.sec.gov/Archives/edgar/data/1099800/000109980015000036/0001099800-15-000036-index.htm,https://www.sec.gov/Archives/edgar/data/1099800/000109980015000036/ew10-qq32015.htm,0.9533767038413878,0.1829306071871127,0.3136617100371747,0.2733890954151177,1.9369578686493183,3.7506195786864938,2.467317224287485,3.7506195786864938,0.9408302354399009,15297492000.0,15256292000.0,32.382497883149874,24.853764419171405,75.54317037037036,86.67134277620397,6.31762286280664,6.31762286280664,24.78682696994313,87.52892713711991,75.33971358024691,86.4379150141643,0.007720219758899,0.0115378390130878,0.2498141570991988,0.1560387968838673,-0.2363740676993689,4.029107981220657,62.32,1.714648602878916,0.0,0.0,0.3444354183590576,0.1640942323314378,0.2137182066759531,0.128395061728395,0.0422420796100731,1.4054054054054057,0.0204711616571892,3.929035521509362,0.0365110937193766,0.03874544798399,0.3343401486988847,1613000000.0,1592900000.0,690300000.0,2896300000.0,344700000.0,68850000.0,323400000.0,49.4817221770918,43.86503067484663,204.60122699386503,1.8188534278959807,2.051748251748252,0.439880059970015,0.0487734368547121,0.040272614622057,2015-10-26,0.16,amc,558509259.0,2025-04-25,2015-09-30,0.1249999999999999,24.1352875,6497104.21875
2015-06-30,EW,USD,1099800,2015-07-29,2015-07-29 16:10:29,2015,Q2,616800000.0,158600000.0,458200000.0,0.7428664073,97500000,213900000.0,0.0,213900000.0,-1800000.0,311400000.0,470000000.0,0.0,1800000.0,16800000.0,163600000.0,0.2652399481,146800000.0,0.238002594,-4600000.0,142200000.0,0.2305447471,29500000.0,112700000.0,0.1827172503,0.18,0.17,645600000,660000000,https://www.sec.gov/Archives/edgar/data/1099800/000109980015000024/0001099800-15-000024-index.htm,https://www.sec.gov/Archives/edgar/data/1099800/000109980015000024/ew10-qq22015.htm,0.9553903345724908,0.1745662949194547,0.2634758364312267,0.2349752168525402,2.1824659231722427,3.544919454770756,2.9411400247831474,3.544919454770756,0.9326208178438662,15325511040.0,15328211040.0,33.99625341614907,24.84680778210117,90.09706666666668,101.02512221489782,6.696456803285852,6.696456803285852,24.85118521400778,93.69322151589242,90.11293968253968,101.0429205009888,0.0073537515131371,0.0098985279906202,0.2623000961286376,0.1663664329462627,0.0165036674816625,5.15947888589398,81.55555555555556,1.5093167701863357,0.0,0.0,0.3467898832684825,0.1580739299610895,0.1080287115816312,0.1081716637272192,0.0298313878080415,1.0952380952380951,0.0175097276264591,3.731424357757042,0.0367821789596374,0.0350163119465589,0.788723667905824,1851800000.0,1898800000.0,977300000.0,2692200000.0,348150000.0,67400000.0,305900000.0,51.215953307393,37.56620428751576,177.78688524590163,1.7572649572649572,2.395770392749245,0.5062240663900415,0.0492440793498208,0.0285006195786864,2015-07-28,0.18,amc,583757142.0,2025-04-25,2015-06-30,0.0555555555555556,22.56664126984127,6670588.380952381
2015-03-31,EW,USD,1099800,2015-04-29,2015-04-29 16:14:46,2015,Q1,590300000.0,136000000.0,454300000.0,0.7696086736,86400000,202500000.0,0.0,202500000.0,-200000.0,288900000.0,424900000.0,0.0,2400000.0,16000000.0,181400000.0,0.3073013722,165400000.0,0.2801965102,-2900000.0,162500000.0,0.275283754,39100000.0,123400000.0,0.2090462477,0.19,0.19,646800000,661800000,https://www.sec.gov/Archives/edgar/data/1099800/000109980015000006/0001099800-15-000006-index.htm,https://www.sec.gov/Archives/edgar/data/1099800/000109980015000006/ew10-qq12015.htm,0.9126468769325912,0.1907854050711193,0.1133271490414347,0.0811688311688311,2.119356833642548,3.4228509585652445,2.821583178726036,3.4228509585652445,0.9355287569573284,15357231120.0,15502931120.0,31.11270486223663,26.01597682534305,209.5120207366985,292.518688,6.936732065585618,6.936732065585618,26.262800474335084,85.46268533627342,211.4997424283765,295.2939260952381,0.0080353026555219,0.0034185850033622,0.2722345182709246,0.1727726178190574,0.8031973539140022,5.563286454478164,68.91666666666667,0.5940032414910859,0.0,0.0,0.3430459088599017,0.1463662544468914,0.1114837747964683,0.2837653478854025,0.0352363205149923,1.3,0.023039132644418,3.833167769499352,0.040738936584806,0.0398128730440393,0.7800324675324676,1849500000.0,1825000000.0,980300000.0,2683500000.0,335150000.0,63400000.0,297650000.0,52.64611214636626,45.39705882352941,197.5367647058824,1.7095279467130031,1.9825072886297377,0.4556113902847571,0.0557387415872442,0.0321583178726035,2015-04-23,0.17,amc,548135714.0,2025-04-25,2015-03-31,0.1176470588235293,22.434018032786888,6057357.049180328
2014-12-31,EW,USD,1099800,2015-02-20,2015-02-20 16:03:43,2014,Q4,618000000.0,160400000.0,457600000.0,0.7404530744,84000000,223100000.0,0.0,223100000.0,-5100000.0,307100000.0,467500000.0,19700000.0,1700000.0,18300000.0,168800000.0,0.2731391586,140300000.0,0.2270226537,-7400000.0,132900000.0,0.2150485437,23700000.0,109200000.0,0.1766990291,0.17,0.17,644400000,658200000,https://www.sec.gov/Archives/edgar/data/1099800/000104746915000998/0001047469-15-000998-index.htm,https://www.sec.gov/Archives/edgar/data/1099800/000104746915000998/a2223057z10-k.htm,0.9590316573556796,0.1694599627560521,0.1446306641837368,0.074332712600869,2.2327746741154564,3.4006828057107388,2.780881440099318,3.4006828057107388,0.930788330229671,13680612000.0,13624912000.0,31.32008241758242,22.136912621359222,146.7876824034335,285.6077661795407,6.242863922606553,6.242863922606553,22.046783171521035,80.71630331753555,146.19004291845494,284.44492693110647,0.0079820990464461,0.0035013053509594,0.272930546682486,0.1697074596373748,-0.3299763033175355,5.282228360957642,82.52941176470588,0.8534798534798534,0.0,0.0,0.3610032362459547,0.1359223300970873,0.1133274692846806,0.4860515021459227,0.0733009708737864,2.4754098360655736,0.0197411003236245,3.6008735865092505,0.0373087676539094,0.0349451182437838,0.7728895096213532,1860200000.0,1792000000.0,961700000.0,2702500000.0,323950000.0,59050000.0,300200000.0,47.33009708737864,32.65586034912718,166.53366583541143,1.9015384615384616,2.7560137457044678,0.5404312668463612,0.0498311581637309,0.0702979515828677,2015-02-03,0.16,amc,559698113.0,2025-04-25,2014-12-31,0.1249999999999999,20.08974375,5592123.1875
2014-09-30,EW,USD,1099800,2014-10-31,2014-10-31 16:06:09,2014,Q3,607400000.0,168100000.0,439300000.0,0.723246625,87600000,222200000.0,0.0,222200000.0,-2500000.0,309800000.0,477900000.0,0.0,2500000.0,18000000.0,147500000.0,0.2428383273,129500000.0,0.2132038196,-8900000.0,120600000.0,0.1985512018,26000000.0,94600000.0,0.1557458018,0.15,0.14,638400000,650400000,https://www.sec.gov/Archives/edgar/data/1099800/000104746914008719/0001047469-14-008719-index.htm,https://www.sec.gov/Archives/edgar/data/1099800/000104746914008719/a2221923z10-q.htm,0.9514411027568922,0.1481829573934837,0.019110275689223,-0.0092418546365914,2.37327694235589,3.200814536340852,2.566729323308271,3.200814536340852,0.93812656641604,10868760000.0,11061060000.0,28.72293868921776,17.89390846229832,890.8819672131148,-1842.162711864407,5.318958598414407,5.318958598414407,18.210503786631545,74.99023728813559,906.644262295082,-1874.75593220339,0.0087038447808213,-0.000542840213603,0.2918664970147793,0.1780298507462686,1.303728813559322,5.397849462365591,51.8,0.1289640591966173,0.0,0.0,0.3658215344089562,0.1442212709911096,0.1208358208955223,1.4836065573770492,0.0297991438919986,1.0055555555555555,0.0200856108001317,3.266785681892584,0.0346008789307318,0.0321200597582507,0.9437265037593984,1881400000.0,1638600000.0,1002600000.0,2715500000.0,325200000.0,296650000.0,310350000.0,47.844912742838325,32.070196311719215,162.5461035098156,1.881077733044286,2.8063439065108517,0.5536890645586298,0.0462953900362141,0.0283521303258145,2014-10-23,0.12,amc,546660000.0,2025-04-25,2014-09-30,0.0833333333333334,15.784771875,5757222.9375
2014-06-30,EW,USD,1099800,2014-08-04,2014-08-04 16:04:18,2014,Q2,575100000.0,151200000.0,423900000.0,0.7370892019,89100000,215500000.0,0.0,215500000.0,-400000.0,304600000.0,455800000.0,0.0,3100000.0,16100000.0,135400000.0,0.2354373152,119300000.0,0.207442184,693900000.0,813200000.0,1.4140149539,266200000.0,547000000.0,0.9511389324,0.86,0.85,633600000,644400000,https://www.sec.gov/Archives/edgar/data/1099800/000104746914006621/0001047469-14-006621-index.htm,https://www.sec.gov/Archives/edgar/data/1099800/000104746914006621/a2220912z10-q.htm,0.9076704545454546,0.8633207070707071,1.2279040404040404,1.2026515151515151,2.3423295454545454,3.022253787878788,2.369160353535354,3.022253787878788,0.948705808080808,9064725120.0,9164125120.0,4.142927385740402,15.761998122065728,11.65131763496144,11.895964724409447,4.733785116716277,4.733785116716277,15.934837628238569,67.6818694239291,11.779081131105398,12.02641091863517,0.060343804446218,0.084062118808077,0.3122878479293958,0.179763121505441,0.7341211225997046,4.214801110083256,38.483870967741936,1.4223034734917732,0.0,0.0,0.37471744044514,0.1549295774647887,0.1243912703661396,0.0205655526992287,0.0278212484785254,0.9937888198757764,0.0206920535559033,7.662011565817384,0.0288027330815352,0.1877918154353199,0.7521701388888888,1737600000.0,1501100000.0,866400000.0,2573900000.0,316300000.0,439650000.0,312550000.0,51.25195618153364,317.5,188.75,1.756030534351145,0.2834645669291338,0.4768211920529801,0.2856546033735443,0.0252525252525252,2014-07-29,0.13,amc,496677272.0,2025-04-25,2014-06-30,0.1538461538461537,13.555855555555556,7179544.857142857
2014-03-31,EW,USD,1099800,2014-05-02,2014-05-02 16:06:26,2014,Q1,522400000.0,145900000.0,376500000.0,0.720712098,85800000,197200000.0,0.0,197200000.0,300000.0,283000000.0,428900000.0,0.0,3500000.0,16200000.0,109700000.0,0.209992343,93500000.0,0.1789816233,-16200000.0,77300000.0,0.1479709035,17000000.0,60300000.0,0.1154287902,0.095,0.0933,640200000,651000000,https://www.sec.gov/Archives/edgar/data/1099800/000104746914004546/0001047469-14-004546-index.htm,https://www.sec.gov/Archives/edgar/data/1099800/000104746914004546/a2219900z10-q.htm,0.8159950015620119,0.0941893158388003,0.2169634489222118,0.1946266791627616,1.2989690721649485,2.0943455170259293,1.442986566697907,2.0943455170259293,1.1385504529834427,7913896320.0,8343596320.0,32.81051542288557,15.149112404287902,56.97549546436285,63.51441669341894,5.902368973747016,5.902368973747016,15.971662174578867,76.05830738377392,60.069087976961846,66.96305232744783,0.0076195084648265,0.0157444569604874,0.5410202863961814,0.2735603575065052,3.917046490428441,4.501122964626615,26.714285714285715,2.3034825870646767,0.0,0.0,0.3774885145482389,0.1642419601837672,0.1572576083267338,0.1029517638588913,0.0273736600306278,0.8827160493827161,0.0229709035222052,2.106765733540738,0.0317740176164456,0.026983487716472,-0.1506950952827241,1247100000.0,923800000.0,292400000.0,2082800000.0,316550000.0,197150000.0,308450000.0,52.56316998468607,213.37217272104184,189.9931459904044,1.7122254998361193,0.4217982075744435,0.4737012987012987,0.0449731503579952,0.0223367697594501,2014-04-24,0.11,amc,481157894.0,2025-04-25,2014-03-31,0.1818181818181818,11.53857868852459,8285670.0
2013-12-31,EW,USD,1099800,2014-02-28,2014-02-28 16:35:10,2013,Q4,536000000.0,145500000.0,390500000.0,0.7285447761,78600000,190500000.0,0.0,190500000.0,400000.0,269100000.0,414600000.0,1100000.0,4000000.0,18800000.0,125400000.0,0.2339552239,121400000.0,0.2264925373,-19900000.00000006,101500000.0,0.1893656716,25700000.0,75800000.0,0.1414179104,0.12,0.11,655200000,666000000,https://www.sec.gov/Archives/edgar/data/1099800/000104746914001583/0001047469-14-001583-index.htm,https://www.sec.gov/Archives/edgar/data/1099800/000104746914001583/a2218406z10-k.htm,0.818070818070818,0.1156898656898657,0.1698717948717948,0.1384310134310134,1.429945054945055,2.37973137973138,1.7042124542124542,2.37973137973138,0.9113247863247864,7180992000.000001,7353692000.000001,23.68401055408971,13.39737313432836,64.51924528301888,79.1730099228225,4.605561826577732,4.605561826577732,13.719574626865674,58.64188197767146,66.07090745732256,81.07708930540244,0.0105556446797322,0.012630566918888,0.3803873781426372,0.2176753404044482,1.3771929824561404,4.99363425925926,30.35,1.4683377308707124,0.0,0.0,0.355410447761194,0.1466417910447761,0.1624399016405475,0.1850853548966756,0.0384328358208955,1.0957446808510638,0.021455223880597,2.48887385844067,0.0381073854769355,0.0332150212523552,0.2622863247863248,1380200000.0,1116600000.0,560300000.0,2244400000.0,327900000.0,186350000.0,311400000.0,55.07462686567164,29.938144329896907,191.0721649484536,1.6341463414634143,3.006198347107438,0.4710262220783425,0.0486146741918932,0.0314407814407814,2014-02-03,0.14,amc,477739130.0,2025-04-25,2013-12-31,0.0714285714285712,11.27150625,8720455.40625
2013-09-30,EW,USD,1099800,2013-11-07,2013-11-07 17:02:24,2013,Q3,495600000.0,129700000.0,365900000.0,0.7382970137,84100000,180500000.0,0.0,180500000.0,-400000.0,264600000.0,394300000.0,900000.0,1000000.0,18500000.0,122500000.0,0.2471751412,101300000.0,0.2043987086,-5700000.0,99900000.0,0.2015738499,23000000.0,76800000.0,0.1549636804,0.12,0.11,666000000,677400000,https://www.sec.gov/Archives/edgar/data/1099800/000104746913010378/0001047469-13-010378-index.htm,https://www.sec.gov/Archives/edgar/data/1099800/000104746913010378/a2217158z10-q.htm,0.7441441441441441,0.1153153153153153,0.2208708708708708,0.1644144144144144,1.1375375375375376,2.1582582582582583,1.487237237237237,2.1582582582582583,0.8004504504504505,7728930000.0,7790030000.0,25.15927734375,15.595096852300244,52.54201223657376,70.58383561643835,5.377021010157228,5.377021010157228,15.718381759483457,63.59208163265306,52.95737593473827,71.14182648401827,0.0099366924011473,0.0141675497125734,0.3701822735494643,0.2102663399984193,0.4987755102040816,4.686362279916443,101.3,1.912873862158648,0.0,0.0,0.3642050040355125,0.1696933010492332,0.1765984351537184,0.2556084296397009,0.075867635189669,2.0324324324324325,0.0240112994350282,2.3663907561127817,0.0355170474505477,0.0368575130776983,0.1009009009009009,1235300000.0,990500000.0,477200000.0,2091200000.0,334800000.0,316500000.0,306700000.0,59.52784503631961,225.03469545104088,217.8180416345413,1.5118974984746796,0.3999383287079864,0.4131889136667728,0.0534298038124391,0.0564564564564564,2013-10-28,0.11,bmo,481023529.0,2025-04-25,2013-09-30,0.0,11.69768125,6928730.34375
2013-06-30,EW,USD,1099800,2013-08-06,2013-08-06 17:00:47,2013,Q2,517200000.0,125000000.0,392200000.0,0.7583139985,80500000,189400000.0,0.0,189400000.0,-100000.0,269900000.0,394900000.0,1000000.0,400000.0,16100000.0,141200000.0,0.2730085073,122300000.0,0.2364655839,-6000000.0,121800000.0,0.2354988399,27700000.0,93300000.0,0.1803944316,0.14,0.14,675600000,688200000,https://www.sec.gov/Archives/edgar/data/1099800/000104746913008139/0001047469-13-008139-index.htm,https://www.sec.gov/Archives/edgar/data/1099800/000104746913008139/a2216134z10-q.htm,0.7655417406749556,0.1380994671403197,0.1879810538780343,0.1452042628774422,0.8510953226761397,2.338365896980462,1.6780639431616342,2.338365896980462,0.3370337477797513,7550978520.0,7405578520.0,20.233061414791,14.599726450116007,59.45652377952756,76.97225810397553,4.779705355108241,4.779705355108241,14.318597293116785,52.44743994334278,58.31164188976378,75.49009704383282,0.0123560144890996,0.0129916936911111,0.1438789720217749,0.0971492071633115,-1.0297450424929178,4.425843411839592,305.75,1.3496280552603612,0.0,0.0,0.3662026295436968,0.155645784996133,0.1906654699320425,0.2275590551181102,0.0558778035576179,1.795031055900621,0.0247486465583913,2.695525811028749,0.0466483776837116,0.0492712294043092,0.3274126702190645,1076400000.0,1133700000.0,630700000.0,1921700000.0,335750000.0,302450000.0,294000000.0,59.47795823665893,222.264,215.64,1.5131655939145698,0.4049238743116294,0.4173622704507512,0.0590581086213444,0.042776791000592,2013-07-25,0.13,amc,479356097.0,2025-04-25,2013-06-30,0.0769230769230769,11.8358921875,8872188.5625
2013-03-31,EW,USD,1099800,2013-05-06,2013-05-06 16:46:51,2013,Q1,496700000.0,122200000.0,374500000.0,0.7539762432,79800000,185200000.0,0.0,185200000.0,-1200000.0,265000000.0,387200000.0,200000.0,1400000.0,15300000.0,127600000.0,0.2568955104,109500000.0,0.220455003,77100000.0,192100000.0,0.3867525669,47200000.0,143900000.0,0.2897120999,0.21,0.21,683400000,699000000,https://www.sec.gov/Archives/edgar/data/1099800/000104746913005581/0001047469-13-005581-index.htm,https://www.sec.gov/Archives/edgar/data/1099800/000104746913005581/a2214769z10-q.htm,0.7268071407667545,0.210564822944103,0.1277436347673397,0.0940883816213052,0.8163593795727246,2.3295288264559555,1.6773485513608428,2.3295288264559555,0.2840210711150132,9372831000.0,9164031000.0,16.283584086170954,18.87020535534528,107.363470790378,145.76720062208398,5.887456658291457,5.887456658291457,18.4498308838333,71.81842476489028,104.97171821305842,142.51992223950234,0.0153528853768941,0.0068602538549985,0.1210427135678392,0.0839066446050683,-1.6363636363636365,4.529627163781624,78.21428571428571,0.6024844720496895,0.0,0.0,0.3728608818200121,0.1606603583652104,0.1940694940346599,0.2634593356242841,0.0463056170726796,1.5032679738562091,0.0225488222266961,3.3221421643169267,0.0413762463099462,0.077745961424172,0.3582455370207784,1060300000.0,1146300000.0,656100000.0,1891400000.0,338600000.0,185450000.0,284750000.0,59.74028588685323,218.1505728314239,212.47954173486087,1.5065210797694877,0.412559081701553,0.4235701906412478,0.0903894472361809,0.0336552531460345,2013-04-23,0.13,amc,524294444.0,2025-04-25,2013-03-31,-0.0769230769230769,14.660231666666666,6342696.7
2012-12-31,EW,USD,1099800,2013-02-28,2013-02-28 16:41:02,2012,Q4,510500000.0,125800000.0,384700000.0,0.7535749265,74900000,177900000.0,0.0,177900000.0,-700000.0,252800000.0,378600000.0,1200000.0,1200000.0,15100000.0,138500000.0,0.2713026445,131900000.0,0.258374143,-9700000.0,122200000.0,0.2393731636,31100000.0,91100000.0,0.1784524976,0.13,0.13,690000000,706800000,https://www.sec.gov/Archives/edgar/data/1099800/000104746913001954/0001047469-13-001954-index.htm,https://www.sec.gov/Archives/edgar/data/1099800/000104746913001954/a2213019z10-k.htm,0.7398550724637681,0.1320289855072463,0.1831884057971014,0.1023188405797101,0.7556521739130435,2.143913043478261,1.4892753623188406,2.143913043478261,0.2760869565217391,10369596000.0,10247996000.0,28.45663007683864,20.312626836434863,82.03794303797469,146.87813031161474,7.00979922936524,7.00979922936524,20.074428991185112,73.99275090252708,81.07591772151899,145.1557507082153,0.0087852988679597,0.0068083655332377,0.1279659298316771,0.0852126941255908,-0.8779783393501805,3.718767990788716,109.91666666666669,1.3874862788144895,0.0,0.0,0.3484818805093046,0.1467189030362389,0.2033310826018456,0.4414556962025316,0.1093046033300685,3.695364238410596,0.0211557296767874,2.523652104250748,0.0524685673454955,0.0514747429088032,0.2613405797101449,944500000.0,1027600000.0,549700000.0,1769500000.0,336450000.0,186650000.0,283500000.0,61.263467189030365,53.44197138314785,201.033386327504,1.469064748201439,1.6840696117804552,0.4476868327402135,0.0615831812343676,0.0808695652173913,2013-02-04,0.13,amc,431088888.0,2025-04-25,2012-12-31,0.1538461538461537,15.013285483870968,6754001.516129033
2012-09-30,EW,USD,1099800,2012-11-07,2012-11-06 19:29:53,2012,Q3,447900000.0,111700000.0,336200000.0,0.7506139763,73800000,167800000.0,0.0,167800000.0,0.0,241600000.0,353300000.0,1200000.0,900000.0,14400000.0,108700000.0,0.2426881,94600000.0,0.2112078589,-1200000.0,93400000.0,0.2085286894,24200000.0,69200000.0,0.154498772,0.1,0.0967,694200000,714000000,https://www.sec.gov/Archives/edgar/data/1099800/000104746912010132/0001047469-12-010132-index.htm,https://www.sec.gov/Archives/edgar/data/1099800/000104746912010132/a2211501z10-q.htm,0.6452031114952463,0.0996830884471333,0.1891385767790262,0.1521175453759723,0.8967156439066551,2.2130509939498704,1.6233074042062805,2.2130509939498704,0.2539613944108326,12469012140.0,12338612140.0,45.04700917630058,27.838830408573344,94.9658198019802,118.07776647727272,8.116261238039446,8.116261238039446,27.54769399419513,113.5106912603496,93.9726743335872,116.84291799242423,0.0055497580099396,0.00846899488222,0.1141704094252424,0.0798797704708989,-1.1996320147194113,4.64735432016075,105.11111111111111,1.8973988439306355,0.0,0.0,0.3746371958026345,0.1647689216342933,0.1864468530831587,0.1957349581111957,0.0573788792141102,1.7847222222222223,0.0243357892386693,2.227910355978945,0.0369434320204101,0.0387371249440215,0.5042494958225295,1089100000.0,1126900000.0,728200000.0,1827200000.0,330900000.0,149300000.0,275700000.0,65.38513060951105,240.5908683974933,230.4386750223814,1.376459741856177,0.3740790354989953,0.3905594405594406,0.0450432858165722,0.0370210314030538,2012-10-19,0.09,amc,432455172.0,2025-04-25,2012-09-30,0.1111111111111112,17.04821904761905,4845290.571428572
2012-06-30,EW,USD,1099800,2012-08-07,2012-08-06 19:11:29,2012,Q2,482000000.0,129800000.0,352200000.0,0.7307053942,74000000,182400000.0,0.0,182400000.0,900000.0,256400000.0,386200000.0,100000.0,1200000.0,14000000.0,105100000.0,0.2180497925,95800000.0,0.1987551867,-5900000.0,89900000.0,0.1865145228,22100000.0,67800000.0,0.1406639004,0.0983,0.095,689400000,710400000,https://www.sec.gov/Archives/edgar/data/1099800/000104746912007817/0001047469-12-007817-index.htm,https://www.sec.gov/Archives/edgar/data/1099800/000104746912007817/a2210424z10-q.htm,0.6991586887148245,0.0983463881636205,0.21293878735132,0.172033652451407,0.7339715694807079,2.0809399477806787,1.4840440963156367,2.0809399477806787,0.2702349869451697,11869192980.0,11749992980.0,43.76546084070796,24.624881701244817,80.85281321525885,100.07751247892074,8.273520828105395,8.273520828105395,24.3775787966805,111.79822055185538,80.04082411444142,99.07245345699832,0.005712267052549,0.0099922547556388,0.1290255123379339,0.0892005204568454,-1.1341579448144623,4.498065423848048,79.83333333333333,2.1651917404129795,0.0,0.0,0.3784232365145228,0.1535269709543568,0.1983036962074117,0.1920980926430517,0.05850622406639,2.0142857142857142,0.0232365145228215,2.145854346552094,0.0403448797624144,0.0407549891800913,0.3633594429939077,994500000.0,1023100000.0,638300000.0,1721800000.0,341550000.0,0.0,266850000.0,62.81327800829875,0.0,184.0215716486903,1.4328180737217595,0.0,0.4890730972117558,0.0472605604349644,0.0409051348999129,2012-07-24,0.11,amc,467823529.0,2025-04-25,2012-06-30,0.0,14.142173015873016,7032383.238095238
2012-03-31,EW,USD,1099800,2012-05-09,2012-05-08 20:42:53,2012,Q1,459200000.0,127300000.0,331900000.0,0.7227787456,68600000,177200000.0,0.0,177200000.0,-300000.0,245800000.0,373100000.0,1100000.0,1100000.0,13800000.0,99900000.0,0.2175522648,86100000.0,0.1875,-500000.0,85600000.0,0.1864111498,20500000.0,65100000.0,0.1417682927,0.095,0.0917,684000000,708000000,https://www.sec.gov/Archives/edgar/data/1099800/000104746912005578/0001047469-12-005578-index.htm,https://www.sec.gov/Archives/edgar/data/1099800/000104746912005578/a2209222z10-q.htm,0.6713450292397661,0.0951754385964912,-0.0448830409356725,-0.0711988304093567,0.5986842105263158,2.0326023391812864,1.4260233918128655,2.0326023391812864,0.2638888888888889,8291242800.0,8257342800.0,31.84041013824885,18.055842334494773,-270.07305537459285,-170.25139219712526,5.963635762065742,5.963635762065742,17.982018292682927,82.65608408408409,-268.96882084690554,-169.55529363449693,0.0078516576549899,-0.0058736670936714,0.1290368985111127,0.0895120247480291,-0.3393393393393393,4.479638009049774,78.27272727272727,-0.4715821812596006,0.0,0.0,0.3858885017421603,0.149390243902439,0.2070152679373316,-0.5863192182410424,0.039198606271777,1.3043478260869563,0.0200348432055749,2.08631515603138,0.0376539718282609,0.0409614295601837,0.2774488304093567,922800000.0,975400000.0,574100000.0,1645900000.0,333700000.0,42500000.0,264800000.0,67.95078397212544,0.0,189.68578161822467,1.3244880299971156,0.0,0.4744688781215058,0.046824426382795,0.0263157894736842,2012-04-24,0.08,amc,408177777.0,2025-04-25,2012-03-31,0.1249999999999999,12.29273870967742,7611956.322580645
2011-12-31,EW,USD,1099800,2012-02-27,2012-02-27 16:28:20,2011,Q4,430200000.0,119600000.0,310600000.0,0.7219897722,60700000,163400000.0,0.0,163400000.0,0.0,224100000.0,343700000.0,900000.0,900000.0,14800000.0,84300000.0,0.1959553696,86500000.0,0.2010692701,-17900000.0,68600000.0,0.1594607159,5500000.0,63100000.0,0.1466759647,0.0917,0.0883,684600000,708600000,https://www.sec.gov/Archives/edgar/data/1099800/000104746912001617/0001047469-12-001617-index.htm,https://www.sec.gov/Archives/edgar/data/1099800/000104746912001617/a2207417z10-k.htm,0.628396143733567,0.0921706105755185,0.2090271691498685,0.1539585159217061,0.6580484954718083,1.9542798714577856,1.3456032719836402,1.9542798714577856,0.2210049664037394,8066915640.0,8046115640.0,31.960838510301112,18.751547280334727,56.372576100628926,76.53620151802656,6.029535570670454,6.029535570670454,18.70319767549977,95.44621162514828,56.22722320055905,76.33885806451613,0.0078220726255171,0.0130657124362837,0.1124149786979595,0.0759404190860893,-0.2467378410438908,3.485978520286396,96.11111111111111,2.2678288431061806,0.0,0.0,0.3798233379823338,0.1410971641097164,0.2104014137843979,0.2634521313766597,0.0876336587633658,2.547297297297298,0.0209205020920502,2.0131719504859675,0.0483588821519873,0.0403504284435349,0.2615761028337715,833300000.0,921200000.0,525900000.0,1554300000.0,333750000.0,42500000.0,254600000.0,67.09205020920503,63.96321070234113,196.6304347826087,1.3414405986903648,1.4070588235294117,0.4577114427860697,0.0471634651319231,0.0550686532281624,2012-02-02,0.1,amc,416322580.0,2025-04-25,2011-12-31,0.0,11.56894761904762,6602140.952380952
2011-09-30,EW,USD,1099800,2011-11-08,2011-11-08 16:11:35,2011,Q3,412700000.0,125600000.0,287100000.0,0.695662709,61700000,165500000.0,0.0,165500000.0,0.0,227200000.0,352800000.0,1000000.0,1000000.0,13900000.0,72500000.0,0.1756724013,59900000.0,0.1451417495,-2300000.0,57600000.0,0.139568694,6000000.0,51600000.0,0.1250302883,0.075,0.0717,687600000,714000000,https://www.sec.gov/Archives/edgar/data/1099800/000104746911009212/0001047469-11-009212-index.htm,https://www.sec.gov/Archives/edgar/data/1099800/000104746911009212/a2206078z10-q.htm,0.6002036067481094,0.075043630017452,0.1413612565445026,0.113001745200698,0.6560500290866783,1.9700407213496216,1.3592204770215242,1.9700407213496216,0.2559627690517743,8168688000.000001,7892588000.000001,39.57697674418605,19.793283256602862,84.04,105.13111969111972,6.030332201387864,6.030332201387864,19.12427429125273,108.8632827586207,81.19946502057614,101.57770913770916,0.0063168038735228,0.0095119314142001,0.1291894286136128,0.0882545766301881,-3.8082758620689656,3.913576158940397,59.9,1.8837209302325584,0.0,0.0,0.4010176883935061,0.1495032711412648,0.2118109839124514,0.2006172839506173,0.0472498182699297,1.4028776978417266,0.0254422098376544,1.823835973374852,0.0319236222658496,0.0330155480197069,0.3008289703315881,879900000.0,934600000.0,553600000.0,1586300000.0,355450000.0,0.0,238650000.0,75.6287860431306,0.0,177.63535031847135,1.1900230680507498,0.0,0.5066559096409843,0.0380924258083567,0.0283595113438045,2011-10-19,0.07,amc,434421052.0,2025-04-25,2011-09-30,-0.1428571428571429,12.643725,8290750.875
2011-06-30,EW,USD,1099800,2011-08-08,2011-08-08 17:12:28,2011,Q2,431200000.0,127800000.0,303400000.0,0.7036178108,64900000,163200000.0,0.0,163200000.0,0.0,228100000.0,355900000.0,1000000.0,700000.0,14800000.0,88300000.0,0.2047773655,75300000.0,0.1746289425,-2500000.0,72800000.0,0.1688311688,14700000.0,58100000.0,0.1347402597,0.085,0.08,688800000,720000000,https://www.sec.gov/Archives/edgar/data/1099800/000104746911007106/0001047469-11-007106-index.htm,https://www.sec.gov/Archives/edgar/data/1099800/000104746911007106/a2204486z10-q.htm,0.6260162601626016,0.0843495934959349,0.0860917537746806,0.0582171893147502,0.679732868757259,2.011033681765389,1.397212543554007,2.011033681765389,0.2547909407665505,10008264000.0,9714864000.0,43.064819277108434,23.21025974025974,168.77342327150083,249.5826433915212,7.225140051978054,7.225140051978054,22.529833024118737,110.02110985277464,163.82569983136594,242.2659351620948,0.0058052025805874,0.0040066888723159,0.1261911637308692,0.0872952457051538,-3.322763306908268,3.883817427385892,107.57142857142856,1.0206540447504302,0.0,0.0,0.3784786641929499,0.1505102040816326,0.2111466240511386,0.3237774030354131,0.0445269016697588,1.2972972972972974,0.0180890538033395,1.9536305063086363,0.0355782323768233,0.0367814636616865,0.346653600464576,903500000.0,962400000.0,599600000.0,1607300000.0,359150000.0,0.0,223550000.0,75.99489795918367,0.0,161.54929577464787,1.1842900302114805,0.0,0.5571054925893636,0.0419434016748484,0.0278745644599303,2011-07-21,0.08,amc,431200000.0,2025-04-25,2011-06-30,0.0,14.28198888888889,5808424.476190476
2011-03-31,EW,USD,1099800,2011-05-09,2011-05-09 16:10:54,2011,Q1,404500000.0,116800000.0,287700000.0,0.7112484549,59000000,150300000.0,0.0,150300000.0,0.0,209300000.0,326100000.0,500000.0,500000.0,14500000.0,99600000.0,0.2462299135,78400000.0,0.1938195303,6200000.0,84600000.0,0.2091470952,20700000.0,63900000.0,0.1579728059,0.0933,0.0883,689400000,723000000,https://www.sec.gov/Archives/edgar/data/1099800/000104746911004794/0001047469-11-004794-index.htm,https://www.sec.gov/Archives/edgar/data/1099800/000104746911004794/a2203819z10-q.htm,0.5867420945749927,0.0926892950391645,0.0216129968088192,0.0010153756890049,0.6292428198433421,1.969538729329852,1.3513199883957063,1.969538729329852,0.2175805047867711,9996300000.0,9712000000.0,39.10915492957746,24.71273176761434,670.8926174496644,14280.42857142857,7.362129916040653,7.362129916040653,24.00988875154512,97.51004016064256,651.8120805369127,13874.285714285714,0.0063923651751147,7.002590958654703e-05,0.1101045809397554,0.0774170162083786,-2.854417670682731,2.583782569631626,156.8,0.2331768388106416,0.0,0.0,0.3715698393077874,0.145859085290482,0.2207032261405416,0.953020134228188,0.0351050679851668,0.9793103448275862,0.019035846724351,2.0266946041308507,0.0362095030430449,0.0424612931091766,0.3408761241659414,705100000.0,931600000.0,577000000.0,1405600000.0,328350000.0,23800000.0,210650000.0,78.80840543881335,0.0,167.74828767123287,1.142010163749294,0.0,0.5365181442351861,0.047061422889969,0.0205976211198143,2011-04-20,0.07,amc,314611111.0,2025-04-25,2011-03-31,0.2857142857142855,14.284045161290324,6686312.70967742
2010-12-31,EW,USD,1099800,2011-02-28,2011-02-28 17:01:48,2010,Q4,392400000.0,113500000.0,278900000.0,0.7107543323,55900000,142400000.0,0.0,142400000.0,0.0,198300000.0,311800000.0,100000.0,500000.0,15400000.0,86000000.0,0.2191641182,80600000.0,0.2054026504,-10500000.0,70100000.0,0.1786442406,5300000.0,64800000.0,0.1651376147,0.0951,0.0951,681600000,681600000,https://www.sec.gov/Archives/edgar/data/1099800/000104746911001550/0001047469-11-001550-index.htm,https://www.sec.gov/Archives/edgar/data/1099800/000104746911001550/a2202139z10-k.htm,0.5757042253521126,0.0950704225352112,0.1379107981220657,0.1060739436619718,0.5811326291079812,1.9193075117370888,1.3584213615023475,1.9193075117370888,0.0620598591549295,9183469440.0,8829169440.0,35.43005185185185,23.403337003058105,97.69648340425532,127.01894107883815,7.019927717474392,7.019927717474392,22.500431804281344,102.66476093023256,93.9273344680851,122.11852614107885,0.0070561567633419,0.0078728415739139,0.0319523008714263,0.0236532367587143,-4.119767441860465,3.0568383658969807,161.2,1.4506172839506173,0.0,0.0,0.36289500509684,0.1424566768603465,0.2163309189678587,0.2308510638297872,0.0553007135575942,1.4090909090909092,0.0175840978593272,2.0262183896625325,0.0506431036529032,0.046790381977038,0.3899281103286385,694800000.0,925900000.0,573600000.0,1346900000.0,302950000.0,23800000.0,207900000.0,69.38073394495413,37.74449339207049,161.44493392070487,1.297190082644628,2.384453781512605,0.5574656188605108,0.0495337104418284,0.0318368544600939,2011-02-02,0.09,amc,364371428.0,2025-04-25,2010-12-31,0.0,11.6153671875,4358128.03125
2010-09-30,EW,USD,1099800,2010-11-08,2010-11-08 16:52:23,2010,Q3,348900000.0,95800000.0,253100000.0,0.7254227572,52700000,133000000.0,0.0,133000000.0,0.0,185700000.0,281500000.0,300000.0,700000.0,13400000.0,80300000.0,0.230151906,67400000.0,0.1931785612,-1200000.0,66200000.0,0.1897391803,18200000.0,48000000.0,0.1375752365,0.07,0.0667,681600000,713400000,https://www.sec.gov/Archives/edgar/data/1099800/000104746910009418/0001047469-10-009418-index.htm,https://www.sec.gov/Archives/edgar/data/1099800/000104746910009418/a2200707z10-q.htm,0.5118838028169014,0.0704225352112676,0.1414319248826291,0.1173708920187793,0.5296361502347418,1.809712441314554,1.2420774647887325,1.809712441314554,0.1486208920187793,7616880000.000001,7356480000.000001,39.67125,21.831126397248497,79.01327800829877,95.211,6.175014187271991,6.175014187271991,21.0847807394669,91.61245330012454,76.31203319502076,91.95600000000002,0.0063017928600686,0.0105029881001144,0.0815565464126469,0.05830532050539,-3.2428393524283936,3.524147727272727,96.28571428571428,2.0083333333333333,0.0,0.0,0.3811980510174835,0.1510461450272284,0.2242378578880259,0.1701244813278008,0.0470048724562912,1.2238805970149254,0.0246488965319575,1.693370044531532,0.0316434153292159,0.0358610384759058,0.2974618544600939,710800000.0,846600000.0,500500000.0,1358000000.0,298700000.0,0.0,197250000.0,78.26311263972485,0.0,199.3528183716075,1.1499670402109428,0.0,0.4514608859566447,0.0389136603161734,0.0240610328638497,2010-10-25,0.07,amc,333040909.0,2025-04-25,2010-09-30,0.0,9.7360234375,6923167.125
2010-06-30,EW,USD,1099800,2010-08-06,2010-08-06 16:17:57,2010,Q2,365200000.0,100400000.0,264800000.0,0.7250821468,50600000,140600000.0,0.0,140600000.0,0.0,191200000.0,291600000.0,200000.0,500000.0,13700000.0,80800000.0,0.2212486309,73600000.0,0.2015334064,-7200000.0,66400000.0,0.1818181818,8900000.0,57500000.0,0.1574479737,0.085,0.08,680400000,712800000,https://www.sec.gov/Archives/edgar/data/1099800/000104746910007154/0001047469-10-007154-index.htm,https://www.sec.gov/Archives/edgar/data/1099800/000104746910007154/a2199612z10-q.htm,0.5367430922986478,0.08450911228689,0.0705467372134038,0.047472075249853,0.4707524985302763,1.6428571428571428,1.0703997648442092,1.6428571428571428,0.2616108171663727,6352690680.0,6209890680.0,27.620394260869567,17.3951004381161,132.3477225,196.67773003095976,5.683208695652175,5.683208695652175,17.004081818181817,76.85508267326733,129.3727225,192.2566773993808,0.0090512828180074,0.0050844597395067,0.1587940597602433,0.1081064620257019,-1.7673267326732671,3.709729511505854,147.2,0.8347826086956521,0.0,0.0,0.3849945235487404,0.1385542168674698,0.2372251659662586,0.3270833333333333,0.0429901423877327,1.145985401459854,0.0172508214676889,1.7674328762454483,0.0457143449713356,0.045911849249441,0.1585097001763668,671200000.0,728300000.0,394800000.0,1310500000.0,286300000.0,0.0,178450000.0,72.45345016429353,0.0,163.4163346613546,1.2421768707482994,0.0,0.5507405375754251,0.051440329218107,0.0230746619635508,2010-07-21,0.07,amc,349321739.0,2025-04-25,2010-06-30,0.1428571428571427,8.658679365079365,5806099.80952381
2010-03-31,EW,USD,1099800,2010-05-07,2010-05-07 17:17:24,2010,Q1,340500000.0,98600000.0,241900000.0,0.7104258443,45200000,134000000.0,0.0,134000000.0,0.0,179200000.0,277800000.0,300000.0,200000.0,14000000.0,79800000.0,0.2343612335,62700000.0,0.1841409692,2800000.0,65500000.0,0.1923641703,17800000.0,47700000.0,0.1400881057,0.07,0.0667,679200000,714000000,https://www.sec.gov/Archives/edgar/data/1099800/000104746910004989/0001047469-10-004989-index.htm,https://www.sec.gov/Archives/edgar/data/1099800/000104746910004989/a2198483z10-q.htm,0.5013250883392226,0.0702296819787985,0.0191401648998822,0.0055948174322732,0.472909305064782,1.69537691401649,1.1082155477031803,1.69537691401649,0.1906654888103651,5596608000.0,5404708000.0,29.33232704402516,16.43644052863436,430.5083076923077,1472.7915789473684,4.860276161528441,4.860276161528441,15.872857562408225,67.72817042606516,415.7467692307693,1422.2915789473684,0.0085230196576211,0.0006789826980914,0.1122883195831524,0.0805908750934929,-2.4047619047619047,3.6032204789430224,313.5,0.2725366876310272,0.0,0.0,0.3935389133627019,0.1327459618208517,0.2485664422837197,0.7076923076923077,0.0270190895741556,0.6571428571428571,0.0220264317180616,1.6367590182661094,0.0335199794674308,0.0395653616456536,0.2422703180212014,630500000.0,752700000.0,419800000.0,1276500000.0,275350000.0,25550000.0,170250000.0,73.63876651982379,0.0,159.3711967545639,1.2221823402727925,0.0,0.5647193585337915,0.0414242292661745,0.0135453474676089,2010-04-20,0.07,amc,340500000.0,2025-04-25,2010-03-31,0.0,7.77094262295082,4820269.770491803
2009-12-31,EW,USD,1099800,2010-02-26,2010-02-26 16:29:24,2009,Q4,346700000.0,101700000.0,245000000.0,0.7066628209,48300000,132300000.0,0.0,132300000.0,0.0,180600000.0,282300000.0,300000.0,500000.0,14200000.0,77100000.0,0.2223824632,64400000.0,0.1857513701,-2000000.0,62400000.0,0.179982694,14800000.0,47600000.0,0.1372944909,0.0703,0.0703,676800000,676800000,https://www.sec.gov/Archives/edgar/data/1099800/000104746910001539/0001047469-10-001539-index.htm,https://www.sec.gov/Archives/edgar/data/1099800/000104746910001539/a2196662z10-k.htm,0.5122635933806147,0.0703309692671394,0.097369976359338,0.0623522458628841,0.4936465721040189,1.7108451536643026,1.1170212765957446,1.7108451536643026,0.134160756501182,4898340000.0,4654540000.0,25.7265756302521,14.128468416498414,74.3298937784522,116.0744075829384,4.230365316521288,4.230365316521288,13.425266801269109,60.37016861219196,70.63034901365705,110.29715639810426,0.00971757779166,0.0086151635043708,0.0779860091545038,0.0558960074280408,-3.1621271076524,3.060929432013769,128.8,1.384453781512605,0.0,0.0,0.381597923276608,0.1393135275454283,0.2487774682760755,0.3596358118361153,0.0683588116527257,1.6690140845070425,0.0224978367464666,1.645394011558316,0.0370759554910498,0.0392221489782465,0.2416149527186761,598700000.0,756000000.0,431600000.0,1252600000.0,276300000.0,25550000.0,167300000.0,70.63455436977215,45.2212389380531,146.81415929203538,1.2741639103270856,1.990215264187867,0.6130198915009042,0.0411089040504361,0.0350177304964539,2010-02-04,0.07,amc,346700000.0,2025-04-25,2009-12-31,0.0,6.6136203125,4294372.3125
2009-09-30,EW,USD,1099800,2009-11-06,2009-11-06 16:15:54,2009,Q3,325700000.0,98500000.0,227200000.0,0.697574455,44700000,126100000.0,0.0,126100000.0,0.0,170600000.0,269100000.0,300000.0,900000.0,15400000.0,110500000.0,0.3392692662,56400000.0,0.1731654897,37800000.0,94200000.0,0.2892232115,20700000.0,73500000.0,0.2256677924,0.11,0.1,676800000,704400000,https://www.sec.gov/Archives/edgar/data/1099800/000104746909009737/0001047469-09-009737-index.htm,https://www.sec.gov/Archives/edgar/data/1099800/000104746909009737/a2195201z10-q.htm,0.4812352245862884,0.1085992907801418,0.105644208037825,0.0877659574468085,0.4277482269503546,1.611258865248227,1.011081560283688,1.611258865248227,0.1524822695035461,3942969120.0,3757669120.0,13.411459591836737,12.106137918329752,55.146421258741256,66.37995151515152,3.615744264099037,3.615744264099037,11.537209456555113,34.00605538461539,52.55481286713287,63.260422895622895,0.0186407749498175,0.015064789551281,0.0938101788170564,0.0644206549118387,-1.676923076923077,3.0591988656504787,62.66666666666666,0.9727891156462584,0.0,0.0,0.3871661037764814,0.1372428615290144,0.2557934508816121,0.1692307692307692,0.0371507522259748,0.7857142857142857,0.0242554498004298,1.9842089924341149,0.0336981158027043,0.0621932645117617,0.1281397754137115,580900000.0,684300000.0,365500000.0,1227800000.0,277500000.0,0.0,164800000.0,77.50997850782929,0.0,154.14213197969542,1.1611408199643494,0.0,0.5838767042086545,0.0674002751031636,0.0178782505910165,2009-10-21,0.06,amc,307605555.0,2025-04-25,2009-09-30,0.0,5.4616265625,4326692.0625
2009-06-30,EW,USD,1099800,2009-08-07,2009-08-07 17:09:24,2009,Q2,335500000.0,101900000.0,233600000.0,0.6962742176,42600000,128500000.0,0.0,128500000.0,0.0,171100000.0,273000000.0,300000.0,200000.0,14900000.0,78200000.0,0.2330849478,62500000.0,0.1862891207,300000.0,62800000.0,0.1871833085,15300000.0,47500000.0,0.1415797317,0.0708,0.0675,674400000,702000000,https://www.sec.gov/Archives/edgar/data/1099800/000104746909007409/0001047469-09-007409-index.htm,https://www.sec.gov/Archives/edgar/data/1099800/000104746909007409/a2193912z10-q.htm,0.4974792408066429,0.0704329774614472,0.0947508896797153,0.0693950177935943,0.2792111506524318,1.4873962040332147,0.8838967971530249,1.4873962040332147,0.1691874258600237,3823308480.0,3754108480.0,20.12267621052632,11.395852399403877,59.83268356807512,81.69462564102564,3.811492852158309,3.811492852158309,11.18959308494784,48.006502301790285,58.74974147104851,80.21599316239316,0.0124237947966992,0.012240707294432,0.1135480011962914,0.0777421336427547,-0.8849104859335039,3.042023663810689,312.5,1.345263157894737,0.0,0.0,0.3830104321907601,0.1269746646795827,0.2777967374240666,0.2676056338028169,0.0509687034277198,1.1476510067114094,0.0169895678092399,1.5352977641439964,0.0387484337475201,0.0448917871656743,0.0187203440094899,500500000.0,596100000.0,283600000.0,1146600000.0,265150000.0,0.0,153500000.0,73.63636363636363,0.0,142.1099116781158,1.2222222222222223,0.0,0.6333126165320074,0.0473532050643006,0.0253558718861209,2009-07-20,0.06,amc,318725000.0,2025-04-25,2009-06-30,0.1666666666666668,5.231477777777778,5894834.666666667
2009-03-31,EW,USD,1099800,2009-05-08,2009-05-08 16:27:59,2009,Q1,313500000.0,97000000.0,216500000.0,0.6905901116,39900000,121900000.0,0.0,121900000.0,0.0,161800000.0,258800000.0,700000.0,800000.0,14200000.0,100000000.0,0.3189792663,54700000.0,0.1744816587,30300000.0,85000000.0,0.2711323764,24500000.0,60500000.0,0.1929824561,0.09,0.0858,672000000,702000000,https://www.sec.gov/Archives/edgar/data/1099800/000104746909005269/0001047469-09-005269-index.htm,https://www.sec.gov/Archives/edgar/data/1099800/000104746909005269/a2192784z10-q.htm,0.4665178571428571,0.0900297619047619,-0.0535714285714285,-0.0700892857142857,0.2238095238095238,1.403720238095238,0.7961309523809523,1.403720238095238,0.1842261904761905,3395280000.0,3371580000.0,14.0300826446281,10.830239234449762,-94.31333333333336,-72.08662420382166,3.599363935121383,3.599363935121383,10.75464114832536,33.7158,-93.655,-71.58343949044585,0.017818854409651,-0.0138721990528027,0.1303933001166119,0.0905143866362499,-0.237,3.241758241758242,68.375,-0.5950413223140496,0.0,0.0,0.3888357256778309,0.1272727272727272,0.3004636102730149,-0.3083333333333333,0.0354066985645933,0.7816901408450704,0.0220095693779904,1.6862602033416207,0.0336010437660867,0.0636440143067536,-0.0004464285714285,448800000.0,535000000.0,233400000.0,1086900000.0,230250000.0,32800000.0,148950000.0,73.43540669856459,0.0,135.55670103092783,1.22556684910086,0.0,0.6639288158795346,0.0641365419272765,0.0165178571428571,2009-04-27,0.06,bmo,296083333.0,2025-04-25,2009-03-31,0.0,4.866093442622951,7319528.655737705
2008-12-31,EW,USD,1099800,2009-03-02,2009-02-27 21:08:50,2008,Q4,309700000.0,98800000.0,210900000.0,0.6809815951,35800000,120200000.0,0.0,120200000.0,0.0,156000000.0,254800000.0,0.0,0.0,14300000.0,42500000.0,0.137229577,54900000.0,0.1772683242,-20900000.0,34000000.0,0.1097836616,-4100000.0,38100000.0,0.1230222796,0.0567,0.0567,669600000,672000000,https://www.sec.gov/Archives/edgar/data/1099800/000104746909002037/0001047469-09-002037-index.htm,https://www.sec.gov/Archives/edgar/data/1099800/000104746909002037/a2190912z10-k.htm,0.4625149342891278,0.0568996415770609,0.120221027479092,0.0534647550776583,0.3387096774193548,1.3124253285543608,0.696236559139785,1.3124253285543608,0.2620967741935484,3066232320.0,3023032320.0,20.11963464566929,9.900653277365192,38.08984248447205,85.64894748603352,3.489112790168412,3.489112790168412,9.761163448498548,71.13017223529411,37.55319652173913,84.442243575419,0.0124256729509654,0.011675566709831,0.1997041420118343,0.1253392372518211,-1.016470588235294,2.676595744680851,0.0,2.1128608923884515,0.0,0.0,0.388117533096545,0.1155957378107846,0.2946721896871875,0.55527950310559,0.1443332257022925,3.125874125874126,0.0926703261220536,1.2962337531504455,0.0538848157288666,0.0385783718104495,-0.097334229390681,433400000.0,466200000.0,170500000.0,1076100000.0,209150000.0,147750000.0,147800000.0,59.486599935421374,59.75708502024292,138.27935222672065,1.5129457743038592,1.5060975609756098,0.6508563899868248,0.0433545744196631,0.0667562724014337,2009-02-03,0.06,bmo,294215000.0,2025-04-25,2008-12-31,0.1666666666666668,4.30768125,8073935.25
2008-09-30,EW,USD,1099800,2008-11-07,2008-11-07 14:11:04,2008,Q3,303600000.0,104900000.0,198700000.0,0.6544795784,35100000,119300000.0,0.0,119300000.0,0.0,154400000.0,259300000.0,0.0,0.0,13800000.0,58100000.0,0.191370224,44300000.0,0.1459156785,-700000.0,43600000.0,0.1436100132,10700000.0,32900000.0,0.1083662714,0.0492,0.0467,672000000,708000000,https://www.sec.gov/Archives/edgar/data/1099800/000104746908011799/0001047469-08-011799-index.htm,https://www.sec.gov/Archives/edgar/data/1099800/000104746908011799/a2188579z10-q.htm,0.4517857142857143,0.0489583333333333,0.0205357142857142,0.0023809523809523,0.3191964285714285,1.3013392857142858,0.6709821428571429,1.3013392857142858,0.3017857142857142,3234604800.0,3235004800.0,24.57906382978723,10.654166007905138,234.39165217391303,2021.628,3.6988048027444247,3.6988048027444247,10.655483530961792,55.679944922547335,234.42063768115943,2021.878,0.0101712580158169,0.000494650845754,0.2319039451114923,0.1468288444830582,0.0068846815834767,2.941713788603741,0.0,0.4194528875379939,0.0,0.0,0.3929512516469038,0.1156126482213438,0.3066898349261511,0.8840579710144928,0.0401844532279314,0.8840579710144928,0.0,1.1972913417041162,0.0290351871876785,0.0343567251461988,-0.0894345238095238,446400000.0,450900000.0,169600000.0,1094000000.0,193450000.0,228250000.0,140300000.0,63.3201581027668,197.24499523355576,123.37464251668256,1.4213483146067416,0.4562853414528056,0.7294853963838664,0.0376214979988564,0.0181547619047619,2008-10-21,0.05,bmo,303600000.0,2025-04-25,2008-09-30,0.0,5.0367875,9413821.5
2008-06-30,EW,USD,1099800,2008-08-08,2008-08-08 14:42:51,2008,Q2,327600000.0,113000000.0,214600000.0,0.6550671551,35400000,126500000.0,0.0,126500000.0,0.0,161900000.0,274900000.0,1500000.0,400000.0,14000000.0,68000000.0,0.2075702076,52700000.0,0.1608669109,-600000.0,52100000.0,0.159035409,12400000.0,39700000.0,0.1211843712,0.06,0.0558,664800000,722400000,https://www.sec.gov/Archives/edgar/data/1099800/000104746908009024/0001047469-08-009024-index.htm,https://www.sec.gov/Archives/edgar/data/1099800/000104746908009024/a2187167z10-q.htm,0.4927797833935018,0.0597172081829121,0.0436221419975932,0.0255716004813477,0.3130264741275572,1.3497292418772564,0.7099879663056559,1.3497292418772564,0.2137484957882069,3437016000.0,3390516000.0,21.64367758186398,10.491501831501832,118.51779310344828,202.17741176470588,3.830397860247409,3.830397860247409,10.34956043956044,49.86052941176471,116.9143448275862,199.44211764705884,0.0115507172500797,0.0049461509635102,0.1579181990415691,0.1050953051991396,-0.6838235294117647,2.802736098852604,131.75,0.7304785894206549,0.0,0.0,0.3861416361416361,0.108058608058608,0.3154342505377142,0.4137931034482758,0.0366300366300366,0.8571428571428571,0.0189255189255189,1.3466797681239355,0.0358003010579807,0.0430119176598049,-0.0669750300842358,408500000.0,472000000.0,184100000.0,1058400000.0,164300000.0,234100000.0,138150000.0,47.60989010989011,180.47787610619469,108.95575221238938,1.890363531448356,0.498676081200353,0.8260233918128655,0.0442438426390282,0.0180505415162454,2008-07-22,0.05,bmo,308329411.0,2025-04-25,2008-06-30,0.1999999999999999,4.6026796875,6716592.1875
2008-03-31,EW,USD,1099800,2008-05-09,2008-05-09 15:21:38,2008,Q1,296800000.0,102900000.0,193900000.0,0.6533018868,32900000,114600000.0,0.0,114600000.0,0.0,159200000.0,262100000.0,1700000.0,400000.0,13500000.0,50300000.0,0.1694743935,34700000.0,0.1169137466,-11700000.0,34700000.0,0.1169137466,16500000.0,18200000.0,0.0613207547,0.0267,0.0258,673200000,702000000,https://www.sec.gov/Archives/edgar/data/1099800/000104746908006302/0001047469-08-006302-index.htm,https://www.sec.gov/Archives/edgar/data/1099800/000104746908006302/a2185440z10-q.htm,0.4408793820558526,0.0270350564468211,0.0444147355912061,0.0308972073677956,0.2816399286987522,1.1550802139037433,0.5199049316696376,1.1550802139037433,0.3168449197860962,2499255000.0,2549255000.0,34.330425824175826,8.420670485175203,83.5871237458194,120.15649038461538,3.2140625000000003,3.2140625000000003,8.589134097035041,50.681013916500994,85.25936454849499,122.56033653846154,0.0072821700866858,0.0083224800990695,0.2737911522633744,0.162481874379913,0.9940357852882704,1.5107252298263534,86.75,1.6428571428571428,0.0,0.0,0.3861185983827493,0.1108490566037735,0.3263374799664199,0.3043478260869565,0.0306603773584905,0.674074074074074,0.0222371967654986,0.8382256990981688,0.0170300364929353,0.0206185567010309,-0.2330288175876411,200000000.0,350000000.0,58900000.0,851200000.0,150300000.0,152750000.0,146050000.0,47.09231805929919,211.3119533527697,122.01166180758018,1.9111397295556989,0.42591059602649,0.7376344086021506,0.0234053497942386,0.0135175282234105,2008-04-22,0.04391,bmo,254399999.0,2025-04-25,2008-03-31,0.1386927806877705,3.75267868852459,5707941.442622951
2007-12-31,EW,USD,1099800,2008-02-29,2008-02-28 20:20:37,2007,Q4,293000000.0,99600000.0,193400000.0,0.6600682594,33500000,114500000.0,0.0,114500000.0,0.0,148000000.0,247600000.0,0.0,0.0,13700000.0,59100000.0,0.2017064846,45400000.0,0.1549488055,-25800000.0,19600000.0,0.066894198,3800000.0,15800000.0,0.0539249147,0.0231,0.0231,680400000,685200000,https://www.sec.gov/Archives/edgar/data/1099800/000104746908001956/0001047469-08-001956-index.htm,https://www.sec.gov/Archives/edgar/data/1099800/000104746908001956/a2183020z10-k.htm,0.4306290417401529,0.0232216343327454,0.1130217519106408,0.0859788359788359,0.2810111699000588,1.2272192827748385,0.5323339212228101,1.2272192827748385,0.31114050558495,2607633000.0,2677533000.0,41.26001582278481,8.899771331058021,33.909401820546165,44.57492307692308,3.12291377245509,3.12291377245509,9.138337883959045,45.3051269035533,34.81837451235371,45.76979487179487,0.0060591348552499,0.0224341385463368,0.2535329341317365,0.1573860679503382,1.1827411167512691,1.5495471497069793,0.0,4.867088607594937,0.0,0.0,0.3907849829351535,0.114334470989761,0.3514980298862538,0.2392717815344603,0.0627986348122866,1.3430656934306568,0.0945392491467576,0.8007532967091406,0.0326855043169362,0.0181130345064771,-0.1963918283362727,206300000.0,362200000.0,71600000.0,907300000.0,141000000.0,131350000.0,155450000.0,44.63139931740614,57.74096385542168,137.89156626506022,2.0165175498967653,1.5586854460093895,0.6526867627785059,0.0189221556886227,0.0270429159318048,2008-02-05,0.04698,bmo,272071428.0,2025-04-25,2007-12-31,0.0642826734780758,4.1017875,4797022.6875
2007-09-30,EW,USD,1099800,2007-11-09,2007-11-09 13:32:03,2007,Q3,261400000.0,90700000.0,170700000.0,0.6530221882,30900000,103200000.0,0.0,103200000.0,0.0,134100000.0,224800000.0,0.0,400000.0,14000000.0,50600000.0,0.1935730681,36600000.0,0.1400153022,2200000.0,38800000.0,0.1484315226,9700000.0,29100000.0,0.1113236419,0.0425,0.04,685200000,748800000,https://www.sec.gov/Archives/edgar/data/1099800/000104746907008857/0001047469-07-008857-index.htm,https://www.sec.gov/Archives/edgar/data/1099800/000104746907008857/a2180186z10-q.htm,0.3814944541739638,0.0424693520140105,0.0866900175131348,0.0637769994162288,0.2564214827787507,1.202276707530648,0.5532691185055458,1.202276707530648,0.3088149445417396,2825353680.0,2860853680.0,24.27279793814433,10.80854506503443,47.56487676767677,64.65340228832952,3.429659723233794,3.429659723233794,10.944352257077275,56.53861027667984,48.162519865319865,65.46575926773455,0.0102995954828565,0.0154670901237398,0.2563729060451566,0.1624990382395937,0.7015810276679841,1.6192660550458715,91.5,2.0412371134020617,0.0,0.0,0.3947972456006121,0.1182096403978577,0.3421558821266446,0.2643097643097643,0.0600612088752869,1.1214285714285714,0.0,1.0718432889108391,0.0249341447906258,0.0340350877192982,-0.1729786923525977,216000000.0,379100000.0,88900000.0,888700000.0,137050000.0,186200000.0,150900000.0,47.06579954093343,197.26571113561192,157.07828004410143,1.912216532553036,0.4562374245472837,0.572962728995578,0.0353241077931536,0.022913018096906,2007-10-22,0.03706,bmo,239616666.0,2025-04-25,2007-09-30,0.0793308148947651,4.007712698412698,5344742.857142857
2007-06-30,EW,USD,1099800,2007-08-08,2007-08-08 16:22:20,2007,Q2,272600000.0,94700000.0,177900000.0,0.6526045488,29100000,101700000.0,0.0,101700000.0,0.0,130800000.0,225500000.0,0.0,400000.0,13700000.0,60800000.0,0.2230374175,47100000.0,0.172780631,-300000.0,46800000.0,0.1716801174,11900000.0,34900000.0,0.1280264123,0.0508,0.0475,690000000,756000000,https://www.sec.gov/Archives/edgar/data/1099800/000110465907060241/0001104659-07-060241-index.htm,https://www.sec.gov/Archives/edgar/data/1099800/000110465907060241/a07-19020_110q.htm,0.3950724637681159,0.0505797101449275,0.0547826086956521,0.0333333333333333,0.2389855072463768,1.170289855072464,0.5250724637681159,1.170289855072464,0.3014492753623188,2837073000.0,2879773000.0,20.32287249283668,10.407457813646367,75.05484126984128,123.351,3.513403095975232,3.513403095975232,10.56409757887014,47.3646875,76.1844708994709,125.20752173913044,0.0123014106439982,0.0081069468427495,0.2570897832817337,0.1658411886882888,0.7023026315789473,1.672435105067985,117.75,1.0830945558739256,0.0,0.0,0.3730741012472487,0.1067498165810711,0.3556478670714171,0.3915343915343915,0.0542920029347028,1.0802919708029195,0.0,1.154054044332446,0.0325762548216638,0.0432680386808827,-0.1515942028985507,217600000.0,362300000.0,96900000.0,883000000.0,133350000.0,176500000.0,142500000.0,45.36316947909024,164.9841605068638,136.3780359028511,1.9839883551673945,0.5455069124423964,0.6599303135888501,0.043219814241486,0.0214492753623188,2007-07-23,0.05,bmo,272600000.0,2025-04-25,2007-06-30,0.0,4.174914285714286,4769485.333333333
2007-03-31,EW,USD,1099800,2007-05-09,2007-05-08 20:12:38,2007,Q1,264100000.0,93200000.0,170900000.0,0.6471033699,28800000,98600000.0,0.0,98600000.0,0.0,126300000.0,219500000.0,0.0,200000.0,13400000.0,58000000.0,0.2196137827,44600000.0,0.168875426,0.0,44600000.0,0.168875426,11400000.0,33200000.0,0.1257099583,0.0475,0.045,694800000,762000000,https://www.sec.gov/Archives/edgar/data/1099800/000110465907037144/0001104659-07-037144-index.htm,https://www.sec.gov/Archives/edgar/data/1099800/000110465907037144/a07-11011_110q.htm,0.3801093839953943,0.0477835348301669,0.05195739781232,0.0323834196891191,0.2593552101324122,1.1298215313759354,0.4870466321243523,1.1298215313759354,0.3234024179620035,2935529999.9999995,2979829999.9999995,22.104894578313253,11.11522150700492,81.31662049861495,130.468,3.739528662420382,3.739528662420382,11.282960999621354,51.37637931034482,82.54376731301937,132.43688888888886,0.0113097123858383,0.0076647147193181,0.2859872611464968,0.1797150176112712,0.7637931034482759,3.0217391304347827,223.0,1.0873493975903614,0.0,0.0,0.3733434305187429,0.1090496024233245,0.3575088056356068,0.3767313019390582,0.0514956455887921,1.0149253731343284,0.0261264672472548,1.1021363328411,0.0310338381005795,0.0413655619237478,-0.1673503166378814,362700000.0,338400000.0,77900000.0,1026000000.0,128200000.0,118300000.0,141800000.0,44.06285497917455,173.24034334763948,136.64163090128756,2.0425367362722358,0.5195094760312151,0.6586572438162545,0.0422929936305732,0.0195739781232009,2007-04-23,0.05,bmo,264100000.0,2025-04-25,2007-03-31,0.0,4.1737049180327865,5002862.163934426
2006-12-31,EW,USD,1099800,2007-03-01,2007-02-28 21:49:32,2006,Q4,265600000.0,97400000.0,168200000.0,0.6332831325,30000000,95100000.0,0.0,95100000.0,0.0,125100000.0,222500000.0,0.0,0.0,14600000.0,57700000.0,0.2172439759,43100000.0,0.1622740964,-19400000.0,23700000.0,0.0892319277,3000000.0,20700000.0,0.077936747,0.0296,0.0296,691200000,698400000,https://www.sec.gov/Archives/edgar/data/1099800/000104746907001507/0001047469-07-001507-index.htm,https://www.sec.gov/Archives/edgar/data/1099800/000104746907001507/a2176362z10-k.htm,0.3842592592592592,0.0299479166666666,0.1012731481481481,0.076099537037037,0.2644675925925926,1.0842013888888888,0.427662037037037,1.0842013888888888,0.3412905092592592,2709504000.0,2762604000.0,32.72347826086956,10.201445783132533,38.7072,51.51148288973384,3.6155644515612497,3.6155644515612497,10.40137048192771,47.878752166377815,39.46577142857143,52.52098859315589,0.0076397746598639,0.0194131472033257,0.3147851614625033,0.1892043631697144,0.9202772963604852,2.350132625994695,0.0,3.3816425120772946,0.0,0.0,0.3580572289156626,0.1129518072289156,0.363971767725377,0.2485714285714285,0.065512048192771,1.1917808219178083,0.1001506024096385,0.8547311793759461,0.0368844834386325,0.0261034047919293,-0.2144458912037037,305400000.0,295600000.0,34200000.0,972200000.0,128649999.5,142350000.0,145500000.0,43.068524096385545,52.85420944558521,131.30390143737165,2.0896931549960662,1.7027972027972027,0.685432793807178,0.0276220976781425,0.0251736111111111,2007-02-05,0.04823,bmo,246628571.0,2025-04-25,2006-12-31,0.036699149906697,3.81501746031746,4214247.619047619
2006-09-30,EW,USD,1099800,2006-11-09,2006-11-08 21:45:35,2006,Q3,247400000.0,87400000.0,160000000.0,0.6467259499,28100000,91700000.0,0.0,91700000.0,0.0,119800000.0,207200000.0,0.0,800000.0,13800000.0,54000000.0,0.2182700081,40200000.0,0.1624898949,-3500000.0,36700000.0,0.1483427648,8900000.0,27800000.0,0.1123686338,0.04,0.0375,698400000,763200000,https://www.sec.gov/Archives/edgar/data/1099800/000110465906073007/0001104659-06-073007-index.htm,https://www.sec.gov/Archives/edgar/data/1099800/000110465906073007/a06-21894_110q.htm,0.3542382588774341,0.0398052691867124,0.086197021764032,0.0604238258877434,0.2166380297823597,1.0422394043528065,0.3823024054982817,1.0422394043528065,0.3634020618556701,2711538000.0,2813238000.0,24.3843345323741,10.96013742926435,45.04215946843853,64.25445497630332,3.725151806566836,3.725151806566836,11.371212611156023,52.097,46.73152823920266,66.6644075829384,0.0102524840146072,0.0155631232164181,0.3475752163758758,0.2039829073611223,1.8833333333333333,2.3072527472527478,50.25,2.1654676258992804,0.0,0.0,0.3706548100242522,0.1135812449474535,0.3716036442796098,0.2990033222591362,0.0727566693613581,1.3043478260869563,0.0,0.9661516190864676,0.0300663765383473,0.035668462920195,-0.2706185577749141,297400000.0,267000000.0,12500000.0,969800000.0,131949999.0,227000000.0,143950000.0,47.36459139046079,234.26773455377577,153.32951945080092,1.9001536244251431,0.3841758241758242,0.5869711215580927,0.0381920593488116,0.0257731958762886,2006-10-19,0.03968,bmo,247400000.0,2025-04-25,2006-09-30,0.0080645161290322,3.801088888888889,3364419.047619048
2006-06-30,EW,USD,1099800,2006-08-09,2006-08-09 12:20:24,2006,Q2,267300000.0,95700000.0,171600000.0,0.6419753086,28900000,97000000.0,0.0,97000000.0,0.0,125900000.0,221600000.0,0.0,600000.0,14400000.0,59900000.0,0.2240927796,45700000.0,0.1709689487,-200000.0,45500000.0,0.1702207258,9400000.0,36100000.0,0.1350542462,0.0508,0.0483,705600000,770400000,https://www.sec.gov/Archives/edgar/data/1099800/000110465906052927/0001104659-06-052927-index.htm,https://www.sec.gov/Archives/edgar/data/1099800/000110465906052927/a06-15581_110q.htm,0.3788265306122449,0.0511621315192743,0.0561224489795918,0.0334467120181405,0.2368197278911564,1.0238095238095235,0.3645124716553288,1.0238095238095235,0.397108843537415,2671331040.0,2783831040.0,18.49952243767313,9.99375622895623,67.45785454545454,113.191993220339,3.6978558139534887,3.6978558139534887,10.41463164983165,46.47464173622704,70.29876363636363,117.95894237288137,0.0135138623627867,0.0088345471402151,0.3870431893687707,0.2220457433290978,1.878130217028381,2.394260485651214,76.16666666666667,1.1,0.0,0.0,0.3628881406659184,0.1081182192293303,0.369440914866582,0.404040404040404,0.0598578376356154,1.1111111111111112,0.0,1.08561330312692,0.0351105658164823,0.0454659949622166,-0.2833404205640589,315800000.0,257200000.0,5500000.0,986700000.0,128349999.5,211750000.0,137000000.0,45.01683468013468,213.0094043887148,130.72100313479623,1.9992520717969489,0.4225165562913907,0.6884892086330935,0.0499723145071982,0.0226757369614512,2006-07-24,0.0463,bmo,248207142.0,2025-04-25,2006-06-30,0.0799136069114471,3.685009523809524,3839009.523809524
2006-03-31,EW,USD,1099800,2006-05-10,2006-05-10 11:02:18,2006,Q1,257000000.0,93000000.0,164000000.0,0.6381322957,27000000,92000000.0,0.0,92000000.0,0.0,98000000.0,191000000.0,0.0,900000.0,14000000.0,80200000.0,0.3120622568,66000000.0,0.2568093385,0.0,66000000.0,0.2568093385,21000000.0,46000000.0,0.1789883268,0.0642,0.0608,711600000,775200000,https://www.sec.gov/Archives/edgar/data/1099800/000110465906033019/0001104659-06-033019-index.htm,https://www.sec.gov/Archives/edgar/data/1099800/000110465906033019/a06-9723_110q.htm,0.3611579539066891,0.0646430578976953,0.0857223159078133,0.0744800449690837,0.2655986509274873,1.0174255199550308,0.3555368184373243,1.0174255199550308,0.4073917931422147,2579550000.0,2679550000.0,14.019293478260868,10.03715953307393,42.28770491803279,48.67075471698113,3.5629143646408843,3.5629143646408843,10.426264591439688,33.41084788029925,43.92704918032787,50.55754716981132,0.0178325676959159,0.0205462193018162,0.399171270718232,0.2330645161290322,1.2468827930174564,2.67005076142132,73.33333333333333,1.326086956521739,0.0,0.0,0.357976653696498,0.1050583657587548,0.3798387096774193,0.1311475409836065,0.0311284046692607,0.5714285714285714,0.022568093385214,1.216475925714739,0.0431447746883988,0.059817945383615,-0.2350337268128162,329000000.0,253000000.0,10000000.0,999000000.0,120750000.0,195600000.0,133250000.0,43.0739299610895,190.64516129032256,130.64516129032256,2.089430894308943,0.4720812182741117,0.6888888888888889,0.0635359116022099,0.0112422709387296,2006-04-20,0.03884,bmo,236953846.0,2025-04-25,2006-03-31,0.0298661174047374,3.565083870967742,5310154.838709678
2005-12-31,EW,USD,1099800,2006-03-09,2006-03-09 17:19:26,2005,Q4,249700000.0,89600000.0,160100000.0,0.6411694033,25800000,87100000.0,0.0,87100000.0,0.0,112900000.0,202500000.0,0.0,9700000.0,14400000.0,61600000.0,0.2466960352,47200000.0,0.1890268322,-3700000.0,43500000.0,0.1742090509,4900000.0,38600000.0,0.1545855026,0.0538,0.0538,715200000,717600000,https://www.sec.gov/Archives/edgar/data/1099800/000104746906003132/0001047469-06-003132-index.htm,https://www.sec.gov/Archives/edgar/data/1099800/000104746906003132/a2168124z10-k.htm,0.3491331096196868,0.0539709172259507,0.0619407158836689,0.0313199105145413,0.2497203579418344,0.964765100671141,0.3000559284116331,0.964765100671141,0.4555369127516778,2479956000.0,2617456000.0,16.061891191709844,9.93174209050861,55.98094808126411,110.71232142857144,3.5941391304347823,3.5941391304347823,10.482402883460152,42.49116883116883,59.0847855530474,116.85071428571428,0.0155647922785726,0.0090324183170991,0.4581159420289855,0.2571800504434138,2.232142857142857,2.64778578784758,4.865979381443299,1.1476683937823835,0.0,0.0,0.3488185822987585,0.1033239887865438,0.3867870799772191,0.4943566591422121,0.0877052462955546,1.5208333333333333,0.0,1.082385463360066,0.0404707878933274,0.0512140108796603,-0.2878565436241611,320000000.0,214600000.0,-24900000.0,997300000.0,122200000.0,199400000.0,133500000.0,42.71125350420505,195.0669642857143,132.08705357142858,2.1071729957805907,0.4613800205973223,0.6813688212927757,0.0559420289855072,0.0306208053691275,2006-02-02,0.03851,bmo,249700000.0,2025-04-25,2005-12-31,0.0386912490262269,3.4933825396825395,4146228.5714285714
2005-09-30,EW,USD,1099800,2005-11-08,2005-11-08 15:57:12,2005,Q3,240900000.0,90900000.0,150000000.0,0.6226650062,24000000,85900000.0,0.0,85900000.0,0.0,109900000.0,200800000.0,0.0,2200000.0,14000000.0,54100000.0,0.2245745122,40100000.0,0.1664591117,-24800000.0,15300000.0,0.0635118306,19700000.0,-4400000.0,-0.0182648402,-0.0061,-0.0061,717600000,717600000,https://www.sec.gov/Archives/edgar/data/1099800/000110465905053503/0001104659-05-053503-index.htm,https://www.sec.gov/Archives/edgar/data/1099800/000110465905053503/a05-18512_110q.htm,0.3357023411371237,-0.0061315496098104,0.0543478260869565,0.0392976588628762,0.1226309921962095,0.9186176142697882,0.2504180602006689,0.9186176142697882,0.3535395763656633,2655765840.0,2819265840.0,-150.89578636363638,11.024349688667495,68.09656,94.17609361702128,4.028770995145631,4.028770995145631,11.703054545454544,52.112122735674674,72.28886769230769,99.9739659574468,-0.0016567725714854,0.0106184060263385,0.3815230582524271,0.219650655021834,3.022181146025878,2.103616813294233,18.227272727272727,-8.863636363636363,0.0,0.0,0.3565794935657949,0.099626400996264,0.4187772925764192,0.2769230769230769,0.0448318804483188,0.7714285714285715,0.0,,-0.0122628946658771,-0.0066115702479338,-0.3283514492753623,225800000.0,179700000.0,-55400000.0,897400000.0,125400000.0,197500000.0,133400000.0,47.03611457036115,202.5742574257426,134.15841584158414,1.9134233518665609,0.4442815249266862,0.6708487084870849,-0.0066747572815533,0.0150501672240802,2005-10-25,0.03939,bmo,220825000.0,2025-04-25,2005-09-30,0.0154861640010154,3.6336140625,4681781.25
2005-06-30,EW,USD,1099800,2005-08-05,2005-08-05 17:28:33,2005,Q2,258200000.0,97900000.0,160300000.0,0.6208365608,24200000,90100000.0,0.0,90100000.0,0.0,114300000.0,212200000.0,0.0,3300000.0,14200000.0,60200000.0,0.2331525949,46000000.0,0.1781564679,-30700000.0,15300000.0,0.0592563904,1400000.0,13900000.0,0.053834237,0.0192,0.0183,715200000,748800000,https://www.sec.gov/Archives/edgar/data/1099800/000110465905036918/0001104659-05-036918-index.htm,https://www.sec.gov/Archives/edgar/data/1099800/000110465905036918/a05-14135_210q.htm,0.3610178970917226,0.0194351230425055,0.0455816554809843,0.0318791946308724,0.1343680089485458,0.925195749440716,0.2490212527964206,0.925195749440716,0.3815715883668903,2563992000.0,2737492000.0,46.11496402877698,9.930255615801704,78.65006134969325,112.4557894736842,3.874855674777089,3.874855674777089,10.602215336948102,45.47328903654485,83.9721472392638,120.06543859649123,0.0054212337635998,0.0088923834395739,0.4074353936829379,0.2342718109141466,2.882059800664452,2.2956932773109244,13.93939393939394,2.3453237410071943,0.0,0.0,0.3489542989930286,0.0937257939581719,0.4202294056308654,0.3006134969325153,0.0379550735863671,0.6901408450704225,0.0,0.6360653249844928,0.0435140042411522,0.0208333333333333,-0.3267267897091722,246700000.0,178100000.0,-52000000.0,923300000.0,126300000.0,183400000.0,128700000.0,43.536018590240126,175.03575076608786,120.70480081716038,2.067253803042434,0.5141806722689075,0.7456207159177456,0.0210064984131781,0.0137024608501118,2005-07-21,0.03736,bmo,238338461.0,2025-04-25,2005-06-30,0.0706638115631692,3.682959375,5648868.75
2005-03-31,EW,USD,1099800,2005-05-05,2005-05-05 10:27:20,2005,Q1,249100000.0,96200000.0,152900000.0,0.613809715,25000000,85600000.0,0.0,85600000.0,0.0,110300000.0,206500000.0,0.0,2800000.0,13600000.0,56200000.0,0.2256122039,42600000.0,0.1710156564,0.0,42600000.0,0.1710156564,11400000.0,31200000.0,0.1252509033,0.0433,0.0417,714000000,778800000,https://www.sec.gov/Archives/edgar/data/1099800/000104746905013404/0001047469-05-013404-index.htm,https://www.sec.gov/Archives/edgar/data/1099800/000104746905013404/a2157450z10-q.htm,0.3488795518207283,0.0436974789915966,0.0292717086834733,0.0208683473389355,0.1016806722689075,0.907703081232493,0.234313725490196,0.907703081232493,0.3901960784313725,2571613800.0,2774813800.0,20.60587980769231,10.323620232838218,123.04372248803828,172.5915302013423,3.96792748032711,3.96792748032711,11.139356884785228,49.37391103202847,132.7662105263158,186.22911409395977,0.0121324593918418,0.0057940270813603,0.425551612405493,0.2455702965007568,3.615658362989324,2.2709750566893425,15.214285714285714,0.6698717948717948,0.0,0.0,0.3436370935367322,0.1003613006824568,0.4281007924494702,0.2870813397129186,0.0240867121637896,0.4411764705882353,0.0,0.9446944306293962,0.0329565860357029,0.0485754320411022,-0.341141456582633,224200000.0,167300000.0,-74400000.0,900400000.0,123550000.0,185900000.0,126900000.0,46.13809714973906,165.031185031185,117.97297297297295,1.9506656225528585,0.5453514739229025,0.7628865979381443,0.0481407190248418,0.0084033613445378,2005-04-21,0.0376,bmo,228341666.0,2025-04-25,2005-03-31,0.0638297872340425,3.495354098360656,5072360.655737705
2004-12-31,EW,USD,1099800,2005-03-07,2005-03-07 16:28:52,2004,Q4,237100000.0,91200000.0,145900000.0,0.6153521721,23400000,82700000.0,0.0,82700000.0,0.0,106100000.0,197300000.0,0.0,14200000.0,14600000.0,54400000.0,0.2294390553,39800000.0,0.1678616617,-5700000.0,34100000.0,0.1438211725,8200000.0,25900000.0,0.109236609,0.0362,0.0362,715200000,716400000,https://www.sec.gov/Archives/edgar/data/1099800/000104746905005556/0001047469-05-005556-index.htm,https://www.sec.gov/Archives/edgar/data/1099800/000104746905005556/a2152327z10-k.htm,0.3315156599552573,0.0362136465324384,0.071168903803132,0.0436241610738255,0.0683724832214765,0.8782158836689038,0.1926733780760626,0.8782158836689038,0.3933165548098434,2459143680.0,2677343680.0,23.73690810810811,10.37175740194011,48.31323536345776,78.8187076923077,3.915210444196784,3.915210444196784,11.292044200759172,49.21587647058824,52.60007229862475,85.81229743589743,0.0105321214903555,0.0126873432625132,0.4252507562490049,0.2400467331715646,4.011029411764706,1.8807574206755373,2.8028169014084505,1.965250965250965,0.0,0.0,0.3487979755377478,0.0986925347954449,0.4406398849645007,0.387033398821218,0.0830873049346267,1.3493150684931507,0.0,0.8459175437257894,0.0329546773282421,0.0416131105398457,-0.3947147651006711,172100000.0,137800000.0,-117100000.0,864100000.0,116300000.0,182850000.0,124100000.0,45.32264867144664,192.82894736842104,126.01973684210526,1.9857621440536013,0.4667349027635619,0.7141738449490994,0.0412354720585894,0.0275447427293064,2005-01-27,0.03914,bmo,215545454.0,2025-04-25,2004-12-31,0.0219724067450178,3.06536875,5004056.25
2004-09-30,EW,USD,1099800,2004-11-05,2004-11-05 17:04:51,2004,Q3,224800000.0,87900000.0,136900000.0,0.6089857651,21900000,79700000.0,0.0,79700000.0,0.0,101600000.0,189500000.0,0.0,3400000.0,15300000.0,50600000.0,0.225088968,35300000.0,0.1570284698,-15800000.0,19500000.0,0.0867437722,7100000.0,12400000.0,0.0551601423,0.0175,0.0167,716400000,745200000,https://www.sec.gov/Archives/edgar/data/1099800/000104746904033261/0001047469-04-033261-index.htm,https://www.sec.gov/Archives/edgar/data/1099800/000104746904033261/a2145971z10-q.htm,0.3137911781127862,0.0173087660524846,0.0905918481295365,0.0795644891122278,0.0432719151312116,0.8365438302624232,0.1556393076493579,0.8365438302624232,0.3805136795086544,1999973880.0,2238173880.0,40.32205403225807,8.896680960854093,30.81623852080123,35.08726105263158,3.337183180377107,3.337183180377107,9.95628950177936,44.23268537549407,34.486500462249616,39.26620842105263,0.0062000809730575,0.0285003722148611,0.4491907225095945,0.2511428304879186,4.707509881422925,1.915443335290664,10.382352941176473,5.233870967741935,0.0,0.0,0.3545373665480427,0.0974199288256227,0.4550797649034425,0.1217257318952234,0.0351423487544483,0.5163398692810458,0.0,0.5707798898348543,0.0248970491206516,0.0212292415682246,-0.4138051367950865,155900000.0,111500000.0,-146400000.0,833200000.0,111650000.0,163150000.0,120000000.0,45.320284697508896,174.36860068259386,123.37883959044368,1.985865724381625,0.5161479741632413,0.729460580912863,0.0206908059402636,0.0110273590173087,2004-10-21,0.03031,bmo,224800000.0,2025-04-25,2004-09-30,-0.0102276476410426,2.8777078125,5013018.75
2004-06-30,EW,USD,1099800,2004-08-06,2004-08-06 15:16:23,2004,Q2,234600000.0,92400000.0,142200000.0,0.6061381074,20700000,81000000.0,0.0,81000000.0,0.0,101700000.0,194100000.0,0.0,3600000.0,12900000.0,53600000.0,0.2284739983,40500000.0,0.1726342711,-6400000.0,34100000.0,0.1453537937,8600000.0,25500000.0,0.1086956522,0.0358,0.0342,714000000,777600000,https://www.sec.gov/Archives/edgar/data/1099800/000104746904025628/0001047469-04-025628-index.htm,https://www.sec.gov/Archives/edgar/data/1099800/000104746904025628/a2140636z10-q.htm,0.3285714285714285,0.0357142857142857,0.0401960784313725,0.0277310924369747,0.0560224089635854,0.8210084033613445,0.1366946778711484,0.8210084033613445,0.4431372549019607,2073598800.0,2346398800.0,20.3294,8.838869565217392,72.25082926829268,104.72721212121212,3.537357215967247,3.537357215967247,10.001699914748508,43.77609701492538,81.75605574912892,118.5049898989899,0.0122974608202898,0.0095486166369309,0.5336062777209144,0.2870778267254038,5.08955223880597,2.136538461538461,11.25,1.1254901960784314,0.0,0.0,0.3452685421994885,0.088235294117647,0.4484214390602056,0.3101045296167247,0.0379369138959931,0.689922480620155,0.0,0.8122431258916404,0.0324399354687935,0.0424292845257903,-0.4496848739495798,177300000.0,97600000.0,-170100000.0,859400000.0,111800000.0,156200000.0,117000000.0,42.2378516624041,151.94805194805195,116.3961038961039,2.130790190735695,0.5923076923076923,0.7732217573221757,0.0435005117707267,0.0124649859943977,2004-07-27,0.0384,bmo,213272727.0,2025-04-25,2004-06-30,0.0416666666666667,2.8953193548387097,5733870.967741936
2004-03-31,EW,USD,1099800,2004-05-07,2004-05-07 16:03:17,2004,Q1,235000000.0,98700000.0,136300000.0,0.58,21000000,76500000.0,0.0,76500000.0,0.0,112900000.0,211600000.0,0.0,3700000.0,12900000.0,36100000.0,0.1536170213,23400000.0,0.0995744681,-81000000.0,-57600000.0,-0.245106383,4500000.0,-62100000.0,-0.2642553191,-0.0868,-0.0868,715200000,715200000,https://www.sec.gov/Archives/edgar/data/1099800/000104746904016430/0001047469-04-016430-index.htm,https://www.sec.gov/Archives/edgar/data/1099800/000104746904016430/a2135667z10-q.htm,0.328579418344519,-0.0868288590604026,0.0504753914988814,0.0420861297539149,0.0529921700223713,0.7972595078299777,0.1104586129753915,0.7972595078299777,0.4728747203579418,1904220000.0,2200820000.0,-7.665942028985507,8.103063829787233,52.74847645429363,63.26312292358804,3.3395650648895123,3.3395650648895123,9.365191489361704,60.96454293628809,60.96454293628809,73.11694352159468,-0.0326117780508554,0.0158069970906722,0.5866362679761488,0.3030440297155282,8.21606648199446,2.088874680306905,6.324324324324325,-0.5813204508856683,0.0,0.0,0.325531914893617,0.0893617021276595,0.4450081536510237,0.1662049861495844,0.025531914893617,0.4651162790697674,0.0,,0.0266287998733375,-0.1013712047012732,-0.4940226510067114,170300000.0,79000000.0,-206900000.0,865200000.0,116000000.0,161800000.0,117500000.0,43.46808510638298,142.61398176291792,104.40729483282674,2.070484581497797,0.631074168797954,0.8620087336244542,-0.1089091546825675,0.0083892617449664,2004-04-22,0.03005,bmo,235000000.0,2025-04-25,2004-03-31,-0.0016638935108153,2.674298387096774,6723232.258064516
2003-12-31,EW,USD,1099800,2004-03-12,2004-03-12 16:59:11,2003,Q4,224100000.0,93800000.0,130300000.0,0.5814368585,19000000,72200000.0,0.0,72200000.0,0.0,91200000.0,185000000.0,0.0,13200000.0,11600000.0,50700000.0,0.2262382865,39100000.0,0.1744756805,-12100000.0,27000000.0,0.1204819277,8100000.0,18900000.0,0.0843373494,0.0266,0.0266,709200000,709200000,https://www.sec.gov/Archives/edgar/data/1099800/000104746904007726/0001047469-04-007726-index.htm,https://www.sec.gov/Archives/edgar/data/1099800/000104746904007726/a2130472z10-k.htm,0.315989847715736,0.0266497461928934,0.0964467005076142,0.0798082346305696,0.0861534122955442,0.8955160744500846,0.3044275239706712,0.8955160744500846,0.3793006204173716,1777751640.0,1972451640.0,23.51523333333333,7.932849799196787,25.99052105263158,31.40903957597173,2.799168068020784,2.799168068020784,8.801658366800535,38.90437159763314,28.837012280701757,34.84896890459364,0.0106314063082512,0.0318379680977259,0.4027712171311604,0.2322498638096967,3.840236686390533,2.1543062200956937,2.962121212121212,3.619047619047619,0.0,0.0,0.322177599286033,0.0847835787594823,0.3806065008171418,0.1725146198830409,0.0526550647032574,1.0172413793103448,0.0,0.7327814900462465,0.0292977949047313,0.0277044854881266,-0.3610758601240835,193000000.0,215900000.0,-106100000.0,822100000.0,117050000.0,169600000.0,122900000.0,47.59036144578313,160.42643923240936,115.6183368869936,1.8911392405063288,0.5610047846889952,0.7784232365145228,0.0297590930562116,0.0166384658770445,2004-02-03,0.03748,bmo,203727272.0,2025-04-25,2003-12-31,0.0672358591248666,2.4380234375,5425843.5
2003-09-30,EW,USD,1099800,2003-11-13,2003-11-13 15:33:56,2003,Q3,206100000.0,86900000.0,119200000.0,0.5783600194,16800000,70500000.0,0.0,70500000.0,0.0,87300000.0,174200000.0,0.0,3500000.0,11900000.0,43800000.0,0.2125181951,31900000.0,0.1547792334,-17200000.0,14700000.0,0.0713245997,-9800000.0,24500000.0,0.1188743328,0.0342,0.0333,709200000,733200000,https://www.sec.gov/Archives/edgar/data/1099800/000104746903037230/0001047469-03-037230-index.htm,https://www.sec.gov/Archives/edgar/data/1099800/000104746903037230/a2122291z10-q.htm,0.2906091370558376,0.034545967287084,0.0372250423011844,0.0503384094754653,0.0540045121263395,0.815989847715736,0.2253243090806542,0.815989847715736,0.4182177100958827,1600451640.0,1855251640.0,16.331139183673468,7.765413100436681,60.62316818181818,44.8305781512605,2.765598133748056,2.765598133748056,9.001706162057253,42.35734337899543,70.27468333333333,51.96783305322129,0.0153081788838055,0.0223062035164024,0.5064800414722654,0.2737205827418752,5.817351598173516,2.141279069767442,9.114285714285714,1.0775510204081633,0.0,0.0,0.3420669577874818,0.081513828238719,0.3912028389988793,0.3522727272727273,0.0451237263464337,0.7815126050420168,0.0,0.7964019513914198,0.0591529446669633,0.037582451296211,-0.4292865200225606,196300000.0,159800000.0,-123800000.0,821100000.0,120000000.0,179050000.0,125450000.0,50.480349344978166,178.13578826237054,129.7698504027618,1.782871972318339,0.5052325581395349,0.6935355147645651,0.042336270952134,0.0131133671742808,2003-10-20,0.03139,bmo,206100000.0,2025-04-25,2003-09-30,-0.044281618349793,2.399446875,6728137.5
2003-06-30,EW,USD,1099800,2003-08-13,2003-08-12 18:05:29,2003,Q2,217800000.0,89600000.0,128200000.0,0.5886134068,18000000,75800000.0,0.0,75800000.0,0.0,97100000.0,186700000.0,0.0,3500000.0,11300000.0,42400000.0,0.1946740129,31100000.0,0.1427915519,-2100000.0,29000000.0,0.1331496786,7900000.0,21100000.0,0.0968778696,0.03,0.0283,708000000,736800000,https://www.sec.gov/Archives/edgar/data/1099800/000104746903027264/0001047469-03-027264-index.htm,https://www.sec.gov/Archives/edgar/data/1099800/000104746903027264/a2116462z10-q.htm,0.3076271186440678,0.0298022598870056,0.0509887005649717,0.0120056497175141,0.0716101694915254,0.78954802259887,0.1981638418079096,0.78954802259887,0.4389830508474576,1896259764.0,2152859764.0,22.467532748815163,8.706426831955923,52.527971301939054,223.089384,3.392235713774597,3.392235713774597,9.884571919191918,50.77499443396226,59.63600454293629,253.27761929411764,0.011127167490751,0.0044825082308712,0.549731663685152,0.2846160970639992,6.05188679245283,2.0859752821063946,8.885714285714286,1.7109004739336493,0.0,0.0,0.3480257116620753,0.0826446280991735,0.3877929054366953,0.7645429362880887,0.1267217630853994,2.4424778761061945,0.0,0.7276208460882398,0.0253222146760102,0.0319213313161875,-0.4433615819209039,202100000.0,140300000.0,-132500000.0,826600000.0,124650000.0,187850000.0,120950000.0,51.40495867768595,186.93080357142856,126.16071428571428,1.7508038585209005,0.4814615797958087,0.7133757961783439,0.0377459749552772,0.0389830508474576,2003-07-22,0.03028,bmo,217800000.0,2025-04-25,2003-06-30,-0.0092470277410833,2.4710318095238097,5647638.095238095
2003-03-31,EW,USD,1099800,2003-05-15,2003-05-14 21:43:10,2003,Q1,212500000.0,89100000.0,123400000.0,0.5807058824,19000000,71400000.0,0.0,71400000.0,0.0,90400000.0,179500000.0,0.0,2700000.0,10800000.0,43800000.0,0.2061176471,33000000.0,0.1552941176,-10900000.0,22100000.0,0.104,7600000.0,14500000.0,0.0682352941,0.0208,0.02,705600000,730800000,https://www.sec.gov/Archives/edgar/data/1099800/000104746903018615/0001047469-03-018615-index.htm,https://www.sec.gov/Archives/edgar/data/1099800/000104746903018615/a2110800z10-q.htm,0.3011621315192744,0.0205498866213151,-0.01218820861678,-0.0232426303854875,0.0422335600907029,0.7695578231292517,0.1979875283446712,0.7695578231292517,0.3962585034013605,1611119764.8,1858219764.8,27.77792697931034,7.581740069647059,-187.3395075348837,-98.23901004878049,2.9670713900552483,2.9670713900552483,8.744563599058823,42.425108785388126,-216.0720656744186,-113.3060832195122,0.0089999516589631,-0.0101792556694479,0.5099447513812154,0.2673037938024906,5.641552511415525,1.851793248945148,12.22222222222222,-0.593103448275862,0.0,0.0,0.336,0.0894117647058823,0.3893232937542233,-0.9069767441860463,0.0367058823529411,0.7222222222222222,0.0,0.5965084536799756,0.0255838162713071,0.022921277268416,-0.4411493764172335,161500000.0,139700000.0,-141800000.0,769900000.0,116650000.0,183450000.0,114050000.0,52.89882352941176,191.5151515151515,117.47474747474747,1.7013610888710968,0.4699367088607595,0.766122098022356,0.0267034990791896,0.0110544217687074,2003-04-22,0.02686,bmo,191249999.0,2025-04-25,2003-03-31,0.1169024571854058,2.160792360655737,3729639.344262295
2002-12-31,EW,USD,1099800,2003-03-14,2003-03-14 17:15:05,2002,Q4,203100000.0,85700000.0,117400000.0,0.5780403742,17700000,68700000.0,0.0,68700000.0,0.0,86400000.0,172100000.0,0.0,11500000.0,11000000.0,42000000.0,0.2067946824,31000000.0,0.1526341704,-1700000.0,29300000.0,0.1442639094,7600000.0,21700000.0,0.1068439193,0.0308,0.0308,704400000,704400000,https://www.sec.gov/Archives/edgar/data/1099800/000104746903008802/0001047469-03-008802-index.htm,https://www.sec.gov/Archives/edgar/data/1099800/000104746903008802/a2105469z10-k.htm,0.2883304940374787,0.0308063600227143,0.067007382169222,0.0445769449176604,0.0485519591141396,0.7657580919931857,0.2040034071550255,0.7657580919931857,0.3648495173197047,1495089000.0,1706389000.0,17.224527649769588,7.361344165435746,31.675614406779665,47.61429936305733,2.7717630700778644,2.7717630700778644,8.401718365337272,40.62830952380953,36.1523093220339,54.34359872611465,0.0145141861119973,0.0210020941897104,0.4551353355580274,0.2435032731600873,5.030952380952381,1.6493178372915611,2.6956521739130435,2.175115207373272,0.0,0.0,0.3382570162481536,0.087149187592319,0.3924816504661773,0.3347457627118644,0.0777941900541605,1.4363636363636365,0.0,0.7285464557086255,0.0283340051445152,0.0354285714285714,-0.4222032935831913,128500000.0,143700000.0,-142400000.0,733600000.0,110800000.0,176150000.0,98100000.0,48.03545051698671,186.196032672112,117.40956826137688,1.8736162361623616,0.4833615341229554,0.7665474060822898,0.0402298850574712,0.0224304372515616,2003-02-03,0.02845,bmo,203100000.0,2025-04-25,2002-12-31,0.0544815465729349,2.152539015625,3633412.5
2002-09-30,EW,USD,1099800,2002-11-14,2002-11-14 17:18:36,2002,Q3,165800000.0,69900000.0,95900000.0,0.5784077201,15500000,54200000.0,0.0,54200000.0,0.0,136800000.0,206700000.0,0.0,2700000.0,10100000.0,-30800000.0,-0.1857659831,-40900000.0,-0.2466827503,-4300000.0,-45200000.0,-0.2726176116,-27800000.0,-17400000.0,-0.1049457177,-0.0247,-0.0247,704400000,704400000,https://www.sec.gov/Archives/edgar/data/1099800/000104746902003124/0001047469-02-003124-index.htm,https://www.sec.gov/Archives/edgar/data/1099800/000104746902003124/a2092940z10-q.htm,0.2353776263486655,-0.024701873935264,0.0435831913685406,0.0315161839863713,0.055366269165247,0.6513344690516751,0.0887279954571266,0.6513344690516751,0.4011925042589437,1502133000.0,1743033000.0,-21.58237068965517,9.059909529553678,48.92941368078176,67.66364864864865,3.274047515257193,3.274047515257193,10.512864897466828,-56.59198051948052,56.77631921824104,78.515,-0.011583528222867,0.0147789842843476,0.6100697471665214,0.3047691637630662,-7.821428571428571,1.6988571428571428,-15.148148148148149,-1.764367816091954,0.0,0.0,0.3268998793727382,0.0934861278648974,0.4315113240418118,0.2768729641693811,0.0512665862484921,0.8415841584158416,0.0,,-0.0211792981779482,-0.0333269488603715,-0.4166666666666667,122300000.0,62500000.0,-162300000.0,698700000.0,113800000.0,180250000.0,86900000.0,61.4475271411339,225.3218884120172,108.66952789699572,1.4646643109540636,0.3994285714285714,0.8281990521327014,-0.0379250217959895,0.0120670073821692,2002-10-22,0.02952,bmo,165800000.0,2025-04-25,2002-09-30,0.0162601626016259,1.971054765625,4551787.5
2002-06-30,EW,USD,1099800,2002-08-14,2002-08-14 13:26:38,2002,Q2,172800000.0,74400000.0,98400000.0,0.5694444444,16600000,54300000.0,0.0,54300000.0,0.0,67300000.0,141700000.0,0.0,3000000.0,9600000.0,40700000.0,0.2355324074,31100000.0,0.1799768519,12700000.0,43800000.0,0.2534722222,13200000.0,30600000.0,0.1770833333,0.0433,0.0417,711600000,738000000,https://www.sec.gov/Archives/edgar/data/1099800/000091205702031911/0000912057-02-031911-index.htm,https://www.sec.gov/Archives/edgar/data/1099800/000091205702031911/a2086208z10-q.htm,0.2428330522765598,0.0430016863406408,0.0612703766160764,0.0489038785834738,0.0498875772906127,0.6739741427768409,0.1160764474423833,0.6739741427768409,0.4222878021360314,1292740237.2,1554740237.2,10.56160324509804,7.481135631944444,29.65000544036697,37.14770796551724,2.695455040033361,2.695455040033361,8.997339335648148,38.20000582800983,35.65917975229358,44.67644359770115,0.0236706486883071,0.0269195612533688,0.6203085904920768,0.3025526289026746,6.437346437346437,1.674905964535196,10.366666666666667,1.4248366013071896,0.0,0.0,0.3142361111111111,0.0960648148148148,0.4037424997457541,0.2018348623853211,0.0509259259259259,0.9166666666666666,0.0,0.8075243374111516,0.0272341404616119,0.052191710728296,-0.4745643620011242,125600000.0,82600000.0,-192000000.0,700600000.0,111850000.0,175900000.0,87750000.0,59.583333333333336,224.3951612903226,108.1451612903226,1.5104895104895104,0.4010781671159029,0.8322147651006712,0.0638031693077564,0.0123664980326025,2002-07-23,0.02925,bmo,172800000.0,2025-04-25,2002-06-30,0.0256410256410255,2.083281203125,4815656.25
2002-03-31,EW,USD,1099800,2002-05-13,2002-05-13 17:20:59,2002,Q1,162300000.0,69100000.0,93200000.0,0.5742452249,15400000,50700000.0,0.0,50700000.0,0.0,62300000.0,131400000.0,0.0,2800000.0,9700000.0,40600000.0,0.2501540357,30900000.0,0.1903881701,-2800000.0,28100000.0,0.1731361676,7300000.0,20800000.0,0.1281577326,0.0292,0.0283,711600000,741600000,https://www.sec.gov/Archives/edgar/data/1099800/000091205702019934/0000912057-02-019934-index.htm,https://www.sec.gov/Archives/edgar/data/1099800/000091205702019934/a2078247z10-q.htm,0.2280775716694772,0.029229904440697,-0.001264755480607,-0.0119449128724002,0.0393479482855536,0.6833895446880269,0.1193086003372681,0.6833895446880269,0.414699269252389,1636679999.9999998,1900980000.0,19.67163461538461,10.084288354898336,-1818.5333333333333,-192.5505882352941,3.3655768044417025,3.3655768044417025,11.71275415896488,46.82216748768472,-2112.2,-223.64470588235287,0.0127086541046508,-0.0051934403793044,0.6010692987867572,0.3027760513776673,6.509852216748769,1.7103694874851012,11.035714285714286,-0.0432692307692307,0.0,0.0,0.3123844731977819,0.0948860135551448,0.4157862026103169,-8.444444444444445,0.0468268638324091,0.7835051546391752,0.0,0.6704078978186009,0.0286229481476269,0.0368794326241134,-0.4582279370432827,119200000.0,84900000.0,-192100000.0,698000000.0,104950000.0,174900000.0,86550000.0,60.609981515711645,216.59913169319827,112.14182344428365,1.484903934126258,0.4155141310883944,0.8025551684088269,0.0427719514702858,0.0106801573917931,2002-04-23,0.02812,bmo,144266666.0,2025-04-25,2002-03-31,0.0668563300142247,2.2867083,3462820.0
2001-12-31,EW,USD,1099800,2002-03-22,2002-03-22 00:00:00,2001,Q4,159900000.0,68200000.0,91700000.0,0.5734834271,14400000,50100000.0,0.0,50100000.0,0.0,64700000.0,132900000.0,0.0,23000000.0,12600000.0,39600000.0,0.2476547842,27000000.0,0.1688555347,-4200000.0,22800000.0,0.1425891182,5800000.0,16500000.0,0.1031894934,0.0233,0.0233,708000000,708000000,https://www.sec.gov/Archives/edgar/data/1099800/000091205702011188/0000912057-02-011188-index.htm,https://www.sec.gov/Archives/edgar/data/1099800/000091205702011188/a2073215z10-k405.htm,0.2258474576271186,0.0233050847457627,0.0656779661016949,0.0516949152542372,0.0677966101694915,0.6483050847457628,0.0805084745762711,0.6483050847457628,0.4717514124293785,1630170000.0000002,1893170000.0,24.69954545454545,10.194934333958726,35.05741935483871,44.54016393442624,3.551568627450981,3.551568627450981,11.839712320200126,47.80732323232324,40.71333333333334,51.72595628415301,0.0101216437549458,0.0224516461473343,0.6775599128540305,0.3196300102774922,6.641414141414141,1.5923913043478262,1.173913043478261,2.657142857142857,0.0,0.0,0.3133208255159475,0.0900562851782364,0.4131551901336074,0.2129032258064516,0.0619136960600375,0.7857142857142857,0.0,0.5830506934863809,0.0254830113257828,0.0288966725043782,-0.490183615819209,109000000.0,57000000.0,-221000000.0,689000000.0,109800000.0,170350000.0,83850000.0,56.62288930581613,242.15542521994132,114.80938416422288,1.5894632206759445,0.3716621253405994,0.7839080459770115,0.0359477124183006,0.0139830508474576,2002-02-05,0.0196,bmo,160000000.0,2025-04-25,2001-12-31,0.0204081632653061,2.13013025,3007256.25
2001-09-30,EW,USD,1099800,2001-11-09,2001-11-09 00:00:00,2001,Q3,147800000.0,64400000.0,83400000.0,0.5642760487,14000000,46400000.0,0.0,46400000.0,0.0,60100000.0,124500000.0,0.0,3200000.0,12900000.0,34400000.0,0.2327469553,23300000.0,0.1576454668,-3400000.0,19900000.0,0.1346414073,5400000.0,14500000.0,0.098105548,0.0208,0.02,708000000,736800000,https://www.sec.gov/Archives/edgar/data/1099800/000091205701538600/0000912057-01-538600-index.htm,https://www.sec.gov/Archives/edgar/data/1099800/000091205701538600/a2062887z10-q.htm,0.2087570621468926,0.0204802259887005,0.0402542372881355,0.0271186440677966,0.0331920903954802,0.5827683615819209,0.0135593220338983,0.5827683615819209,0.4837570621468927,1372930236.0,1688730236.0,23.671210965517243,9.28910849797023,48.17299073684211,71.506783125,3.3275090547746,3.3275090547746,11.425779675236807,49.09099523255814,59.25369249122807,87.95469979166667,0.0105613523686719,0.0139846872743794,0.8223460979156568,0.3535848270112547,9.180232558139537,1.7465057179161372,7.28125,1.9655172413793105,0.0,0.0,0.3139377537212449,0.094722598105548,0.4199666527719883,0.3263157894736842,0.0629228687415426,0.7209302325581395,0.0,0.5182109842968464,0.0211582588916667,0.0260510240747394,-0.5563559322033899,117500000.0,9600000.0,-272100000.0,697200000.0,117700000.0,153550000.0,78950000.0,72.46278755074425,219.68944099378885,112.77950310559008,1.242016806722689,0.4096692111959287,0.7980173482032218,0.0351429956374212,0.0131355932203389,2001-10-25,0.01938,bmo,148000000.0,2025-04-25,2001-09-30,0.0319917440660474,2.0678389661016947,2789003.3898305083
2001-06-30,EW,USD,1099800,2001-08-13,2001-08-13 00:00:00,2001,Q2,192400000.0,95200000.0,97200000.0,0.5051975052,13500000,52700000.0,0.0,52700000.0,0.0,150500000.0,245700000.0,0.0,10900000.0,15200000.0,-36300000.0,-0.1886694387,-53300000.0,-0.277027027,-18400000.0,-71700000.0,-0.3726611227,-16000000.0,-55700000.0,-0.2895010395,-0.0789,-0.0789,705600000,705600000,https://www.sec.gov/Archives/edgar/data/1099800/000091205701528109/0000912057-01-528109-index.htm,https://www.sec.gov/Archives/edgar/data/1099800/000091205701528109/a2056222z10-q.htm,0.2726757369614512,-0.0789399092970521,0.0471938775510204,0.0338718820861678,0.0873015873015873,0.5891439909297053,0.0109126984126984,0.5891439909297053,0.5656179138321995,1549968235.2,1876568235.2,-6.956769457809696,8.05596795841996,46.54559264864866,64.85222741422595,3.728574056290594,3.728574056290594,9.753473155925157,-51.696094633608816,56.353400456456455,78.51749938075314,-0.0359362203270009,0.0154196708404905,0.9338465239355304,0.3854249404289118,-8.997245179063361,1.5881466599698644,-4.889908256880734,-0.5978456014362658,0.0,0.0,0.2739085239085239,0.0701663201663201,0.4050833995234313,0.2822822822822823,0.0488565488565488,0.618421052631579,0.0,,-0.0482981420863171,-0.0929572763684913,-0.572562358276644,117100000.0,7700000.0,-275300000.0,698600000.0,126300000.0,158650000.0,82800000.0,54.44906444906445,141.71218487394958,72.98319327731093,1.6529209621993126,0.6350900600400267,1.233160621761658,-0.1339908587923983,0.0133219954648526,2001-07-26,0.01864,bmo,192000000.0,2025-04-25,2001-06-30,0.0729613733905579,1.8688095555555555,3477180.9523809524
2001-03-31,EW,USD,1099800,2001-05-15,2001-05-15 00:00:00,2001,Q1,191900000.0,96200000.0,95700000.0,0.4986972381,13100000,53800000.0,0.0,53800000.0,0.0,68700000.0,164900000.0,0.0,5500000.0,16300000.0,43300000.0,0.2256383533,27000000.0,0.1406982804,-7000000.0,20000000.0,0.1042209484,5800000.0,12700000.0,0.0661803022,0.0183,0.0175,704400000,723600000,https://www.sec.gov/Archives/edgar/data/1099800/000091205701515981/0000912057-01-515981-index.htm,https://www.sec.gov/Archives/edgar/data/1099800/000091205701515981/a2048669z10-q.htm,0.2724304372515616,0.0180295286768881,-0.0103634298693923,-0.0237081203861442,0.025411697898921,0.6587166382737081,-0.0563600227143668,0.6587166382737081,0.5961101646791596,1150519765.2,1547019765.2,22.64802687401575,5.995413054715998,-157.60544728767124,-68.89339911377246,2.4795684594827585,2.4795684594827585,8.061593356956749,35.727939150115475,-211.92051578082192,-92.63591408383232,0.0110384891977864,-0.0145151787089002,0.8931034482758621,0.3757366941699157,9.15704387990762,1.3385757972913936,4.909090909090909,-0.5748031496062992,0.0,0.0,0.2803543512245961,0.068264721208963,0.4567050503218787,-1.2876712328767124,0.0489838457529963,0.5766871165644172,0.0,0.516931220466738,0.0204917156600748,0.0211949265687583,-0.6738358886996025,77500000.0,-39700000.0,-332500000.0,766600000.0,132600000.0,172200000.0,80700000.0,63.87701928087546,156.61122661122658,82.7027027027027,1.408957415565345,0.5746714456391876,1.088235294117647,0.0273706896551724,0.0133446905167518,2001-04-26,0.01864,bmo,192000000.0,2025-04-25,2001-03-31,0.0729613733905579,1.5813911451612903,2480980.64516129
2000-12-31,EW,USD,1099800,2001-03-27,2001-03-27 00:00:00,2000,Q4,216500000.0,142600000.0,73900000.0,0.3413394919,14700000,57600000.0,0.0,57600000.0,0.0,27900000.0,170500000.0,0.0,0.0,14600000.0,60600000.0,0.2799076212,46000000.0,0.2124711316,-12300000.0,33700000.0,0.1556581986,8900000.0,24800000.0,0.1145496536,0.0354,0.0354,697068000,700800000,https://www.sec.gov/Archives/edgar/data/1099800/000091205701008463/0000912057-01-008463-index.htm,https://www.sec.gov/Archives/edgar/data/1099800/000091205701008463/a2041482z10-k.txt,0.3105866285642147,0.0355775907085105,0.0710117233899705,0.0550878823873711,0.0401682475741247,0.6312153190219606,-0.1018551992058163,0.6312153190219606,0.6140003557759071,1031079982.356,1431079982.356,10.39395143504032,4.762494144831408,20.829898633454544,26.8510412071875,2.343363596263636,2.343363596263636,6.610069202568129,23.6151812269967,28.910706714262624,37.26770787385416,0.0240524502699901,0.0372425036438557,0.9727272727272728,0.3933823529411764,6.600660066006601,1.2876712328767124,0.0,1.995967741935484,0.0,0.0,0.2660508083140878,0.0678983833718244,0.4696691176470588,0.2242424242424242,0.0512702078521939,0.7602739726027398,0.0,0.7108341621326785,0.0363996043521266,0.0429809358752166,-0.6982819466680439,63000000.0,-71000000.0,-366000000.0,757000000.0,141650000.0,151900000.0,75700000.0,53.62586605080831,111.711079943899,46.07293127629733,1.678294573643411,0.8056497175141243,1.9534246575342469,0.0563636363636363,0.0159238410025994,2001-02-06,0.01817,bmo,160285714.0,2025-04-25,2000-12-31,0.100715465052284,1.4779265555555556,5214190.476190476
2000-09-30,EW,USD,1099800,2000-11-14,2000-11-14 00:00:00,2000,Q3,185800000.0,86600000.0,99200000.0,0.5339074273,12900000,46600000.0,0.0,46600000.0,0.0,74900000.0,161500000.0,0.0,0.0,15400000.0,39700000.0,0.2136706136,24300000.0,0.1307857912,-17100000.0,7200000.0,0.0387513455,2800000.0,4400000.0,0.0236813778,0.0067,0.0058,700800000,728400000,https://www.sec.gov/Archives/edgar/data/1099800/000091205700050180/0000912057-00-050180-index.htm,https://www.sec.gov/Archives/edgar/data/1099800/000091205700050180/a2029502z10-q.txt,0.2651255707762557,0.0062785388127853,0.0606449771689497,0.040810502283105,0.0188356164383561,0.605593607305936,-0.1367009132420091,0.605593607305936,0.71175799086758,1273849766.4,1759449766.4,72.37782763636365,6.856026729817008,29.97293568,44.54020162237762,3.001531023562677,3.001531023562677,9.4695897007535,44.31863391435768,41.39881803294118,61.5192226013986,0.0034540964845758,0.0224516271497429,1.175306314797361,0.4510761439681678,12.231738035264485,0.9992790194664743,0.0,-8.854166666666666,0.0,0.0,0.2508073196986006,0.0694294940796555,0.4704286489419425,0.3270588235294118,0.0748116254036598,0.9025974025974026,0.0,0.2924901139962054,0.0151685393258426,0.0075136612021857,-0.7324129566210046,-200000.0,-95800000.0,-404200000.0,697100000.0,158150000.0,123900000.0,86700000.0,74.74165769644779,131.77829099307158,81.47806004618937,1.204147764095917,0.6829652996845426,1.104591836734694,0.0103675777568331,0.0198344748858447,2000-10-31,0.02,bmo,186000000.0,2025-04-25,2000-09-30,0.0,1.8610284603174605,3148323.8095238097
2000-06-30,EW,USD,1099800,2000-08-11,2000-08-11 00:00:00,2000,Q2,205000000.0,101000000.0,104000000.0,0.5073170732,14000000,59000000.0,0.0,59000000.0,0.0,96000000.0,197000000.0,0.0,0.0,23000000.0,31000000.0,0.1512195122,8000000.0,0.0390243902,-319000000.0,-311000000.0,-1.5170731707,-2000000.0,-309000000.0,-1.5073170732,-0.44,-0.44,698400000,698400000,https://www.sec.gov/Archives/edgar/data/1099800/000091205700036662/0000912057-00-036662-index.htm,https://www.sec.gov/Archives/edgar/data/1099800/000091205700036662/a10-q.txt,0.2935280641466208,-0.4424398625429553,0.0429553264604811,0.027205040091638,0.0028636884306987,0.5884879725085911,-0.1675257731958762,0.5884879725085911,0.7603092783505154,1077609549.6,1606609549.6,-0.8718523864077671,5.256631949268294,35.92031832,56.71629208421054,2.6219210452554744,2.6219210452554744,7.837119754146342,51.82611450322581,53.55365165333334,84.55839734736843,-0.2867457885044711,0.0176316180633817,1.291970802919708,0.4728406055209261,17.06451612903226,0.8912386706948641,0.0,-0.0970873786407767,0.0,0.0,0.2878048780487804,0.0682926829268292,0.4701691896705254,0.3666666666666666,0.0536585365853658,0.4782608695652174,0.0,,0.0079326876793037,-0.519327731092437,-0.7746277205040092,-36000000.0,-117000000.0,-417000000.0,670000000.0,147000000.0,121500000.0,125500000.0,71.12195121951218,107.82178217821782,84.65346534653465,1.2654320987654322,0.8347107438016529,1.063157894736842,-0.7518248175182481,0.015750286368843,2000-08-24,0.04,bmo,205000000.0,2025-04-25,2000-06-30,-12.061,1.376364095238095,9750780.952380951
2000-03-31,EW,USD,1099800,2000-05-15,2000-05-15 00:00:00,2000,Q1,226000000.0,106000000.0,120000000.0,0.5309734513,14000000,60000000.0,0.0,60000000.0,0.0,95000000.0,201000000.0,0.0,0.0,21000000.0,46000000.0,0.203539823,25000000.0,0.110619469,-2000000.0,23000000.0,0.1017699115,6000000.0,17000000.0,0.0752212389,0.0242,0.0242,697068000,697068000,https://www.sec.gov/Archives/edgar/data/1099800/000091205700024610/0000912057-00-024610-index.html,https://www.sec.gov/Archives/edgar/data/1099800/000091205700024610/,0.324215141134007,0.0243878645985757,0.0215187040575668,0.0071729013525222,0.0086074816230267,0.9798183247545432,-0.2094487194936505,0.9798183247545432,0.7588929630968572,787831830.144,1310831830.144,11.585762208,3.485981549309735,52.5221220096,157.56636602880002,1.153487306213763,1.153487306213763,5.800140841345133,28.49634413356522,87.38878867626667,262.1663660288,0.0215782091425434,0.006346532100748,0.7745241581259151,0.3830557566980448,11.369565217391305,0.9578313253012049,0.0,0.8823529411764706,0.0,0.0,0.2654867256637168,0.0619469026548672,0.6002896451846488,0.6666666666666666,0.0442477876106194,0.4761904761904761,0.0,0.7332480646374973,0.0146769347653417,0.0307971014492753,-0.7388088393097947,-14000000.0,-146000000.0,-380000000.0,1020000000.0,66000000.0,61000000.0,162500000.0,52.56637168141593,103.58490566037736,132.45283018867926,1.7121212121212122,0.8688524590163934,0.6794871794871795,0.0248901903367496,0.0143458027050445,2000-08-08,0.02,bmo,205000000.0,2025-04-25,2000-03-31,0.0,1.2916666,9003360.0
1999-12-31,EW,USD,1099800,1999-12-31,1999-12-30 19:00:00,1999,Q4,234000000.0,123000000.0,111000000.0,0.4743589744,17000000,57000000.0,12000000.0,69000000.0,0.0,86000000.0,209000000.0,0.0,0.0,19000000.0,47000000.0,0.2008547009,25000000.0,0.1068376068,3000000.0,28000000.0,0.1196581197,8000000.0,20000000.0,0.0854700855,0.0864,0.0864,231500000,231500000,,,1.0107991360691144,0.0863930885529157,0.2980561555075594,0.2505399568034557,0.0,5.287257019438445,1.6630669546436283,5.287257019438445,0.0,318312500.0,318312500.0,3.97890625,1.360309829059829,4.61322463768116,5.488146551724138,0.2600592320261438,0.2600592320261438,1.360309829059829,6.772606382978723,4.613224637681159,5.488146551724138,0.0628313371293932,0.1822108776752405,0.0,0.0,0.0,2.282051282051282,0.0,3.45,0.0,0.0,0.2435897435897435,0.0726495726495726,0.5838552540013918,0.1594202898550724,0.047008547008547,0.5789473684210527,0.0,3.2058704648431053,0.0139400022304003,0.0334448160535117,-0.5550755939524838,200000000.0,385000000.0,143000000.0,1265000000.0,,,,0.0,0.0,123.65853658536584,0.0,0.0,0.727810650887574,0.0163398692810457,0.0475161987041036,1999-12-30,,amc,,2025-04-25,1999-12-31,,,
