date,symbol,reportedCurrency,cik,fillingDate,acceptedDate,calendarYear,period,revenue,costOfRevenue,grossProfit,grossProfitRatio,researchAndDevelopmentExpenses,generalAndAdministrativeExpenses,sellingAndMarketingExpenses,sellingGeneralAndAdministrativeExpenses,otherExpenses,operatingExpenses,costAndExpenses,interestIncome,interestExpense,depreciationAndAmortization,ebitda,ebitdaratio,operatingIncome,operatingIncomeRatio,totalOtherIncomeExpensesNet,incomeBeforeTax,incomeBeforeTaxRatio,incomeTaxExpense,netIncome,netIncomeRatio,eps,epsdiluted,weightedAverageShsOut,weightedAverageShsOutDil,link,finalLink,revenuePerShare,netIncomePerShare,operatingCashFlowPerShare,freeCashFlowPerShare,cashPerShare,bookValuePerShare,tangibleBookValuePerShare,shareholdersEquityPerShare,interestDebtPerShare,marketCap,enterpriseValue,peRatio,priceToSalesRatio,pocfratio,pfcfRatio,pbRatio,ptbRatio,evToSales,enterpriseValueOverEBITDA,evToOperatingCashFlow,evToFreeCashFlow,earningsYield,freeCashFlowYield,debtToEquity,debtToAssets,netDebtToEBITDA,currentRatio,interestCoverage,incomeQuality,dividendYield,payoutRatio,salesGeneralAndAdministrativeToRevenue,researchAndDdevelopementToRevenue,intangiblesToTotalAssets,capexToOperatingCashFlow,capexToRevenue,capexToDepreciation,stockBasedCompensationToRevenue,grahamNumber,roic,returnOnTangibleAssets,grahamNetNet,workingCapital,tangibleAssetValue,netCurrentAssetValue,investedCapital,averageReceivables,averagePayables,averageInventory,daysSalesOutstanding,daysPayablesOutstanding,daysOfInventoryOnHand,receivablesTurnover,payablesTurnover,inventoryTurnover,roe,capexPerShare,report_date,epsEstimated,time,revenueEstimated,updatedFromDate,fiscalDateEnding,surprise(%),QuarterAvgPrice,QuarterAvgVolume
2024-12-31,EXPE,USD,1324424,2025-02-07,2025-02-06 17:35:23,2024,Q4,3184000000.0,335000000.0,2849000000.0,0.8947864322,322000000,210000000.0,1749000000.0,1959000000.0,352000000.0,2633000000.0,2415000000.0,50000000.0,62000000.0,212000000.0,609000000.0,0.1912688442,216000000.0,0.067839196,119000000.0,335000000.0,0.1052135678,34000000.0,299000000.0,0.0939070352,2.33,2.2,128569000,135732000,https://www.sec.gov/Archives/edgar/data/1324424/000132442425000008/0001324424-25-000008-index.htm,https://www.sec.gov/Archives/edgar/data/1324424/000132442425000008/expe-20241231.htm,24.764912226119822,2.3255994835458003,1.540029089438356,0.0544454728589317,45.6875296533379,21.77041121887858,-37.81626986287519,12.110228748765254,51.2798575084196,23956261770.0,24913261770.0,20.030319205685625,7.523951560929648,120.99122106060608,3422.32311,15.386166840077074,15.386166840077074,7.824516887562814,40.90847581280788,125.8245543939394,3559.0373957142856,0.0124810791796586,0.000292199178119,4.194605009633912,0.2917187779167411,1.5714285714285714,0.7211079274116523,3.4838709677419355,0.6622073578595318,0.0,0.0,0.0659547738693467,0.1011306532663316,0.3421922458459889,0.9646464646464646,0.0599874371859296,0.9009433962264152,0.0292085427135678,25.1729952287044,0.0197635042709061,0.0203028451144157,-87.70387885104496,-3796000000.0,-4862000000.0,-9774000000.0,6583000000.0,3508000000.0,1948500000.0,0.0,91.92211055276384,545.6417910447761,0.0,0.9790897908979088,0.1649433776464795,0.0,0.1920359666024406,1.4855836165794245,2025-02-06,2.06,amc,3070410000.0,2025-02-13,2024-12-31,-0.1067961165048543,172.30953125,1452731.71875
2024-09-30,EXPE,USD,1324424,2024-11-08,2024-11-07 17:33:49,2024,Q3,4060000000.0,388000000.0,3672000000.0,0.9044334975,320000000,229000000.0,2052000000.0,2281000000.0,309000000.0,2910000000.0,3298000000.0,67000000.0,61000000.0,211000000.0,1146000000.0,0.2822660099,762000000.0,0.1876847291,112000000.0,874000000.0,0.215270936,190000000.0,684000000.0,0.1684729064,5.27,5.04,129758000,135732000,https://www.sec.gov/Archives/edgar/data/1324424/000132442424000052/0001324424-24-000052-index.htm,https://www.sec.gov/Archives/edgar/data/1324424/000132442424000052/expe-20240930.htm,31.289014935495302,5.271351284699209,-11.506034310023274,-8.646865703848704,48.10493379984278,19.775273971547037,-40.32121333559395,10.188196488848472,50.97951571386735,19206779160.0,19714779160.0,7.020021622807018,4.730733783251232,-12.86455402545211,-17.118341497326202,14.528577276853254,14.528577276853254,4.855856935960591,17.20312317626527,-13.20480854655057,-17.57110442067736,0.0356124259201405,-0.0584168740970727,4.957639939485627,0.2800256355479598,0.4432809773123909,0.7325353350916346,12.491803278688524,-2.182748538011696,0.0,0.0,0.0564039408866995,0.0788177339901477,0.3331766716513565,-0.2484929671801741,0.0913793103448275,1.7582938388625593,0.0362068965517241,34.761690977724825,0.0617337294085876,0.0438264881143076,-90.7381433129364,-3955000000.0,-5232000000.0,-10007000000.0,6577000000.0,3981000000.0,2716500000.0,0.0,83.4384236453202,432.83505154639175,0.0,1.0786397449521783,0.2079314040728831,0.0,0.5173978819969742,2.859168606174571,2024-11-07,6.07,amc,4112549025.0,2025-04-25,2024-09-30,0.0098846787479406,132.473125,1776895.125
2024-06-30,EXPE,USD,1324424,2024-08-09,2024-08-08 17:40:21,2024,Q2,3558000000.0,567000000.0,2991000000.0,0.8406408094,331000000,180000000.0,1990000000.0,2170000000.0,-21000000.0,2522000000.0,3089000000.0,67000000.0,61000000.0,205000000.0,754000000.0,0.2119168072,469000000.0,0.1318156268,19000000.0,488000000.0,0.1371557055,113000000.0,386000000.0,0.1084879146,2.93,2.8,131948000,137832000,https://www.sec.gov/Archives/edgar/data/1324424/000132442424000038/0001324424-24-000038-index.htm,https://www.sec.gov/Archives/edgar/data/1324424/000132442424000038/expe-20240630.htm,26.965168096522877,2.9253948525176585,11.375693454997425,9.905417285597355,63.60839118440598,16.112407918270833,-43.28978082274836,6.737502652560099,50.11064964986207,16163630000.0,14352630000.0,10.468672279792743,4.5428976953344575,10.768574283810793,12.366970160673295,18.181811023622046,18.181811023622046,4.033903878583474,19.035318302387267,9.562045303131246,10.981354246365724,0.0238807743062666,0.0808605492701825,7.368953880764904,0.2530027420538369,-2.4018567639257293,0.7611511601712098,7.688524590163935,3.88860103626943,0.0,0.0,0.0505902192242833,0.0930297920179876,0.3027072954080253,0.1292471685542971,0.0545250140528386,0.946341463414634,0.0320404721753794,21.058768969695883,0.0392677696844557,0.0213791193575186,-92.65392427319853,-4241000000.0,-5712000000.0,-10252000000.0,6310000000.0,4002000000.0,3361000000.0,246500000.0,106.18887015177066,566.1904761904761,0.0,0.8475464506908051,0.1589571068124474,0.0,0.4341957255343082,1.4702761694000668,2024-08-08,3.06,amc,3534141107.0,2025-04-25,2024-06-30,0.1470588235294117,123.32714285714285,2422017.095238095
2024-03-31,EXPE,USD,1324424,2024-05-03,2024-05-02 17:41:53,2024,Q1,2889000000.0,568000000.0,2321000000.0,0.8033921772,341000000,186000000.0,1836000000.0,2022000000.0,-20000000.0,2383000000.0,2951000000.0,51000000.0,62000000.0,210000000.0,117000000.0,0.0404984424,-62000000.0,-0.021460713,-93000000.0,-155000000.0,-0.0536517826,-19000000.0,-135000000.0,-0.046728972,-1.0,-1.0,135501000,135501000,https://www.sec.gov/Archives/edgar/data/1324424/000132442424000026/0001324424-24-000026-index.htm,https://www.sec.gov/Archives/edgar/data/1324424/000132442424000026/expe-20240331.htm,21.320875860694755,-0.9963026103128392,21.247075667338247,19.94081224492808,56.44238787905624,15.763721300949808,-42.19157054191482,6.568217208729087,48.84834798267171,18051443220.0,16986443220.0,-33.42859855555555,6.248336178608515,6.270039326154915,6.680770991857883,20.28252047191011,20.28252047191011,5.879696510903427,145.18327538461537,5.90011921500521,6.286618512213176,-0.0074786264097946,0.1496833226612226,7.367415730337079,0.2648115988853439,-9.102564102564102,0.7933183424349503,-1.0,-21.32592592592593,0.0,0.0,0.0643821391484942,0.1180339217722395,0.3171519728605468,0.0614796804445988,0.0612668743509865,0.8428571428571429,0.0359986154378677,,-0.0059156154849934,-0.0079843860894251,-87.64510963018724,-3217000000.0,-5717000000.0,-10277000000.0,7330000000.0,3319500000.0,3136500000.0,964500000.0,118.5669781931464,499.9119718309859,78.11619718309859,0.7590646347871781,0.1800316957210776,1.1521298174442192,-0.1516853932584269,1.3062634224101668,2024-05-02,-0.13917,amc,2804459425.0,2025-04-25,2024-03-31,-2.5089458935115325,142.13,2625941.573770492
2023-12-31,EXPE,USD,1324424,2024-02-09,2024-02-08 17:40:40,2023,Q4,2887000000.0,6447000000.0,-3560000000.0,-1.2331139591,357000000,199000000.0,-4544000000.0,-4345000000.0,-1000000.0,-3780000000.0,2667000000.0,45000000.0,61000000.0,208000000.0,440000000.0,0.1524073433,104000000.0,0.0360235539,-49000000.0,171000000.0,0.0592310357,35000000.0,132000000.0,0.045722203,0.96,0.91,138184000,144470000,https://www.sec.gov/Archives/edgar/data/1324424/000132442424000007/0001324424-24-000007-index.htm,https://www.sec.gov/Archives/edgar/data/1324424/000132442424000007/expe-20231231.htm,20.892433277369303,0.9552480750303942,-1.7223412261911657,-3.0032420540728304,30.777803508365658,20.16152376541423,-36.80599780003474,11.101140508307765,47.96503213107162,20974949360.0,23316949360.0,39.72528287878788,7.265309788708001,-88.13003932773108,-50.54204665060241,13.673369856584094,13.673369856584094,8.07653251125736,52.993066727272726,-97.97037546218488,-56.18542014457832,0.0062932213915962,-0.0197855066478215,4.28096479791395,0.3034377599112836,5.322727272727272,0.7833319188661632,1.7049180327868851,-1.75,0.0,0.0,0.0689296847939037,0.1236577762383096,0.3637371777100083,-0.7436974789915967,0.0613093176307585,0.8509615384615384,0.0342916522341531,15.44660868207212,0.0083896389382693,0.0095860566448801,-85.10572859375904,-2553000000.0,-5086000000.0,-9626000000.0,8035000000.0,2835000000.0,3067500000.0,1436000000.0,88.31659161759613,43.52722196370405,20.04653327128897,1.0190610660077657,2.067671584348941,4.4895543175487465,0.0860495436766623,1.280900827881665,2024-02-08,1.67,amc,2876750000.0,2025-04-25,2023-12-31,0.029940119760479,122.45269841269842,2428129.793650794
2023-09-30,EXPE,USD,1324424,2023-11-03,2023-11-02 18:48:43,2023,Q3,3929000000.0,412000000.0,3517000000.0,0.8951387121,340000000,194000000.0,1856000000.0,2050000000.0,-157000000.0,2598000000.0,3010000000.0,56000000.0,62000000.0,208000000.0,714000000.0,0.1817256299,607000000.0,0.1544922372,-163000000.0,444000000.0,0.1130058539,139000000.0,425000000.0,0.1081700178,2.99,2.88,142228000,147748000,https://www.sec.gov/Archives/edgar/data/1324424/000132442423000060/0001324424-23-000060-index.htm,https://www.sec.gov/Archives/edgar/data/1324424/000132442423000060/expe-20230930.htm,27.624658998228195,2.9881598560058498,-9.667576004724808,-11.165171414911269,35.548555839919004,20.57260173805439,-35.63292741232387,11.76280338611244,46.40436482267908,14659439959.999998,16141439959.999998,8.623199976470588,3.7310867803512338,-10.66141088,-9.231385365239294,8.76236698147041,8.76236698147041,4.1082819954186816,22.607058767507,-11.73922906181818,-10.16463473551637,0.0289915577375167,-0.1083261027933566,3.907949790794979,0.2902939348192878,2.0756302521008405,0.8036624203821656,9.790322580645162,-4.508196721311475,0.0,0.0,0.0493764316620005,0.0865360142529905,0.3549418346505639,-0.1549090909090909,0.0542122677526088,1.0240384615384617,0.0267243573428353,28.12215460505461,0.0418561253483959,0.0292538546255506,-82.2218550496386,-2466000000.0,-5068000000.0,-9502000000.0,8212000000.0,2905000000.0,2929000000.0,1960000000.0,64.98600152710614,659.0533980582524,313.6893203883495,1.3849136411702505,0.1365594961882665,0.2869080779944289,0.2540346682606096,1.4975954101864613,2023-11-02,5.15,amc,3857790000.0,2025-04-25,2023-09-30,0.0504854368932038,110.37984126984128,2414165.888888889
2023-06-30,EXPE,USD,1324424,2023-08-03,2023-08-03 16:06:47,2023,Q2,3358000000.0,407000000.0,2951000000.0,0.8787969029,344000000,194000000.0,1770000000.0,1964000000.0,19000000.0,2507000000.0,2914000000.0,63000000.0,61000000.0,199000000.0,724000000.0,0.2156045265,443000000.0,0.1319237641,21000000.0,464000000.0,0.1381774866,77000000.0,385000000.0,0.1146515783,2.62,2.54,147168000,151844000,https://www.sec.gov/Archives/edgar/data/1324424/000132442423000048/0001324424-23-000048-index.htm,https://www.sec.gov/Archives/edgar/data/1324424/000132442423000048/expe-20230630.htm,22.81746031746032,2.6160578386605784,7.787018917155904,6.271743857360296,42.81501413350728,21.85257664709719,-34.74940204392259,11.95232659273755,44.91465535986084,16098707520.0,16373707520.0,10.453706181818182,4.794135652173913,14.04773780104712,17.441719956663054,9.15219301876066,9.15219301876066,4.876029636688505,22.61561812154696,14.287702897033158,17.739661451787647,0.0239149633299257,0.0573337952039518,3.723138146674247,0.255063093939866,0.3798342541436464,0.8304491541901614,7.262295081967213,2.9612403100775198,0.0,0.0,0.057772483621203,0.1024419297200714,0.3244274809160305,0.1945898778359511,0.0664085765336509,1.120603015075377,0.0315664085765336,26.5241304786067,0.0360578621833808,0.0221953188054882,-86.20929821700369,-2616000000.0,-5114000000.0,-9647000000.0,8380000000.0,2774500000.0,2691000000.0,2483500000.0,79.6813579511614,628.2309582309582,549.2874692874693,1.1294988227379752,0.1432594156986976,0.1638486312399356,0.2188743604320636,1.5152750597956075,2023-08-03,2.32,bmo,3368170000.0,2025-04-25,2023-06-30,0.2456896551724139,98.0124193548387,2582520.6774193547
2023-03-31,EXPE,USD,1324424,2023-05-05,2023-05-04 17:35:50,2023,Q1,2665000000.0,414000000.0,2251000000.0,0.8446529081,317000000,184000000.0,1674000000.0,1858000000.0,192000000.0,2367000000.0,2781000000.0,43000000.0,61000000.0,192000000.0,192000000.0,0.0720450281,5000000.0,0.0018761726,60000000.0,-61000000.0,-0.0228893058,79000000.0,-140000000.0,-0.052532833,-0.92,-0.92,152477000,152477000,https://www.sec.gov/Archives/edgar/data/1324424/000132442423000031/0001324424-23-000031-index.htm,https://www.sec.gov/Archives/edgar/data/1324424/000132442423000031/expe-20230331.htm,17.478045869213062,-0.9181712651744196,20.704762029683167,19.17666270978573,39.0091620375532,21.577024731598865,-33.15909940515619,12.014926841425265,43.34424208241243,14794843310.0,15438843310.0,-26.41936305357143,5.551535951219512,4.686361517263224,5.059795933652531,8.075787832969432,8.075787832969432,5.793186983114446,80.41064223958334,4.890352648083624,5.280042171682626,-0.0094627565204,0.1976364290403559,3.574235807860262,0.2620667573841351,3.3541666666666665,0.8298658636736929,0.081967213114754,-22.55,0.0,0.0,0.0690431519699812,0.1189493433395872,0.3340270551508845,0.0738042445359518,0.0874296435272045,1.2135416666666667,0.0386491557223264,,0.001106170217473,-0.0084134615384615,-82.46817552811244,-2486000000.0,-5056000000.0,-9570000000.0,8473000000.0,2347000000.0,2598500000.0,2119000000.0,86.99437148217636,552.3913043478261,539.7826086956521,1.0345496894409938,0.1629279811097992,0.1667337897704389,-0.0764192139737991,1.528099319897427,2023-05-04,-0.04029,amc,2665550000.0,2025-04-25,2023-03-31,3.9640109208240255,104.84637096774196,2681085.5483870967
2022-12-31,EXPE,USD,1324424,2023-02-10,2023-02-09 17:38:11,2022,Q4,2618000000.0,412000000.0,2206000000.0,0.8426279603,317000000,186000000.0,1376000000.0,1562000000.0,199000000.0,2078000000.0,2490000000.0,27000000.0,60000000.0,199000000.0,442000000.0,0.1688311688,239000000.0,0.0912910619,55000000.0,183000000.0,0.0699006875,8000000.0,177000000.0,0.0676088617,1.14,1.11,155404000,159532000,https://www.sec.gov/Archives/edgar/data/1324424/000132442423000007/0001324424-23-000007-index.htm,https://www.sec.gov/Archives/edgar/data/1324424/000132442423000007/expe-20221231.htm,16.846413219736945,1.1389668219608249,-1.1711410259710175,-2.310107847931842,26.665980283647784,23.989086509999744,-29.75470386862629,14.690741551054026,42.54716738307894,13613390400.0,16069390400.0,19.22795254237288,5.199919938884645,-74.79884835164835,-37.92030752089136,5.962939290407358,5.962939290407358,6.13804064171123,36.356086877828055,-88.29335384615385,-44.76153314763231,0.0130019043602833,-0.026371094154473,2.8699080157687256,0.3038820091832475,5.5565610859728505,0.8156429764334756,3.983333333333333,-1.04,0.0049216248143445,0.3785310734463277,0.0710466004583651,0.1210847975553857,0.3873660776401836,-0.9725274725274724,0.0676088617265087,0.8894472361809045,0.0359052711993888,19.40298977927542,0.0211955775357791,0.0133999545764251,-72.21821832127873,-1987000000.0,-4624000000.0,-9042000000.0,8938000000.0,2087000000.0,2661500000.0,1138500000.0,72.8113063407181,580.1941747572815,383.373786407767,1.2360717658168083,0.1551204819277108,0.2347578347578347,0.0775295663600525,1.1389668219608249,2023-02-09,1.67,amc,2701831320.0,2025-04-25,2022-12-31,-0.2455089820359281,94.59126984126983,2465218.1587301586
2022-09-30,EXPE,USD,1324424,2022-11-04,2022-11-03 17:42:33,2022,Q3,3619000000.0,455000000.0,3164000000.0,0.8742746615,310000000,187000000.0,1669000000.0,1856000000.0,-87000000.0,2365000000.0,2820000000.0,20000000.0,63000000.0,199000000.0,952000000.0,0.2630560928,747000000.0,0.2064106107,-57000000.0,690000000.0,0.1906604034,214000000.0,482000000.0,0.133185963,3.05,2.98,157628000,161829000,https://www.sec.gov/Archives/edgar/data/1324424/000132442422000065/0001324424-22-000065-index.htm,https://www.sec.gov/Archives/edgar/data/1324424/000132442422000065/expe-20220930.htm,22.9591189382597,3.0578323648082826,-6.325018397746593,-7.403506991143705,29.417362397543585,23.555459689902808,-29.30316948765448,14.388306646027356,41.96589438424645,14768167320.0,16732167320.0,7.6598378215767635,4.080731505940868,-14.81260513540622,-12.654813470437018,6.511537619047619,6.511537619047619,4.623422857142857,17.57580600840336,-16.782514864593782,-14.33776119965724,0.0326377667286613,-0.0790213148803896,2.888888888888889,0.2994652406417112,2.063025210084034,0.8337080672722367,11.857142857142858,-2.0945378151260505,0.0,0.0,0.0516717325227963,0.0856590218292346,0.3808217925864984,-0.1705115346038114,0.0469743022934512,0.8542713567839196,0.0268029842497927,31.463203414189927,0.0478923549377727,0.0355798331733963,-74.39033674220316,-1849000000.0,-4619000000.0,-8896000000.0,9012000000.0,2167000000.0,2696500000.0,1639000000.0,51.13014644929538,527.5384615384615,103.25274725274724,1.7602140077821011,0.1706036745406824,0.8716475095785441,0.2125220458553791,1.0784885933971122,2022-11-03,3.89,amc,3591167803.0,2025-04-25,2022-09-30,0.0411311053984575,102.06984375,2588912.0
2022-06-30,EXPE,USD,1324424,2022-08-05,2022-08-04 17:41:09,2022,Q2,3181000000.0,419000000.0,2762000000.0,0.868280415,284000000,189000000.0,1716000000.0,1905000000.0,197000000.0,2386000000.0,2805000000.0,10000000.0,73000000.0,197000000.0,143000000.0,0.0449544169,1000000.0,0.0003143666,-472000000.0,-127000000.0,-0.039924552,58000000.0,-185000000.0,-0.058157812,-1.18,-1.18,157290000,157290000,https://www.sec.gov/Archives/edgar/data/1324424/000132442422000051/0001324424-22-000051-index.htm,https://www.sec.gov/Archives/edgar/data/1324424/000132442422000051/expe-20220630.htm,20.223790450759743,-1.1761714031406956,10.35030834763812,9.339436709263143,35.564880157670544,21.49532710280374,-32.169877296713075,12.143175027020154,45.35571237840931,14915810700.0,16408810700.0,-20.156500945945943,4.689031971078277,9.162045884520884,10.153717290673928,7.809324973821989,7.809324973821989,5.158381232316882,114.74692797202798,10.079122051597052,11.170054935330157,-0.0124029463581218,0.0984860983788162,3.696858638743456,0.2853621079857743,10.44055944055944,0.8517742285177423,0.0136986301369863,-8.8,0.0,0.0,0.0594152782143979,0.0892801005972964,0.3411332040090527,0.0976658476658476,0.04998428167243,0.8071065989847716,0.0292360892801006,,0.0001335557819185,-0.0113476047353247,-80.63131794773984,-2051000000.0,-5060000000.0,-9577000000.0,8931000000.0,2053500000.0,2476000000.0,2669500000.0,64.45143036780885,585.5369928400954,591.980906921241,1.3964003511852503,0.1537050623624358,0.1520319303338171,-0.0968586387434555,1.010871638374976,2022-08-04,1.57,amc,2987780322.0,2025-04-25,2022-06-30,0.2484076433121018,141.58693548387097,3650733.741935484
2022-03-31,EXPE,USD,1324424,2022-05-03,2022-05-02 17:34:14,2022,Q1,2249000000.0,371000000.0,1878000000.0,0.8350377946,270000000,186000000.0,1339000000.0,1525000000.0,197000000.0,1992000000.0,2363000000.0,3000000.0,81000000.0,197000000.0,70000000.0,0.0311249444,-106000000.0,-0.0471320587,-94000000.0,-208000000.0,-0.0924855491,-85000000.0,-123000000.0,-0.0546909738,-0.79,-0.79,156336000,156366000,https://www.sec.gov/Archives/edgar/data/1324424/000132442422000023/0001324424-22-000023-index.htm,https://www.sec.gov/Archives/edgar/data/1324424/000132442422000023/expe-20220331.htm,14.385682120560844,-0.7867669634633098,19.131869818851705,18.134019035922627,35.5132535052707,22.816241940435983,-31.771313069286663,13.29188414696551,52.13130692866646,30590265120.0,33107265120.0,-62.1753356097561,13.60171859493108,10.227437352056167,10.790216973544972,14.721013051010589,14.721013051010589,14.720882667852376,472.9609302857143,11.06896192577733,11.67804766137566,-0.0040208870213283,0.0926765423208597,3.883060635226179,0.3283150913455669,35.957142857142856,0.893977063116529,-1.308641975308642,-24.317073170731707,0.0,0.0,0.0827034237438861,0.1200533570475767,0.3472352199210644,0.0521564694082246,0.0693641618497109,0.7918781725888325,0.0400177856825255,,-0.0051769650072425,-0.0076668952190986,-81.84135451847304,-1322000000.0,-4967000000.0,-9863000000.0,9776000000.0,1589000000.0,2123500000.0,2138500000.0,73.19253001333927,540.0,626.6037735849056,1.2296336796063423,0.1666666666666666,0.1436314363143631,-0.059191530317613,0.9978507829290758,2022-05-02,-0.27,amc,2247587731.0,2025-04-25,2022-03-31,0.7777777777777776,187.1016129032258,3132020.983870968
2021-12-31,EXPE,USD,1324424,2022-02-11,2022-02-10 17:40:04,2021,Q4,2279000000.0,395000000.0,1884000000.0,0.8266783677,274000000,183000000.0,1044000000.0,1227000000.0,-13000000.0,1700000000.0,2095000000.0,4000000.0,84000000.0,199000000.0,754000000.0,0.3308468627,163000000.0,0.0715225976,308000000.0,471000000.0,0.2066695919,76000000.0,386000000.0,0.1693725318,1.8,1.7,153537000,161920000,https://www.sec.gov/Archives/edgar/data/1324424/000132442422000009/0001324424-22-000009-index.htm,https://www.sec.gov/Archives/edgar/data/1324424/000132442422000009/expe-20211231.htm,14.84332766694673,2.5140519874688185,1.856230094374646,0.9248585031621044,28.07792258543543,23.13448875515348,-32.64359730879202,13.397422119749637,57.92740512058983,27747206640.0,32446206640.0,17.970988756476686,12.175167459412023,97.35861978947368,195.40286366197185,13.489162197374815,13.489162197374815,14.237036700307153,43.03210429708223,113.8463390877193,228.49441295774648,0.013911310244958,0.0051176322662799,4.282936315021876,0.4088546500835344,6.232095490716181,0.8657142857142858,1.9404761904761905,0.7215189873417721,0.0006126742853997,0.044041450777202,0.0802983764809126,0.1202281702501096,0.3974382773343233,0.5017543859649123,0.0627468187801667,0.7185929648241206,0.0434401053093462,27.5289094119272,0.0106521089223427,0.0297288971041281,-77.02540755648475,-1269000000.0,-5012000000.0,-9815000000.0,9882000000.0,1468000000.0,2027000000.0,1640500000.0,53.27336551118911,460.4810126582278,385.9746835443038,1.6893995552260934,0.1954477981197427,0.2331759149940968,0.1876519202722411,0.9313715912125416,2022-02-10,0.97,amc,2293806027.0,2025-04-25,2021-12-31,0.0927835051546392,169.97,2436422.109375
2021-09-30,EXPE,USD,1324424,2021-11-05,2021-11-04 17:43:32,2021,Q3,2962000000.0,442000000.0,2520000000.0,0.8507765024,277000000,182000000.0,1314000000.0,1496000000.0,25000000.0,1974000000.0,2416000000.0,2000000.0,86000000.0,201000000.0,752000000.0,0.2538825118,524000000.0,0.1769074949,-59000000.0,465000000.0,0.1569885213,87000000.0,376000000.0,0.1269412559,2.4,2.26,151019000,160460000,https://www.sec.gov/Archives/edgar/data/1324424/000132442421000093/0001324424-21-000093-index.htm,https://www.sec.gov/Archives/edgar/data/1324424/000132442421000093/expe-20210930.htm,19.613426125189545,2.4897529449936764,-8.085075387865103,-9.270356710082837,33.31368900601911,23.851303478370276,-34.042074176097046,13.998238632225084,59.17798422715023,24752014100.0,28572014100.0,16.457456183510637,8.356520627954085,-20.27191981981982,-17.680010071428573,11.708615941343426,11.708615941343426,9.646189770425387,37.99469960106383,-23.40050294840295,-20.4085815,0.015190683007893,-0.0565610537527934,4.186849574266793,0.4033448778709442,5.079787234042553,0.9273920623525792,6.093023255813954,-3.2301587301587302,0.0,0.0,0.0614449696151249,0.0935178933153274,0.3984232592052497,-0.1466011466011466,0.0604321404456448,0.8905472636815921,0.0391627278865631,28.003098164924538,0.0329029267976657,0.0284826907052496,-75.00546288877558,-708000000.0,-5141000000.0,-9299000000.0,10740000000.0,1713000000.0,1984000000.0,2064000000.0,48.220796758946655,413.9592760180995,323.1447963800905,1.866414618777568,0.2174126906050172,0.2785129174543163,0.1778618732261116,1.1852813222177343,2021-11-04,1.63,amc,2780210000.0,2025-04-25,2021-09-30,1.165644171779141,154.57765625,2314454.234375
2021-06-30,EXPE,USD,1324424,2021-08-06,2021-08-05 17:38:38,2021,Q2,2111000000.0,374000000.0,1737000000.0,0.8228327807,276000000,184000000.0,1199000000.0,1383000000.0,-10000000.0,1864000000.0,2238000000.0,1000000.0,83000000.0,205000000.0,64000000.0,0.0303173851,-132000000.0,-0.0625296068,-97000000.0,-224000000.0,-0.1061108479,-47000000.0,-172000000.0,-0.0814779725,-1.15,-1.15,149009900,149093000,https://www.sec.gov/Archives/edgar/data/1324424/000132442421000070/0001324424-21-000070-index.htm,https://www.sec.gov/Archives/edgar/data/1324424/000132442421000070/expe-20210630.htm,14.16684394795245,-1.1542857219553868,16.87136223834792,15.643255917895388,36.742525161079904,20.75701010469774,-38.48066470751272,10.784518344083178,60.20405355617312,24394410729.0,27818410729.0,-35.45699233866279,11.555855390336331,9.703425110978522,10.465212667953669,15.180093795270691,15.180093795270691,13.177835494552346,434.662667640625,11.065398062450278,11.934110136851135,-0.0070507954428891,0.0955546754498527,5.5308027380211575,0.367561308465324,53.5,0.948774865534022,-1.5903614457831323,-14.203389830508474,0.0020496498380491,-0.2906976744186046,0.0871624822359071,0.1307437233538607,0.3650386667218064,0.0727923627684964,0.0866887730933207,0.8926829268292683,0.0568450971103742,,-0.0083657019111783,-0.0112022925621987,-86.99589758801261,-600000000.0,-5734000000.0,-9975000000.0,10955000000.0,1619000000.0,1613500000.0,2256500000.0,78.40360018948365,465.6417112299465,611.4705882352941,1.1479064709081022,0.19328165374677,0.1471861471861472,-0.1070317361543248,1.2281063204525338,2021-08-05,-0.76,amc,2111000000.0,2025-04-25,2021-06-30,0.4868421052631577,171.5442857142857,2329543.587301587
2021-03-31,EXPE,USD,1324424,2021-05-07,2021-05-06 17:37:31,2021,Q1,1246000000.0,311000000.0,935000000.0,0.7504012841,247000000,156000000.0,664000000.0,820000000.0,-5000000.0,1276000000.0,1587000000.0,2000000.0,98000000.0,209000000.0,-443000000.0,-0.3555377207,-369000000.0,-0.2961476726,-381000000.0,-750000000.0,-0.6019261637,-169000000.0,-578000000.0,-0.4638844302,-3.98,-3.98,145181000,145181000,https://www.sec.gov/Archives/edgar/data/1324424/000132442421000044/0001324424-21-000044-index.htm,https://www.sec.gov/Archives/edgar/data/1324424/000132442421000044/expe-20210331.htm,8.582390257678346,-3.981237214236023,14.946859437529705,13.789683223011275,29.714632079955365,25.5543080706153,-35.34897817207486,15.36702461065842,61.99847087428796,24988553720.0,29600553720.0,-10.808197975778546,20.05501903691814,11.5154625437788,12.481795064935064,11.200606777229943,11.200606777229943,23.75646365971108,-66.81840568848759,13.640808165898616,14.78549136863137,-0.0231305903685569,0.0801166815187734,3.990587180636486,0.4071618037135278,-10.410835214446951,1.0070663323455664,-3.76530612244898,-3.734939759036144,0.0,0.0,0.1252006420545746,0.1982343499197431,0.4043720845147718,0.0774193548387096,0.1348314606741573,0.8038277511961722,0.0666131621187801,,-0.0218340971585701,-0.0443796068796068,-81.3243468497944,62000000.0,-5132000000.0,-9320000000.0,11643000000.0,1110000000.0,1195000000.0,1372000000.0,101.05136436597112,373.8906752411576,570.6752411575562,0.8906361686919227,0.2407120743034055,0.1577079107505071,-0.2590766472433886,1.1571762145184288,2021-05-06,-2.52,amc,1110690000.0,2025-04-25,2021-03-31,-0.1984126984126984,153.8932786885246,3535836.196721312
2020-12-31,EXPE,USD,1324424,2021-02-12,2021-02-11 17:40:07,2020,Q4,920000000.0,287000000.0,633000000.0,0.6880434783,223000000,124000000.0,511000000.0,635000000.0,68000000.0,1070000000.0,1357000000.0,2000000.0,102000000.0,387000000.0,-181000000.0,-0.1967391304,-463000000.0,-0.5032608696,-32000000.0,-495000000.0,-0.5380434783,-104000000.0,-383000000.0,-0.4163043478,-2.69,-2.69,142446000,142446000,https://www.sec.gov/Archives/edgar/data/1324424/000132442421000015/0001324424-21-000015-index.htm,https://www.sec.gov/Archives/edgar/data/1324424/000132442421000015/expe-20201231.htm,6.458587815733681,-2.688738188506522,-2.702778596801595,-3.601364727686281,23.777431447706498,28.263341897982396,-34.18137399435576,17.7751569015627,61.995422826895805,18859850400.0,24225850400.0,-12.31060731070496,20.499837391304347,-48.986624415584416,-36.76384093567251,7.448598104265402,7.448598104265402,26.332446086956523,-133.8444773480663,-62.924286753246754,-47.223879922027294,-0.0203076902455175,-0.0272006399372075,3.447472353870458,0.4670411985018726,-29.646408839779006,1.042175360710322,-4.53921568627451,0.9846547314578004,0.0030753160162924,-0.1514360313315927,0.1347826086956521,0.242391304347826,0.4759229534510433,-0.3324675324675324,0.1391304347826087,0.330749354005168,0.0532608695652173,,-0.027531107522074,-0.0391015824400204,-72.13435266697556,228000000.0,-4869000000.0,-9030000000.0,11954000000.0,885000000.0,1100000000.0,748500000.0,80.31521739130434,344.3205574912892,242.0905923344948,1.1205846528623629,0.2613843351548269,0.371761658031088,-0.1512638230647709,0.8985861308846861,2021-02-11,-1.93,amc,1126010000.0,2025-04-25,2020-12-31,0.3678756476683938,112.68984375,2772952.0
2020-09-30,EXPE,USD,1324424,2020-11-05,2020-11-04 17:38:01,2020,Q3,1504000000.0,375000000.0,1129000000.0,0.7506648936,224000000,134000000.0,529000000.0,663000000.0,-1000000.0,1107000000.0,1482000000.0,3000000.0,113000000.0,220000000.0,109000000.0,0.0724734043,-113000000.0,-0.0751329787,-111000000.0,-224000000.0,-0.1489361702,-24000000.0,-192000000.0,-0.1276595745,-1.36,-1.36,141306000,141306000,https://www.sec.gov/Archives/edgar/data/1324424/000132442420000077/0001324424-20-000077-index.htm,https://www.sec.gov/Archives/edgar/data/1324424/000132442420000077/expe-20200930.htm,10.643567859821946,-1.358753343807057,-5.795932232176978,-7.04145613066678,30.96825329426917,29.255657933845697,-33.58668421723069,11.549403422359983,66.9539863841592,12956347140.0,17951347140.0,-16.870243671875002,8.614592513297872,-15.819715677655678,-13.0214544120603,7.938938198529411,7.938938198529411,11.93573613031915,164.6912581651376,-21.91861677655677,-18.041554914572863,-0.0148189916436585,-0.0767963369033349,5.727941176470588,0.475024137405356,45.825688073394495,1.1949964513839602,-1.0,4.095,0.0,0.0,0.089095744680851,0.1489361702127659,0.4512424411809543,-0.2148962148962149,0.1170212765957446,0.8,0.03125,,-0.0071845657724743,-0.0177794240207426,-71.43893394477234,1099000000.0,-4746000000.0,-8810000000.0,12880000000.0,1029000000.0,1075500000.0,1018000000.0,56.78856382978723,264.48,174.0,1.5848261327713382,0.3402903811252268,0.5172413793103449,-0.1176470588235294,1.2455238984898025,2020-11-04,-0.92,amc,5400727272.0,2025-04-25,2020-09-30,-0.7608695652173914,89.938671875,2839815.09375
2020-06-30,EXPE,USD,1324424,2020-07-31,2020-07-30 19:26:53,2020,Q2,566000000.0,389000000.0,177000000.0,0.3127208481,255000000,152000000.0,296000000.0,448000000.0,-12000000.0,935000000.0,1324000000.0,3000000.0,95000000.0,232000000.0,-626000000.0,-1.1060070671,-849000000.0,-1.5,-104000000.0,-953000000.0,-1.683745583,-213000000.0,-736000000.0,-1.3003533569,-5.22,-5.22,141011235,141072000,https://www.sec.gov/Archives/edgar/data/1324424/000132442420000058/0001324424-20-000058-index.htm,https://www.sec.gov/Archives/edgar/data/1324424/000132442420000058/a10-qxq22020.htm,4.013864569018207,-5.219442266426501,-13.091155467151252,-14.55203197106954,38.82669349006128,29.96215159735322,-33.36613568415311,12.296892513564613,72.2708371428702,11591123517.0,16634123517.0,-3.9372022815896734,20.479016814487636,-6.279048492416036,-5.648695671052631,6.684615638408305,6.684615638408305,29.388910807420498,-26.57208229552716,-9.0109011468039,-8.106298010233917,-0.0634968645550669,-0.1770320191127681,5.82237600922722,0.4608993380506733,-8.05591054313099,1.136178861788618,-8.936842105263159,2.494594594594594,0.0014666395345599,-0.0230978260869565,0.2685512367491166,0.450530035335689,0.4076694818534581,-0.1115926327193932,0.3639575971731448,0.8879310344827587,0.0954063604240282,,-0.0445947704174252,-0.0567244701348747,-76.00635509645738,1072000000.0,-4705000000.0,-8736000000.0,12933000000.0,1303000000.0,1372000000.0,1062000000.0,176.3427561837456,242.69922879177372,303.31619537275066,0.5103697024346258,0.3708293612964728,0.2967200610221205,-0.4244521337946944,1.4608765039182872,2020-07-30,-3.4,amc,462210268.0,2025-04-25,2020-06-30,0.2029411764705882,72.72222222222223,4783352.650793651
2020-03-31,EXPE,USD,1324424,2020-05-21,2020-05-20 17:43:39,2020,Q1,2209000000.0,629000000.0,1580000000.0,0.7152557718,308000000,187000000.0,1210000000.0,1397000000.0,-145000000.0,1934000000.0,2563000000.0,10000000.0,50000000.0,229000000.0,-1200000000.0,-0.5432322318,-1294000000.0,-0.5857854233,-1125000000.0,-1479000000.0,-0.6695337257,-82000000.0,-1301000000.0,-0.588954278,-9.24,-9.24,140800865,140823000,https://www.sec.gov/Archives/edgar/data/1324424/000132442420000040/0001324424-20-000040-index.htm,https://www.sec.gov/Archives/edgar/data/1324424/000132442420000040/a10-qxq12020.htm,15.688824070789622,-9.240000052556494,-5.568147610456797,-7.606487360713302,29.112037060283686,26.56943904428428,-37.15176039579018,16.122060045582817,52.74825548834519,7922864673.55,11394864673.55,-1.522456701297079,3.586629548913536,-10.105694736670918,-7.397632748412699,3.490248754867842,3.490248754867842,5.158381472861023,-9.495720561291666,-14.534266165242348,-10.639462813772177,-0.1642082824339167,-0.1351783785447539,3.2497797356828197,0.3613165499338786,-2.893333333333333,0.7964196502914238,-25.88,0.5612025769506085,0.0060584147246948,-0.0368946963873943,0.0846536894522408,0.1394296061566319,0.4394377234657393,-0.3660714285714285,0.1299230421004979,1.2532751091703056,0.0248981439565414,,-0.1057407154908167,-0.1136740934906072,-78.46365148395928,-1956000000.0,-5231000000.0,-9024000000.0,9941000000.0,2045500000.0,2261000000.0,796000000.0,60.99139882299684,242.52782193958663,116.3275039745628,1.4756179024716098,0.3710914454277286,0.7736777367773677,-0.5731277533039647,2.038339750256506,2020-05-20,-1.24,amc,1484737704.0,2025-04-25,2020-03-31,0.4758064516129033,96.02870967741936,3791093.193548387
2019-12-31,EXPE,USD,1324424,2020-02-14,2020-02-13 19:49:52,2019,Q4,2747000000.0,559000000.0,2188000000.0,0.7965052785,459000000,225000000.0,1283000000.0,1508000000.0,-1000000.0,2011000000.0,2570000000.0,14000000.0,53000000.0,226000000.0,399000000.0,0.1452493629,160000000.0,0.0582453586,-40000000.0,120000000.0,0.0436840189,42000000.0,76000000.0,0.0276665453,0.52,0.52,144647000,146828000,https://www.sec.gov/Archives/edgar/data/1324424/000132442420000009/0001324424-20-000009-index.htm,https://www.sec.gov/Archives/edgar/data/1324424/000132442420000009/q42019-10k.htm,18.99106099677145,0.5254170497832654,2.3574633417907043,0.311102200529565,26.55430116075688,38.37618478088035,-30.280614184877667,27.42538732223965,38.18261007832862,15642126580.0,17797126580.0,51.454363750000006,5.69425794685111,45.871338944281526,347.6028128888889,3.943061905722209,3.943061905722209,6.4787501201310524,44.60432726817043,52.19098703812317,395.4917017777778,0.0048586744015467,0.0028768466851263,1.3788757247290144,0.2554165110197983,5.401002506265664,0.7219525854022774,3.018867924528302,4.371794871794871,0.003196496316807,0.6578947368421053,0.0819075354932653,0.1670913724062613,0.4637187149794546,0.8680351906158358,0.1077539133600291,1.3097345132743363,0.0240262104113578,18.006102775457183,0.0090821762291502,0.0066173269481932,-66.98376046513236,-2979000000.0,-4380000000.0,-8130000000.0,9761000000.0,2670000000.0,2802500000.0,613000000.0,84.98725882781216,455.1520572450805,125.42039355992844,1.058982266769468,0.1977361160240537,0.7175866495507061,0.0191580539450466,2.0463611412611398,2020-02-13,1.18,amc,2636233870.0,2025-04-25,2019-12-31,0.0508474576271186,117.33921875,3116565.1875
2019-09-30,EXPE,USD,1324424,2019-11-07,2019-11-06 17:46:17,2019,Q3,3558000000.0,569000000.0,2989000000.0,0.8400786959,440000000,217000000.0,1660000000.0,1877000000.0,-25000000.0,2367000000.0,2936000000.0,17000000.0,40000000.0,50000000.0,829000000.0,0.2329960652,609000000.0,0.171163575,-48000000.0,561000000.0,0.1576728499,154000000.0,409000000.0,0.1149522203,2.77,2.71,147232000,150635000,https://www.sec.gov/Archives/edgar/data/1324424/000132442419000047/0001324424-19-000047-index.htm,https://www.sec.gov/Archives/edgar/data/1324424/000132442419000047/a10-qxq32019.htm,24.1659421864812,2.77792871114975,-5.847913497065855,-7.824386003042817,30.25836774614214,39.20343403607912,-28.35660725929145,28.41773527494023,36.69039339274071,19789453120.0,21354453120.0,12.096242738386309,5.561959842608207,-22.984266109175376,-17.17834472222222,4.7297928107074565,4.7297928107074565,6.001813693086003,25.75929206272617,-24.80192,-18.536851666666667,0.0206675746681775,-0.0582128264492434,1.281548757170172,0.2507834058276039,1.8878166465621231,0.7530712530712531,15.225,-2.1154791154791157,0.0025265983701928,0.1222493887530562,0.0609893198426082,0.1236649803260258,0.4652261353538188,-0.337979094076655,0.081787521079258,1.2763157894736843,0.0168634064080944,42.14504669990845,0.0382597444935715,0.035770509008221,-60.25184742447294,-2613000000.0,-4175000000.0,-7640000000.0,9919000000.0,2883500000.0,2374000000.0,533000000.0,69.46037099494097,439.4024604569421,70.70298769771529,1.2957028404952655,0.2048236141108711,1.2729306487695748,0.0977533460803059,1.9764725059769617,2019-11-06,3.8,amc,4000118343.0,2025-04-25,2019-09-30,-0.1105263157894736,132.13046875,1605090.921875
2019-06-30,EXPE,USD,1324424,2019-07-25,2019-07-25 17:22:24,2019,Q2,3153000000.0,522000000.0,2631000000.0,0.8344433873,435000000,214000000.0,1657000000.0,1871000000.0,52000000.0,2358000000.0,2880000000.0,17000000.0,39000000.0,228000000.0,502000000.0,0.1592134475,265000000.0,0.0840469394,-30000000.0,235000000.0,0.0745321916,48000000.0,183000000.0,0.0580399619,1.23,1.21,149049000,151561000,https://www.sec.gov/Archives/edgar/data/1324424/000132442419000031/0001324424-19-000031-index.htm,https://www.sec.gov/Archives/edgar/data/1324424/000132442419000031/a10-qxq22019.htm,21.154117102429403,1.227784151520641,7.635073029674805,5.629021328556381,32.801293534341056,39.82582908976243,-27.299747063046382,29.13135948580668,28.312836718126253,19859288760.0,19782288760.0,27.130175901639344,6.298537507136061,17.45104460456942,23.67018922526817,4.5737652602487335,4.5737652602487335,6.274116320964161,39.40694972111554,17.383382038664323,23.578413301549464,0.0092148315184677,0.0422472330272919,0.9629203132197144,0.1883248502319715,-0.1533864541832669,0.7557382665296334,6.794871794871795,6.085561497326204,0.0024170049884505,0.2622950819672131,0.067871868062163,0.1379638439581351,0.4506553758839692,0.2627416520210896,0.0948303203298445,1.3114035087719298,0.0187123374563907,28.36825661722603,0.0200353767625208,0.0150049196457855,-59.04601842347147,-2852000000.0,-4069000000.0,-7441000000.0,9630000000.0,2892000000.0,2369500000.0,533000000.0,86.23215984776402,339.6551724137931,106.72413793103448,1.0436941410129097,0.2649746192893401,0.8432956381260097,0.0421464762782128,2.006051701118424,2019-07-25,1.7,amc,2974864406.0,2025-04-25,2019-06-30,0.0411764705882353,123.19873015873016,1602702.492063492
2019-03-31,EXPE,USD,1324424,2019-05-03,2019-05-02 17:46:24,2019,Q1,2609000000.0,513000000.0,2096000000.0,0.8033729398,429000000,191000000.0,1535000000.0,1726000000.0,20000000.0,2207000000.0,2720000000.0,11000000.0,41000000.0,228000000.0,128000000.0,0.0490609429,-131000000.0,-0.0502108087,-30000000.0,-141000000.0,-0.0540436949,-41000000.0,-103000000.0,-0.0394787275,-0.7,-0.7,147882000,147882000,https://www.sec.gov/Archives/edgar/data/1324424/000132442419000020/0001324424-19-000020-index.htm,https://www.sec.gov/Archives/edgar/data/1324424/000132442419000020/a10-qxq12019.htm,17.64244465181699,-0.6965012645217132,14.53185648016662,12.679027873574878,28.22520658362749,38.29404525229575,-29.63173340906939,27.60985109749665,28.515978956194804,17782810500.0,18250810500.0,-43.162161407767,6.81594883096972,8.27492345276873,9.4841656,4.35532953710507,4.35532953710507,6.995327903411269,142.58445703125,8.492699162401117,9.7337656,-0.0057921103078728,0.1054389012355499,1.0227773695811904,0.1992081286075466,3.65625,0.7180682453850457,-3.1951219512195124,-21.49,0.0026430017909711,-0.4563106796116505,0.0732081257186661,0.1644308164047527,0.4791775986261508,0.1275011633317822,0.105021080873898,1.2017543859649122,0.0214641625143733,,-0.0090756863747621,-0.0094339622641509,-59.71145913633843,-3024000000.0,-4382000000.0,-7598000000.0,9386000000.0,2469000000.0,2628000000.0,353000000.0,95.3123802223074,485.7894736842105,78.42105263157895,0.9442634817227652,0.1852654387865655,1.1476510067114094,-0.0252265491060494,1.852828606591742,2019-05-02,-0.36,amc,3671925925.0,2025-04-25,2019-03-31,-0.2499999999999999,121.40639344262296,1580950.524590164
2018-12-31,EXPE,USD,1324424,2019-02-08,2019-02-07 17:58:44,2018,Q4,2559000000.0,476000000.0,2083000000.0,0.8139898398,417000000,211000000.0,1209000000.0,1420000000.0,-9000000.0,1905000000.0,2381000000.0,10000000.0,41000000.0,279000000.0,376000000.0,0.1469323955,96000000.0,0.0375146542,-40000000.0,56000000.0,0.0218835483,31000000.0,17000000.0,0.00664322,0.11,0.11,148509000,151358000,https://www.sec.gov/Archives/edgar/data/1324424/000132442419000006/0001324424-19-000006-index.htm,https://www.sec.gov/Archives/edgar/data/1324424/000132442419000006/q42018-10k.htm,17.231278912389147,0.1144711768310338,-0.9763718023823472,-2.6193698698395385,16.63872223232262,38.25357385747665,-29.836575561077108,27.634688806738986,25.304863678295597,16729538850.0,18003538850.0,246.02263014705883,6.537529835873388,-115.37613,-43.006526606683806,4.076398355263158,4.076398355263158,7.035380558812036,47.8817522606383,-124.16233689655172,-46.28159087403599,0.0010161666829208,-0.0232522846856594,0.9057017543859648,0.206122109465979,3.3882978723404253,0.644789081885856,2.341463414634146,-5.8,0.0028691765164824,2.823529411764706,0.0824540836264165,0.1629542790152403,0.560749736594022,-1.6827586206896552,0.0953497459945291,0.8745519713261649,0.0191481047284095,8.436583749006655,0.0042973170417269,0.0021461936624163,-54.67850433307072,-2863000000.0,-4431000000.0,-7155000000.0,9126000000.0,2252500000.0,2619500000.0,222500000.0,76.4947245017585,470.2310924369748,48.97058823529411,1.176551724137931,0.191395255327704,1.837837837837838,0.0041423001949317,1.6429980674571911,2019-02-07,1.07,amc,2228806451.0,2025-04-25,2018-12-31,0.1588785046728971,119.64333333333332,1754555.634920635
2018-09-30,EXPE,USD,1324424,2018-10-26,2018-10-25 17:55:30,2018,Q3,3276000000.0,504000000.0,2772000000.0,0.8461538462,404000000,202000000.0,1501000000.0,1703000000.0,-47000000.0,2178000000.0,2682000000.0,34000000.0,47000000.0,242000000.0,901000000.0,0.275030525,672000000.0,0.2051282051,-60000000.0,612000000.0,0.1868131868,81000000.0,525000000.0,0.1602564103,3.51,3.43,149482000,153153000,https://www.sec.gov/Archives/edgar/data/1324424/000132442418000053/0001324424-18-000053-index.htm,https://www.sec.gov/Archives/edgar/data/1324424/000132442418000053/a10-qxq32018.htm,21.915682155711057,3.5121285505947206,-2.4819041757536024,-3.973722588672884,22.5980385598266,39.77736449873563,-28.846282495551304,29.341325376968463,25.24718695227519,19480494240.0,20287494240.0,9.276425828571428,5.946426813186813,-52.5080707277628,-32.79544484848485,4.441517154582764,4.441517154582764,6.192763809523809,22.51664177580466,-54.68327288409704,-34.15403070707071,0.0269500349186212,-0.0304920395079257,0.8497492020063839,0.1947129199101405,0.8956714761376249,0.7043250028529042,14.297872340425531,-0.6986817325800376,0.0024126697927146,0.0895238095238095,0.0616605616605616,0.1233211233211233,0.5359176636539366,-0.601078167115903,0.068070818070818,0.9214876033057852,0.0164835164835164,48.15222110969189,0.0561821953680296,0.0591016548463357,-53.36093977870245,-2591000000.0,-4312000000.0,-7023000000.0,9436000000.0,2432000000.0,2736000000.0,261000000.0,64.01098901098901,491.4285714285714,33.214285714285715,1.406008583690987,0.1831395348837209,2.7096774193548385,0.1196990424076607,1.4918184129192813,2018-10-25,3.12,amc,2800306849.0,2025-04-25,2018-09-30,0.1698717948717948,129.83507936507937,1499980.1587301588
2018-06-30,EXPE,USD,1324424,2018-07-27,2018-07-26 17:55:07,2018,Q2,2880000000.0,498000000.0,2382000000.0,0.8270833333,400000000,196000000.0,1541000000.0,1737000000.0,-90000000.0,2209000000.0,2707000000.0,16000000.0,51000000.0,241000000.0,278000000.0,0.0965277778,111000000.0,0.0385416667,-125000000.0,-14000000.0,-0.0048611111,-5000000.0,1000000.0,0.0003472222,0.01,0.01,150076000,152617000,https://www.sec.gov/Archives/edgar/data/1324424/000132442418000039/0001324424-18-000039-index.htm,https://www.sec.gov/Archives/edgar/data/1324424/000132442418000039/a10-qxq22018.htm,19.190276926357317,0.0066632905994296,5.430581838535142,3.971321197260055,30.40459500519737,37.12785522002186,-31.477384791705536,26.43327380793731,28.532210346757644,18037634440.0,19196634440.0,4509.40861,6.263067513888889,22.132066797546013,30.26448731543624,4.54692070582304,4.54692070582304,6.665498069444444,69.05264187050359,23.554152687116563,32.209118187919465,5.543964222838524e-05,0.0330420267681176,1.06654902949332,0.2058480101196847,4.169064748201439,0.7424978565304373,2.176470588235294,-90.55555555555556,0.0024947839002773,45.0,0.0680555555555555,0.1388888888888889,0.5009243942784859,0.2687116564417178,0.0760416666666666,0.908713692946058,0.0173611111111111,1.990724280186235,0.0067592254293021,9.748488984207449e-05,-55.64180815053706,-2703000000.0,-4724000000.0,-7188000000.0,9282000000.0,2481500000.0,2635500000.0,277500000.0,79.1875,491.566265060241,60.72289156626506,1.1365430149960536,0.1830882352941176,1.4821428571428572,0.0002520796571716,1.4592606412750873,2018-07-26,0.91,amc,1857391304.0,2025-04-25,2018-06-30,0.5164835164835163,115.4746875,1794110.15625
2018-03-31,EXPE,USD,1324424,2018-04-27,2018-04-26 17:47:23,2018,Q1,2508000000.0,487000000.0,2021000000.0,0.8058213716,396000000,199000000.0,1516000000.0,1715000000.0,36000000.0,2183000000.0,2670000000.0,11000000.0,51000000.0,239000000.0,121000000.0,0.048245614,-165000000.0,-0.0657894737,-4000000.0,-169000000.0,-0.06738437,-20000000.0,-137000000.0,-0.0546251994,-0.91,-0.9,150549450,151817000,https://www.sec.gov/Archives/edgar/data/1324424/000132442418000019/0001324424-18-000019-index.htm,https://www.sec.gov/Archives/edgar/data/1324424/000132442418000019/a10-qxq12018.htm,16.658978162988973,-0.910000003321168,11.132554785155309,9.85722631334754,29.584963611623955,38.72481765957963,-30.9798541276637,27.8645986418416,28.708175287256115,16622164774.5,17470164774.5,-30.332417471715328,6.627657406100479,9.91775941199284,11.200919659366576,3.962375393206198,3.962375393206198,6.965775428429027,144.38152706198346,10.423725999105011,11.772348230795147,-0.0082420070946578,0.0892783834195049,1.0181168057210963,0.2090655440794948,7.008264462809917,0.7437693924532078,-3.235294117647059,-11.248322147651006,0.0027673892434617,-0.3357664233576642,0.0793460925039872,0.1578947368421052,0.513681531156689,0.1145584725536992,0.0765550239234449,0.803347280334728,0.0199362041467304,,-0.0132998146627413,-0.0137896326119778,-54.558485600578415,-2560000000.0,-4664000000.0,-7168000000.0,9561000000.0,2157814000.0,2543500000.0,144027500.0,87.16507177033492,471.43737166324433,40.47227926078029,1.0325236722931248,0.1909055272442179,2.223744292237443,-0.0326579261025029,1.2753284718077682,2018-04-26,-0.64,amc,2562521739.0,2025-04-25,2018-03-31,-0.4375,116.38573770491804,2632337.704918033
2017-12-31,EXPE,USD,1324424,2018-02-09,2018-02-08 18:25:16,2017,Q4,2319208000.0,437278000.0,1881930000.0,0.8114537377,372156000,197558000.0,1123658000.0,1321216000.0,5217000.0,1764851000.0,2202129000.0,9287000.0,52073000.0,236834000.0,364813000.0,0.157300682,113475000.0,0.0489283411,-37569000.0,75906000.0,0.0327292765,23031000.0,55159000.0,0.0237835502,0.36,0.35,152252000,155974000,https://www.sec.gov/Archives/edgar/data/1324424/000132442418000006/0001324424-18-000006-index.htm,https://www.sec.gov/Archives/edgar/data/1324424/000132442418000006/q42017-10k.htm,15.23269316659223,0.3622875233166067,-0.8070238814596853,-2.0203675485379504,21.77466962667157,40.39948243701232,-28.810780810761106,29.7029595670336,28.250052544465756,18235222040.0,19637547040.0,82.64844377164198,7.862693660939424,-148.40948669743062,-59.28129269680272,4.032258123292502,4.032258123292502,8.4673505093118,53.82907692434206,-159.82247267459368,-63.840142520440175,0.0030248603432963,-0.0168687279664185,0.9395708190569696,0.2294847358134436,3.843955670439376,0.7031104155640088,2.179152343825015,-2.323801418439716,0.0024958292199659,0.8251056037999238,0.0851833901918241,0.1604668490277715,0.5691084850052075,-1.5034792587347705,0.0796539163369564,0.780014693836189,0.0197300112797127,15.560294414825927,0.0058993749599449,0.0069136914755621,-49.91718006988414,-2339101000.0,-4386499000.0,-6825137000.0,9773558000.0,1878589500.0,2570629000.0,57995500.0,73.21314862660012,521.9562841030191,14.212811986882487,1.2292873846884491,0.1724282334384858,6.332314821519079,0.0121970176910821,1.213343667078265,2018-02-08,1.16,amc,3175095238.0,2025-04-25,2017-12-31,-0.2758620689655172,129.76126984126984,2579635.476190476
2017-09-30,EXPE,USD,1324424,2017-10-27,2017-10-26 18:00:03,2017,Q3,2965848000.0,458559000.0,2507289000.0,0.8453868843,350061000,141298000.0,1460707000.0,1602005000.0,-31625000.0,2023077000.0,2481636000.0,9329000.0,44001000.0,227155000.0,686587000.0,0.2314977032,481728000.0,0.1624250467,-68569000.0,415431000.0,0.1400715748,66078000.0,352238000.0,0.1187646838,2.32,2.23,152088000,157760000,https://www.sec.gov/Archives/edgar/data/1324424/000132442417000061/0001324424-17-000061-index.htm,https://www.sec.gov/Archives/edgar/data/1324424/000132442417000061/a10-qxq32017.htm,19.50086791857346,2.316014412708432,-2.916831045184367,-4.02608358318868,24.857102466992792,41.01427463047709,-28.70700515491032,30.268134238072697,28.139872968281523,21891546720.0,22887396720.0,15.537468075562543,7.381209933887374,-49.34807596677299,-35.75186580850831,4.75549628754274,4.75549628754274,7.71698236726899,33.335027782349506,-51.59292792173394,-37.37822396495944,0.0160901376456053,-0.02797056817555,0.9201280786893224,0.2225208497590153,1.4504352689462516,0.7233317006255382,10.948114815572373,-1.2698187792862807,0.0020819908516724,0.1293954655658958,0.0476416862900593,0.1180306610453401,0.5570601923843114,-0.3802937231608489,0.0568822137884342,0.742682309436288,0.0021171010786796,39.71501341654467,0.0359687938967008,0.0417766218954672,-49.90929429014781,-2288754000.0,-4365991000.0,-6813651000.0,9836625000.0,1912584500.0,2560542000.0,47007500.0,56.7627167676833,511.3261761300072,9.2119879884595,1.58554778779087,0.1760128939245172,9.769878131924322,0.0765165898397278,1.1092525380043132,2017-10-26,2.62,amc,3095775298.0,2025-04-25,2017-09-30,-0.0419847328244276,148.1579365079365,1864278.047619048
2017-06-30,EXPE,USD,1324424,2017-07-28,2017-07-27 18:19:24,2017,Q2,2586052000.0,439007000.0,2147045000.0,0.8302404592,342530000,178952000.0,1443407000.0,1622359000.0,-12687000.0,2031168000.0,2470175000.0,9262000.0,42661000.0,217331000.0,316674000.0,0.1224546142,102768000.0,0.0397393401,-46086000.0,56682000.0,0.0219183528,3012000.0,56689000.0,0.0219210596,0.37,0.36,151582000,157033000,https://www.sec.gov/Archives/edgar/data/1324424/000132442417000039/0001324424-17-000039-index.htm,https://www.sec.gov/Archives/edgar/data/1324424/000132442417000039/a10-qxq22017.htm,17.06041614439709,0.3739823989655764,4.56648546661213,3.3128867543639746,24.94466361441332,38.4090195405787,-31.17167605652386,27.87980762887414,21.53030702853901,22578138900.0,22924261900.0,99.57019395297148,8.730736620918682,32.61808256897964,44.96078829250419,5.3425763184154,5.3425763184154,8.864578863843418,72.39072958310439,33.11811796352772,45.65003743722296,0.0025107915338407,0.022241602916173,0.7621597997386228,0.1729529671730731,1.092994688544055,0.6891828717061304,2.408944937999578,12.897279672070058,0.0018796057632544,0.7486108416094833,0.0691989178871886,0.1324528663770102,0.566344871743103,0.2745215596138093,0.073479960959795,0.8743483442306896,0.0193739337028025,15.316577298609026,0.0098501425391765,0.0070193820828876,-49.6791637529522,-2717941000.0,-4725065000.0,-6774571000.0,9308299000.0,1830989500.0,2313043000.0,40765500.0,68.02478063086124,515.7647600152161,9.651577309701212,1.3230472655014944,0.1744981568677643,9.32490069882538,0.0134140953891753,1.2535987122481562,2017-07-27,0.92,amc,2731386516.0,2025-04-25,2017-06-30,-0.0326086956521739,140.35968253968252,1848674.6984126985
2017-03-31,EXPE,USD,1324424,2017-04-28,2017-04-27 18:06:09,2017,Q1,2188736000.0,421687000.0,1767049000.0,0.8073376597,322040000,158153000.0,1270060000.0,1428213000.0,-21704000.0,1816929000.0,2238616000.0,6259000.0,42977000.0,208224000.0,16796000.0,0.0076738355,-72833000.0,-0.0332762837,-81255000.0,-131255000.0,-0.0599684019,-46716000.0,-86122000.0,-0.0393478245,-0.57,-0.57,150531000,150531000,https://www.sec.gov/Archives/edgar/data/1324424/000132442417000015/0001324424-17-000015-index.htm,https://www.sec.gov/Archives/edgar/data/1324424/000132442417000015/a10-qxq12017.htm,14.540101374467715,-0.5721213570626649,11.1169327248208,10.008396941493778,22.28540964983957,37.59397067713627,-31.271485607615706,27.165646943154567,21.350485946416352,18992496270.0,19660199270.0,-55.13253370218992,8.677381040929559,11.349353560294556,12.606414467526983,4.644468812541694,4.644468812541694,8.98244432859879,1170.528653846154,11.748353107933765,13.049607433820045,-0.0045345276774404,0.0793246963738906,0.7754272643150174,0.1794640256731231,39.75369135508454,0.6644261893809532,-1.6946971635991344,-19.79492305326536,0.0022244048070043,-0.4905482919579201,0.0722576866282639,0.1471351501505892,0.586702198766579,0.0997159747897,0.0762398937103424,0.8013917704011065,0.0215699837714553,,-0.0048615198652745,-0.0117934630784989,-48.87668486889744,-2691158000.0,-4707328000.0,-6681435000.0,9097190000.0,1535005000.0,2098292500.0,26592500.0,70.20604129506711,450.389506909153,7.353036731035105,1.281940960347577,0.1998270355311667,12.2398409381168,-0.0210604723774794,1.1085357833270224,2017-04-27,0.07,amc,2626440000.0,2025-04-25,2017-03-31,-0.2857142857142857,122.08112903225806,1864142.6129032257
2016-12-31,EXPE,USD,1324424,2017-02-10,2017-02-09 18:33:36,2016,Q4,2092829000.0,370841000.0,1721988000.0,0.8228039654,324098000,173897000.0,968555000.0,1142452000.0,5438000.0,1534572000.0,1905413000.0,5377000.0,42875000.0,198109000.0,356110000.0,0.1701572369,147186000.0,0.0703287273,-37117000.0,115126000.0,0.05500975,30244000.0,79457000.0,0.0379663126,0.53,0.51,150624000,155071000,https://www.sec.gov/Archives/edgar/data/1324424/000132442417000006/0001324424-17-000006-index.htm,https://www.sec.gov/Archives/edgar/data/1324424/000132442417000006/a2016-10k.htm,13.89439265986828,0.5275188548969619,0.1371361801572126,-1.0731888676439345,12.409204376460591,37.79678537284895,-31.174128956872742,27.43454562353941,21.25963325897599,17062686720.0,18425211720.0,53.68528487106234,8.152929226420314,826.0402168861348,-105.55457982777394,4.129100643926955,4.129100643926955,8.80397381725884,51.74022554828564,892.002891169636,-113.98354275957637,0.0046567695524096,-0.0094737717835799,0.7645464355089332,0.2002425472250247,3.8261351829490886,0.5631042117457278,3.432909620991253,0.2433495911971914,0.0022944803853258,0.4927193324691342,0.0830918340676663,0.1548611950618039,0.6584468205638571,8.82571649883811,0.0871088846723741,0.9202206865917248,0.0214135985309836,18.04509357329103,0.0112451620050072,0.0147446468842917,-47.694695068514974,-2676947000.0,-4695572000.0,-6634192000.0,9106632000.0,1394232000.0,2113986000.0,18578500.0,58.59934567038205,506.3335769238029,4.546341963267277,1.5358533268655392,0.1777484332498532,19.796135162547376,0.019228270157474,1.2103250478011471,2017-02-09,1.36,amc,2450543589.0,2025-04-25,2016-12-31,-0.1397058823529413,121.96849206349206,2203310.031746032
2016-09-30,EXPE,USD,1324424,2016-10-28,2016-10-27 17:54:06,2016,Q3,2580905000.0,416907000.0,2163998000.0,0.8384648021,301446000,165829000.0,1204521000.0,1370350000.0,-9050000.0,1748876000.0,2165783000.0,5827000.0,43374000.0,200635000.0,583564000.0,0.2261082837,386152000.0,0.1496188353,-46597000.0,339555000.0,0.1315643156,60627000.0,279331000.0,0.1082298651,1.86,1.81,150239000,154236000,https://www.sec.gov/Archives/edgar/data/1324424/000132442416000013/0001324424-16-000013-index.htm,https://www.sec.gov/Archives/edgar/data/1324424/000132442416000013/a10-qxq32016.htm,17.17866199854898,1.8592442707951995,-1.2141920539939697,-2.459294856861401,12.580994282443308,36.81861567236203,-33.741085869847375,25.86383029706002,21.61611831814642,17535896080.0,18895631080.0,15.694548832746811,6.794475612236793,-96.12976762289016,-47.46075879203858,4.512865985409274,4.512865985409274,7.321319878104774,32.37970656174816,-103.58367867382236,-51.140870407760055,0.0159290975907745,-0.0210700381842135,0.8246040152804242,0.198627354252473,2.3300529162182726,0.5469186356908246,8.902845022363628,-0.654000315493604,0.0022275451349504,0.1398412635905073,0.0642522680997557,0.1167985648445022,0.6571393981291322,-1.0254578744538672,0.072479614708794,0.9323547735938396,0.0187000296407655,32.89318336318535,0.0333467454522641,0.0505032863269165,-50.79536438607818,-2999144000.0,-5069227000.0,-6979880000.0,8941296000.0,1507924500.0,2143564500.0,30295000.0,49.720291913108,462.3290805863178,3.977289899186149,1.810126138384012,0.1946665346810188,22.6284737299175,0.071885882695671,1.2451028028674311,2016-10-27,2.47,amc,2645154771.0,2025-04-25,2016-09-30,-0.0242914979757085,113.09203125,2065121.671875
2016-06-30,EXPE,USD,1324424,2016-07-29,2016-07-28 17:55:49,2016,Q2,2195869000.0,406380000.0,1789489000.0,0.8149343153,317921000,192555000.0,1154993000.0,1347548000.0,127000.0,1749650000.0,2156030000.0,4955000.0,42939000.0,200204000.0,230948000.0,0.1051738514,25662000.0,0.0116864895,-37857000.0,-12195000.0,-0.00555361,-18202000.0,31649000.0,0.0144129727,0.21,0.21,149552000,153532000,https://www.sec.gov/Archives/edgar/data/1324424/000119312516662614/0001193125-16-662614-index.htm,https://www.sec.gov/Archives/edgar/data/1324424/000119312516662614/d209689d10q.htm,14.68297983310153,0.2116253878249706,4.191411682892907,2.771149834171392,15.613458863806567,35.10988819942227,-36.20854284797261,28.09928319246817,21.663274312613677,15897377600.0,16797700600.0,125.5756706373029,7.239674862207171,25.361383715624868,38.35952812410269,3.783014651010493,3.783014651010493,7.64968247195074,72.73369156693282,26.7976858306984,40.53195972309021,0.0019908314941201,0.0260691423722614,0.760736729184752,0.1911013524071613,3.8983797218421454,0.5591666437260256,0.59763851044505,32.51382333108564,0.0022502453486416,1.130304275016588,0.087689657260975,0.1447814054481392,0.6375818047980512,0.3388504771598222,0.0967284478263503,1.0609328484945355,0.0434333742131247,11.567054003600894,-0.0013618671052895,0.0052202572835198,-53.01938790521023,-3282778000.0,-5415060000.0,-7313811000.0,8618318000.0,1535655500.0,2075595500.0,42485000.0,65.16921546777154,475.1547320242138,9.33840248043703,1.381020154286009,0.1894119829483538,9.63762272921311,0.0075313447099495,1.4202618487215148,2016-07-28,0.73,amc,2063616867.0,2025-04-25,2016-06-30,0.1369863013698629,108.66375,2242959.59375
2016-03-31,EXPE,USD,1324424,2016-04-29,2016-04-28 17:55:13,2016,Q1,1903961000.0,402841000.0,1501120000.0,0.7884195107,293283000,147809000.0,1040607000.0,1188416000.0,-28195000.0,1571698000.0,1974539000.0,3567000.0,43960000.0,195254000.0,129733000.0,0.0681384755,-102355000.0,-0.0537589793,-100365000.0,-170943000.0,-0.0897828264,-49139000.0,-121861000.0,-0.0640039371,-0.81,-0.81,150818055,151052000,https://www.sec.gov/Archives/edgar/data/1324424/000119312516564423/0001193125-16-564423-index.htm,https://www.sec.gov/Archives/edgar/data/1324424/000119312516564423/d157052d10q.htm,12.624224599634308,-0.8080000766486479,7.288669781612023,6.177542867795238,13.870461331701964,35.587204728240266,-35.79226638349102,30.71051406941961,21.57202597527199,16261202690.099998,17407364690.1,-33.3601453502351,8.540722572626224,14.792822727682092,17.45354136870294,3.510849729062763,3.510849729062763,9.142710743602416,134.17838707268004,15.83548676713398,18.683744709960983,-0.0074939721447657,0.0572949626024414,0.6929401731545652,0.1958195475253147,8.834776040020659,0.545581176091843,-2.32836669699727,-9.024851400610816,0.002224558705121,-0.2968464069718778,0.0776323674697118,0.1540383442728081,0.6568202623495093,0.1524457750329084,0.0880154582998286,0.8582564249644054,0.0283435427511382,,-0.0077323522806998,-0.0216652138564493,-51.708499025531125,-3161828000.0,-5398120000.0,-7226719000.0,8777809000.0,1288744000.0,1910568000.0,27064000.0,70.01977981691851,448.1018813874457,9.56297894206399,1.2853510855835877,0.2008471817197809,9.4112933370713,-0.0263102100740548,1.111126913816784,2016-04-28,-0.07,amc,1269333333.0,2025-04-25,2016-03-31,-2.2857142857142856,106.6327868852459,3015701.7377049183
2015-12-31,EXPE,USD,1324424,2016-02-11,2016-02-10 17:59:59,2015,Q4,1698567000.0,338493000.0,1360074000.0,0.800718488,250570000,185954000.0,788936000.0,974890000.0,-1275000.0,1305803000.0,1644296000.0,2292000.0,36427000.0,176145000.0,206639000.0,0.1216549009,29477000.0,0.0173540402,-35410000.0,-5933000.0,-0.0034929443,6953000.0,-12538000.0,-0.0073815163,-0.098,-0.0935,127933553,134128000,https://www.sec.gov/Archives/edgar/data/1324424/000119312516457822/0001193125-16-457822-index.htm,https://www.sec.gov/Archives/edgar/data/1324424/000119312516457822/d104083d10k.htm,13.27694697887426,-0.098004000561135,-1.3560242479938005,-2.619195606956996,13.366610712359408,43.68083953706813,-40.635547736253365,38.02281642252209,25.30770016213026,15902140637.9,17427118637.9,-317.0788929235125,9.362092068137436,-91.66502751252298,-47.457318449160354,3.2690897649121347,3.2690897649121347,10.259894745335334,84.33605775240879,-100.45548871576716,-52.00836401100624,-0.0007884473094218,-0.0210715656231455,0.6581039693741914,0.2064832184497593,7.3799137626488704,0.5026581935218883,0.8092074560079062,13.462750271612602,0.0019716842350943,-2.500717817833785,0.1094769885438725,0.1475184670372143,0.6957575981958501,-0.9315256425775732,0.0951401975900862,0.917437338556303,0.0259230280583574,,0.0066843860286312,-0.0026580921394207,-57.6682862079192,-2947256000.0,-5198650000.0,-6936806000.0,8903898000.0,1185739000.0,1903756000.0,101145000.0,58.08366110962947,482.69367461070095,3.010874670968085,1.549489103831288,0.1864536552557607,29.89164606146238,-0.0025775050294034,1.2631713589631954,2016-02-10,1.01,amc,2205974025.0,2025-04-25,2015-12-31,-0.2376237623762376,126.61015625,2606489.703125
2015-09-30,EXPE,USD,1324424,2015-10-30,2015-10-29 18:56:01,2015,Q3,1937753000.0,328066000.0,1609687000.0,0.8306977205,202703000,130168000.0,943289000.0,1073457000.0,26283000.0,1307560000.0,1635626000.0,4165000.0,33259000.0,118556000.0,451131000.0,0.2328114058,344998000.0,0.1780402353,-2811000.0,342187000.0,0.176589586,65950000.0,283216000.0,0.1461569147,2.18,2.12,129989000,133417000,https://www.sec.gov/Archives/edgar/data/1324424/000119312515358395/0001193125-15-358395-index.htm,https://www.sec.gov/Archives/edgar/data/1324424/000119312515358395/d24786d10q.htm,14.907053673772396,2.178768972759233,-0.927039980306026,-2.1326189139081,11.468793513297278,23.645677711190945,-34.23412750309642,18.778881289955304,19.299202240189555,15297105520.0,16317191520.0,13.50303789333936,7.894249432203176,-126.94166648686776,-55.18097923287533,6.266613978913975,6.266613978913975,8.420676690992092,36.16951954088724,-135.40675922160906,-58.86071748846572,0.0185143522498235,-0.0181221865559831,1.014082885711383,0.199578369354605,2.2611746920517546,0.5341425014214191,10.373071950449502,-0.4362377234041783,0.002038424848363,0.1100997118806847,0.0671747121537161,0.1046072435444558,0.6065929533277225,-1.3004605618024148,0.080873052447861,1.3218394682681602,0.0328504200483756,30.34112700111647,0.0430988966016,0.0580415961766848,-52.21091592365508,-2767774000.0,-4450060000.0,-6156123000.0,5722524000.0,1236314500.0,1929080500.0,193838000.0,59.23047467866132,546.4987228179696,52.3886656953174,1.5194880758303948,0.1646847398579879,1.7179288459725814,0.1160222986192815,1.205578933602074,2015-10-29,2.01,amc,1881631884.0,2025-04-25,2015-09-30,0.0298507462686567,115.257109375,1739494.828125
2015-06-30,EXPE,USD,1324424,2015-07-31,2015-07-30 18:37:36,2015,Q2,1662600000.0,321082000.0,1341518000.0,0.8068795862,186516000,141394000.0,885480000.0,1026874000.0,-17023000.0,1240270000.0,1561352000.0,4693000.0,28515000.0,26880000.0,115798000.0,0.0696487429,90092000.0,0.0541874173,467965000.0,558057000.0,0.3356531938,131221000.0,449644000.0,0.2704462889,3.49,3.38,128887000,132960000,https://www.sec.gov/Archives/edgar/data/1324424/000119312515271360/0001193125-15-271360-index.htm,https://www.sec.gov/Archives/edgar/data/1324424/000119312515271360/d938206d10q.htm,12.899671805535082,3.488668368415744,4.740330677259926,1.900036466051657,26.248675196102013,21.201967615042637,-21.103742037598828,16.379510734209035,19.40499041796302,14093793450.0,13379200450.0,7.836084463486668,8.476959852038975,23.0680109564019,57.55152701212789,6.676023586688683,6.676023586688683,8.047155329002766,115.5391323684347,21.89840114114183,54.63351075993303,0.0319036887829514,0.0173757335715743,1.17120409870466,0.208971557124343,-6.171030587747629,0.8361597445673993,3.1594599333684026,1.4313858250007028,0.0016387355243949,0.0513650799299,0.0850439071334055,0.1121833273186575,0.4608426388062265,0.599176387595402,0.2201834476121737,3.448448995355935,0.0249572958017562,35.856803012017494,0.0117516030923172,0.0704851809062792,-36.619507785889965,-977836000.0,-2719998000.0,-4108876000.0,5341957000.0,1123840500.0,1560843000.0,204897500.0,64.81569830386142,523.065260587638,55.138251287833015,1.3885525012485782,0.1720626598273596,1.6322606883229118,0.2129897788173592,2.840294211208268,2015-07-30,0.85,amc,1587876404.0,2025-04-25,2015-06-30,0.0470588235294118,103.4395238095238,1550251.8095238097
2015-03-31,EXPE,USD,1324424,2015-05-01,2015-04-30 18:16:36,2015,Q1,1373397000.0,321918000.0,1051479000.0,0.7656045557,190455000,116397000.0,763381000.0,879778000.0,11470000.0,1095275000.0,1417193000.0,5545000.0,27994000.0,99487000.0,159132000.0,0.115867444,-51001000.0,-0.0371349289,82652000.0,31651000.0,0.0230457763,-910000.0,44143000.0,0.0321414711,0.35,0.34,127563000,131402000,https://www.sec.gov/Archives/edgar/data/1324424/000119312515163181/0001193125-15-163181-index.htm,https://www.sec.gov/Archives/edgar/data/1324424/000119312515163181/d893504d10q.htm,10.76642129771172,0.3460486191136928,8.239567899782852,7.434867477246537,15.91546921913094,18.46896043523592,-24.86438073736115,13.04093663523122,13.913564278043006,12007505190.0,12019084190.0,68.00345009401263,8.742923706692238,11.424142763904008,12.660615712125717,7.218039825889472,7.218039825889472,8.751354626520955,75.5290211271146,11.435159219609844,12.672824515454222,0.0036762840657993,0.0789851001513495,1.050086532282643,0.1723578522455848,0.072763491943795,0.6476231312872156,-1.8218546831463884,32.27984398513559,0.0019067241394213,0.5186552794327527,0.0847511680890521,0.1386743964054093,0.5454053284983811,0.0976629396497263,0.0747416806648041,1.0317930985957964,0.0210325200943354,10.076604466676557,-0.0110400855504372,0.0095809810266493,-38.05668767589348,-1896721000.0,-3171775000.0,-4293204000.0,4211966000.0,922907000.0,1402737500.0,208621000.0,68.82839412056383,351.03628874433866,59.57309004156338,1.307599881559793,0.2563837497312063,1.5107492315273248,0.0265355647982225,0.8047004225363154,2015-04-30,0.07,amc,4120200000.0,2025-04-25,2015-03-31,-1.4285714285714286,88.78786885245903,2211165.918032787
2014-12-31,EXPE,USD,1324424,2015-02-06,2015-02-05 18:01:23,2014,Q4,1355978000.0,284253000.0,1071725000.0,0.7903704927,181350000,118789000.0,624214000.0,743003000.0,15164000.0,948693000.0,1232946000.0,6532000.0,28406000.0,94996000.0,211398000.0,0.1559007595,94706000.0,0.069843316,-6710000.0,87996000.0,0.0648948582,31717000.0,65969000.0,0.0486504943,0.52,0.5,127683000,131639000,https://www.sec.gov/Archives/edgar/data/1324424/000119312515035706/0001193125-15-035706-index.htm,https://www.sec.gov/Archives/edgar/data/1324424/000119312515035706/d838066d10k.htm,10.619878918885052,0.5166623591237675,-1.5651496283765265,-2.259909306642231,13.772232795282063,19.217922511219196,-21.86811086832233,13.974193902085634,13.903127276144827,10899020880.0,11243107880.0,41.30357016174264,8.037756423776788,-54.537916664581694,-37.77142726440988,6.1084024308021165,6.1084024308021165,8.29151201568167,53.18455179329984,-56.25970326706464,-38.96388824198065,0.006052745538001,-0.0264750387376081,0.9789941751991154,0.1936455453100469,1.6276738663563517,0.6985330631070686,3.33401394071675,-3.5509337408269515,0.0021029411955764,0.347435916870045,0.0876039286773089,0.1337411078940809,0.5815604346436987,-0.4438934563632451,0.0654206779166033,0.933818266032254,0.0124426797484914,12.745534501810896,0.0125302924388254,0.0174773151766435,-32.18561789744915,-1262126000.0,-2792186000.0,-3642247000.0,4536988000.0,851238000.0,1623942000.0,166746000.0,52.79919733211011,490.7172483667719,64.6400565693238,1.7045713675133094,0.1834050062424791,1.3923255141876103,0.0369726055573521,0.694759678265705,2015-02-05,1.0,amc,1592511627.0,2025-04-25,2014-12-31,-0.14,84.79328125,2271921.5625
2014-09-30,EXPE,USD,1324424,2014-10-31,2014-10-30 18:29:37,2014,Q3,1712504000.0,299708000.0,1412796000.0,0.824988438,172754000,104999000.0,815800000.0,920799000.0,10172000.0,1112072000.0,1411780000.0,8075000.0,25558000.0,85988000.0,401071000.0,0.2342014968,296836000.0,0.1733344856,-7311000.0,289525000.0,0.1690652985,38904000.0,257059000.0,0.1501070946,2.01,1.94,127911000,132274000,https://www.sec.gov/Archives/edgar/data/1324424/000119312514390060/0001193125-14-390060-index.htm,https://www.sec.gov/Archives/edgar/data/1324424/000119312514390060/d787104d10q.htm,13.38824651515507,2.0096707867188903,0.7963349516460664,0.1516288669465487,20.7080626373025,19.71935173675446,-17.38867650163004,14.735151785225664,13.85549327266615,11207561820.0,10701525820.0,10.899795202657756,6.544546360183684,110.02907736108384,577.8583047177108,5.946324902323233,5.946324902323233,6.249051575937925,26.682372497637576,105.06112134301983,551.767250322248,0.0229362107591747,0.0017305280409329,0.9267418935179976,0.185327769117584,-1.2617117667445414,0.8447964608901455,11.614210814617731,0.4064304268197796,0.002047189243164,0.0892557739662879,0.0613131414583557,0.1008780125477079,0.5036107207775755,0.809591596308659,0.0481546320475747,0.959029166860492,0.0130242031551459,25.81255686316887,0.0526182309914002,0.0549451817829915,-27.43293188232443,-704889000.0,-2224203000.0,-3065848000.0,4566689000.0,955056500.0,1666001000.0,128020500.0,47.66604340778181,509.902004617828,38.83830261454482,1.8881365761796551,0.1765045031887158,2.317300034793366,0.1363861612022147,0.6447060846995176,2014-10-30,1.74,amc,1543911917.0,2025-04-25,2014-09-30,0.1091954022988505,83.858046875,1729805.25
2014-06-30,EXPE,USD,1324424,2014-08-01,2014-07-31 17:54:35,2014,Q2,1494632000.0,300501000.0,1194131000.0,0.7989464965,169075000,102540000.0,743616000.0,846156000.0,-7177000.0,1033495000.0,1333996000.0,6883000.0,22321000.0,83822000.0,212748000.0,0.1423413924,129220000.0,0.0864560641,-22615000.0,106605000.0,0.0713252493,20751000.0,89373000.0,0.0597959899,0.69,0.67,129538000,133668000,https://www.sec.gov/Archives/edgar/data/1324424/000119312514290046/0001193125-14-290046-index.htm,https://www.sec.gov/Archives/edgar/data/1324424/000119312514290046/d728841d10q.htm,11.53817412651114,0.6899365437169016,3.809723787614445,3.173122944618568,18.309692908644568,19.141441121524185,-17.789104355478703,14.479658478593151,9.817729160555205,10202412880.0,10018040880.0,28.5388564779072,6.826036696658441,20.67341476462197,24.82097333592837,5.439354810504643,5.439354810504643,6.702680579567412,47.08876642788651,20.29981698223317,24.37242331646555,0.0087599865885843,0.0402885086924653,0.6661356552819105,0.1352973617594868,-0.8666215428582172,0.7494971568856107,5.789167152009319,5.748177137931838,0.001884946259889,0.2151768431181676,0.06860551627424,0.1131214907749867,0.5180289748732759,0.1670989495525872,0.0551734473770132,0.9837990026484694,0.014059648127432,14.992532284798925,0.0237761160763102,0.02007966892238,-27.54235822692955,-1216912000.0,-2304365000.0,-3114320000.0,4076783000.0,965980000.0,1527841000.0,109931500.0,60.40408608941867,489.3776393422984,37.94842612836563,1.4899654282786314,0.1839070541125581,2.371639859201616,0.0476486751905723,0.6366008429958776,2014-07-31,0.8,amc,1102811650.0,2025-04-25,2014-06-30,0.2875,72.8702380952381,2204049.714285714
2014-03-31,EXPE,USD,1324424,2014-05-02,2014-05-01 17:36:08,2014,Q1,1200371000.0,294619000.0,905752000.0,0.7545600485,162975000,99045000.0,624699000.0,723744000.0,-481000.0,905211000.0,1199830000.0,5798000.0,21804000.0,80626000.0,82945000.0,0.0690994701,-2998000.0,-0.0024975612,-20026000.0,-19485000.0,-0.0162324815,319000.0,-14304000.0,-0.0119163159,-0.11,-0.11,130036363,130559000,https://www.sec.gov/Archives/edgar/data/1324424/000119312514177620/0001193125-14-177620-index.htm,https://www.sec.gov/Archives/edgar/data/1324424/000119312514177620/d697259d10q.htm,9.2310410127358,-0.1100000005383109,7.470510383314858,6.895678864841829,16.698905982167464,19.972013520556555,-17.046247286999254,15.343100606404995,9.775988582516725,9427636317.5,9193000317.5,-164.77272646637303,7.853935422881759,9.704825544707948,10.51383067875261,4.72525090331056,4.72525090331056,7.658465855556324,110.83248318162636,9.463290830191944,10.25216135973565,-0.0015172413867353,0.0951128119288528,0.6262301638815113,0.1405689700155607,-2.82881427451926,0.7450582176117125,-0.1374977068427811,-49.05261563320541,0.002079206212443,-1.3703859060402686,0.0825119900430783,0.1357705242795769,0.5415746879323413,0.0769467531638663,0.0622715810361963,0.927107880832486,0.0206777737882704,,-0.0006864154579402,-0.0035104795323876,-25.96677130996043,-1134301000.0,-2216632000.0,-2976335000.0,4169999000.0,803929500.0,1363623000.0,92664500.0,69.64056945727613,434.29958692412913,28.457533288755982,1.292350144483155,0.207230222431049,3.162607211481692,-0.0071693462332112,0.5748315184730289,2014-05-01,0.13,amc,1125375000.0,2025-04-25,2014-03-31,0.2307692307692307,72.43908196721311,2355095.8032786883
2013-12-31,EXPE,USD,1324424,2014-02-07,2014-02-06 18:22:53,2013,Q4,1152015000.0,248528000.0,903487000.0,0.7842666979,155039000,100460000.0,484226000.0,584686000.0,-1177000.0,761535000.0,1010063000.0,4942000.0,22015000.0,80584000.0,223060000.0,0.1936259511,138711000.0,0.1204072864,-18250000.0,120461000.0,0.1045654787,26474000.0,94717000.0,0.0822185475,0.72,0.7,131306000,135571000,https://www.sec.gov/Archives/edgar/data/1324424/000119312514039090/0001193125-14-039090-index.htm,https://www.sec.gov/Archives/edgar/data/1324424/000119312514039090/d648005d10k.htm,8.773513776978966,0.7213455592280626,-1.6161866175193822,-2.173396493686503,10.254999771526052,19.98275783284846,-16.380508126056693,16.339420894703974,9.68293147304769,9146775960.0,9375154960.0,24.142381937772523,7.939806304605408,-43.101458238107575,-32.05121578246548,4.263308990502754,4.263308990502754,8.138049383037547,42.02974518066888,-44.17762627523973,-32.85147858995024,0.0103552334083844,-0.0312000645088501,0.5823504845571867,0.161433563826825,1.0238456020801578,0.6736582684273617,6.300749488984783,-2.257918648323704,0.0021515777893831,0.2077768510404679,0.0872037256459334,0.1345807129247449,0.6169296106547713,-0.3447682774544683,0.0635104577631367,0.9079345775836394,0.0182028879832293,16.284756547518324,0.0243472934615821,0.0319475466191935,-24.47506397270498,-1075094000.0,-2150859000.0,-2896338000.0,4180323000.0,687084000.0,1425126000.0,55527500.0,53.04860613794092,472.7806524818129,33.378452327303165,1.6965573000349026,0.1903631198264022,2.696350301610033,0.04414755968872,0.557209876167121,2014-02-06,0.86,amc,1076869565.0,2025-04-25,2013-12-31,0.0697674418604651,58.81846875,2856244.40625
2013-09-30,EXPE,USD,1324424,2013-10-31,2013-10-30 17:46:36,2013,Q3,1401860000.0,276318000.0,1125542000.0,0.8028918722,143816000,92351000.0,625296000.0,717647000.0,-11287000.0,879977000.0,1156295000.0,6642000.0,21966000.0,71479000.0,312399000.0,0.2228460759,238691000.0,0.1702673591,-26611000.0,212080000.0,0.1512847217,45356000.0,170859000.0,0.1218802163,1.25,1.22,136380000,140451000,https://www.sec.gov/Archives/edgar/data/1324424/000119312513418920/0001193125-13-418920-index.htm,https://www.sec.gov/Archives/edgar/data/1324424/000119312513418920/d586992d10q.htm,10.27907317788532,1.2528156621205455,-1.6438847338319402,-2.2127071418096493,13.289477929315147,19.52611819914944,-15.578185951019211,16.09910544068045,9.322195336559613,7065847800.0,6920744800.0,10.338711744772006,5.0403376942062685,-31.51680828571811,-23.4147569829903,3.2181912337242373,3.2181912337242373,4.936830211290713,22.153543385222104,-30.869584688192763,-22.933915677223307,0.0241809624034075,-0.042708109280248,0.569045944700209,0.1523353341600002,-0.464479719845454,0.7270898547032731,10.866384412273511,-1.3446954247738778,0.0028954770296637,0.1197420094932078,0.0658774770661834,0.1025894169175238,0.5837299018119613,-0.346023292431075,0.0553379082076669,1.085297779767484,0.0128679040703065,21.302752344470125,0.0418830134402694,0.0500453269323991,-23.430303196949698,-1015613000.0,-2124553000.0,-2832832000.0,4236685000.0,690006000.0,1605787500.0,24559500.0,44.628086970168205,503.12846068660025,6.150413653833627,2.0166672181167167,0.1788807571672261,14.63316210347932,0.0778189612296615,0.5688224079777093,2013-10-30,1.35,amc,1323472027.0,2025-04-25,2013-09-30,0.0592592592592591,53.44840625,3942998.125
2013-06-30,EXPE,USD,1324424,2013-07-26,2013-07-25 18:26:23,2013,Q2,1205017000.0,262607000.0,942410000.0,0.7820719542,140682000,91891000.0,590468000.0,682359000.0,7488000.0,841878000.0,1104485000.0,7278000.0,21629000.0,69976000.0,179028000.0,0.1485688584,94286000.0,0.0782445393,-6863000.0,87423000.0,0.072549184,24408000.0,71500000.0,0.0593352625,0.52,0.51,136351000,141112000,https://www.sec.gov/Archives/edgar/data/1324424/000119312513303051/0001193125-13-303051-index.htm,https://www.sec.gov/Archives/edgar/data/1324424/000119312513303051/d542524d10q.htm,8.837610285219764,0.5243819260584814,2.3360224714156845,1.8176250999259265,16.649925559768537,19.77197086930056,-15.347654215957345,16.338743390220827,9.321581799913458,8468760610.0,8406321610.0,29.61105108391608,7.027917954684456,26.58792916592103,34.170962979401615,3.8013939332185416,3.8013939332185416,6.976102088186308,46.95534558839958,26.39190004363947,33.91902519821655,0.0084427938505632,0.0292646127825781,0.5608114537903693,0.1428824660662463,-0.3487666733695287,0.7750601294921385,4.359239909380924,5.054653653891931,0.0020827132578494,0.2466853146853146,0.0762570154611926,0.1167469006661316,0.547637628864093,0.2219145482687061,0.0586580936202559,1.01011775465874,0.0133491892645497,13.884314491095116,0.0149920871902154,0.01807609657439,-23.82937968918453,-947202000.0,-2092668000.0,-2784458000.0,4282121000.0,656333500.0,1567944500.0,29750500.0,51.15176798335625,571.2654270449759,10.36240465791087,1.7594699762730426,0.1575449795124994,8.685242756978436,0.0320943853229458,0.5183973714897581,2013-07-25,0.79,amc,1487421875.0,2025-04-25,2013-06-30,-0.189873417721519,59.27753125,2793982.0
2013-03-31,EXPE,USD,1324424,2013-04-26,2013-04-25 21:53:26,2013,Q1,1012367000.0,250581000.0,761786000.0,0.7524800789,138283000,92376000.0,496155000.0,588531000.0,2188000.0,739384000.0,989965000.0,5917000.0,21748000.0,61436000.0,-36087000.0,-0.0356461639,-105628000.0,-0.1043376562,-13643000.0,-119271000.0,-0.1178139943,-11903000.0,-104226000.0,-0.1029527829,-0.77,-0.77,135358441,135641000,https://www.sec.gov/Archives/edgar/data/1324424/000119312513175029/0001193125-13-175029-index.htm,https://www.sec.gov/Archives/edgar/data/1324424/000119312513175029/d508099d10q.htm,7.479156767179374,-0.7700000031767505,6.50930221632798,5.865411821638815,15.434102111149462,19.39483774048491,-16.110343646762303,15.950937259982185,9.390688830406964,8189185680.5,8355748680.5,-19.642857061817587,8.0891471971133,9.294391009875278,10.31470625418014,3.792880569581501,3.792880569581501,8.253675475889672,-231.54456398426024,9.483433206520568,10.52450103535185,-0.012727272779781,0.0969489557295671,0.5786505821423246,0.1481616190844384,-4.6155956438606704,0.7481529410258798,-4.856906382196064,-8.206253259816705,0.0021959448352503,-0.1725385220578358,0.0912475416523849,0.1365937451536844,0.5699343723391387,0.0989184974503143,0.0860913087842649,1.4186470473338109,0.0741608527342357,,-0.0213768272712006,-0.0287401550919427,-23.88142531872098,-1003436000.0,-2180671000.0,-2826294000.0,4221731000.0,544661500.0,1353059500.0,32182000.0,55.81106456453045,527.6206496103056,10.510972499910208,1.6125834671356118,0.1705770994112397,8.562480779087647,-0.0482730256301948,0.6438903946891646,2013-04-25,0.23,amc,931408000.0,2025-04-25,2013-03-31,0.0869565217391303,64.16029999999999,2194657.2333333334
2012-12-31,EXPE,USD,1324424,2013-02-06,2013-02-05 18:08:55,2012,Q4,974859000.0,225132000.0,749727000.0,0.7690619874,134344000,98418000.0,393636000.0,492054000.0,-998000.0,636576000.0,861708000.0,5822000.0,22306000.0,57571000.0,63905000.0,0.0655530697,1510000.0,0.0015489419,-17482000.0,-15972000.0,-0.0163839078,-23067000.0,6734000.0,0.0069076656,0.05,0.05,135046000,140756000,https://www.sec.gov/Archives/edgar/data/1324424/000119312513039072/0001193125-13-039072-index.htm,https://www.sec.gov/Archives/edgar/data/1324424/000119312513039072/d446158d10k.htm,7.218718066436621,0.0498644906180116,-1.5485019919138665,-1.9832945811056968,14.35172459754454,17.693141596196853,-10.720058350487982,16.88505398160627,9.416428476222915,8297226240.0,8253410240.0,308.0348321948322,8.511206482168191,-39.67705583901989,-30.97875655251721,3.63872096985474,3.63872096985474,8.466260495107498,129.15124387763086,-39.46752920585887,-30.815163906271003,0.0008115965269858,-0.0322801852393505,0.547896094259468,0.176331773507998,-0.685642750958454,0.8766698040546409,0.0676947906392898,-29.47413671599718,0.0106002894769806,13.06103356103356,0.100956138272304,0.137808647199236,0.5415643464999905,-0.280782712235617,0.0602312744714876,1.019905855378576,0.0160905320666886,4.35249398122899,-0.000163486089982,0.002073208201949,-17.72704300756779,-367809000.0,-1447701000.0,-2081305000.0,3878653000.0,513935000.0,1322964000.0,17549500.0,42.60902345877712,494.5498640797399,14.031368263951816,2.112228647696471,0.1819836714897744,6.414199834753127,0.0029531733018047,0.4347925891918309,2013-02-05,0.65,amc,1005849206.0,2025-04-25,2012-12-31,-0.0307692307692307,58.13302580645161,2461491.3870967743
2012-09-30,EXPE,USD,1324424,2012-10-26,2012-10-25 18:13:15,2012,Q3,1199020000.0,243633000.0,955387000.0,0.7968065587,125617000,87450000.0,505756000.0,593206000.0,9474000.0,728297000.0,971930000.0,7759000.0,22101000.0,19776000.0,279787000.0,0.2333463996,227090000.0,0.1893963403,-22752000.0,204338000.0,0.1704208437,36150000.0,171477000.0,0.143014295,1.26,1.21,135968000,141423000,https://www.sec.gov/Archives/edgar/data/1324424/000119312512435807/0001193125-12-435807-index.htm,https://www.sec.gov/Archives/edgar/data/1324424/000119312512435807/d403378d10q.htm,8.81839844669334,1.2611570369498706,0.3920996116733349,-0.0474376323840903,17.335343610261237,18.18302100494234,-10.024204224523418,17.394585490703694,9.350942868910332,7742017920.0,7676617920.0,11.287254150702426,6.456954779736785,145.21820043891734,-1200.3128558139535,3.273432415531306,3.273432415531306,6.402410235025271,27.437364566616747,143.9914827527995,-1190.1733209302326,0.0221488766587613,-0.0008331161289794,0.5282331835303857,0.1664092152382297,-0.2337492449613455,0.9371944707099632,10.275100674177638,0.3169845648916689,0.0023328543264337,0.105326078716096,0.072934563226635,0.104766392553919,0.5108553838694704,1.120983625007034,0.0498432052843155,3.021996359223301,0.0127921135594068,22.21687056427185,0.0444085299487086,0.0466949052156899,-16.57338307542951,-207169000.0,-1362971000.0,-1943846000.0,4021565000.0,539597500.0,1342010000.0,0.0,42.51014161565279,520.4324537316373,0.0,2.117141853200998,0.1729331046799183,0.0,0.072502850822394,0.4395372440574253,2012-10-25,1.26,amc,1144500000.0,2025-04-25,2012-09-30,0.0476190476190476,52.40440158730159,3185604.8571428573
2012-06-30,EXPE,USD,1324424,2012-07-27,2012-07-26 18:21:19,2012,Q2,1039980000.0,229741000.0,810239000.0,0.7790909441,116026000,86568000.0,444573000.0,531141000.0,8631000.0,655798000.0,885539000.0,7072000.0,21989000.0,80869000.0,204150000.0,0.196301852,154441000.0,0.1485038174,-19577000.0,134864000.0,0.1296794169,28755000.0,105241000.0,0.1011952153,0.79,0.76,132556000,138192000,https://www.sec.gov/Archives/edgar/data/1324424/000119312512317259/0001193125-12-317259-index.htm,https://www.sec.gov/Archives/edgar/data/1324424/000119312512317259/d370105d10q.htm,7.845589788466762,0.7939361477413319,4.112767434141042,3.611824436464589,18.056164941609584,17.66783849844594,-11.279315911765591,16.857546999004196,9.590671112586378,6371966920.0,6277932920.0,15.13660769091894,6.127009096328775,11.687993734087591,13.30906328521688,2.851541805153477,2.851541805153477,6.03659004980865,30.751569532206712,11.51550872018372,13.11265541419766,0.0165162502130503,0.0751367679730515,0.559084100781851,0.1664618280698874,-0.4606122948812148,0.894592898641667,7.023557233162036,5.137848815840315,0.0019154211177229,0.1159719120874944,0.0832400623088905,0.1115656070309044,0.5112684767789779,0.1218019267313801,0.0638502663512759,0.821118104588903,0.0,17.353266502507573,0.0299665995072816,0.0286918374897116,-17.992569178309544,-363674000.0,-1495141000.0,-2076607000.0,3849973000.0,463705500.0,1159720000.0,0.0,44.38262274274505,499.5507114533322,0.0,2.0278206748093037,0.1801618893468591,0.0,0.0470967779468881,0.5009429976764537,2012-07-26,0.71,amc,829662921.0,2025-04-25,2012-06-30,0.2535211267605635,41.10642857142857,4357817.428571428
2012-03-31,EXPE,USD,1324424,2012-04-27,2012-04-26 18:28:06,2012,Q1,816488000.0,200098000.0,616390000.0,0.7549284252,108911000,78578000.0,377072000.0,455650000.0,3146000.0,567707000.0,767805000.0,5743000.0,21392000.0,37736000.0,85955000.0,0.1052740518,48683000.0,0.0596248812,-21856000.0,26827000.0,0.032856576,5240000.0,-3281000.0,-0.0040184302,-0.0246,-0.0236,133202000,139306000,https://www.sec.gov/Archives/edgar/data/1324424/000119312512186822/0001193125-12-186822-index.htm,https://www.sec.gov/Archives/edgar/data/1324424/000119312512186822/d318853d10q.htm,6.129697752286002,-0.0246317622858515,6.364889416074834,5.983408657527665,14.997424963589136,16.18218194921998,-11.053054758937554,15.381450728968034,9.539556463116169,4454274880.0,4431062880.0,-339.399183175861,5.455407648367153,5.253822621889655,5.588787581461527,2.1740472072001715,2.1740472072001715,5.4269785716385295,51.55096131696818,5.2264440397444725,5.559663438736665,-0.0007365957621367,0.1789296847346789,0.6097577165615665,0.1832300482401249,-0.2700482810773079,0.8609191493273741,2.2757572924457743,39.27437809792931,0.0027398398906176,-3.719597683633039,0.096239013923046,0.1333895905389913,0.5320754811069166,0.0599351746133595,0.0622348399486581,1.346565613737545,0.0207608685002106,,0.010265729867884,-0.0010283993047882,-17.67301354334019,-417547000.0,-1472289000.0,-2078042000.0,3553781000.0,376991000.0,997852500.0,0.0,45.695650150400255,469.6814560865176,0.0,1.9695528940671323,0.1916192322130375,0.0,-0.0016013939595087,0.3814807585471689,2012-04-26,0.15,amc,808323117.0,2025-04-25,2012-03-31,0.7333333333333335,32.41459677419355,3811865.85483871
2011-12-31,EXPE,USD,1324424,2012-02-10,2012-02-09 20:15:27,2011,Q4,462363000.0,175209000.0,287154000.0,0.6210574808,50777000,1527383000.0,331412000.0,384154000.0,-22956000.0,433900000.0,609109000.0,5363000.0,-3814000.0,21105000.0,-122347000.0,-0.2646124365,-144954000.0,-0.3135069199,5316000.0,-139638000.0,-0.3020094601,-62474000.0,70328000.0,0.1521055967,0.52,0.52,133656000,136176000,https://www.sec.gov/Archives/edgar/data/1324424/000119312512050009/0001193125-12-050009-index.htm,https://www.sec.gov/Archives/edgar/data/1324424/000119312512050009/d269044d10k.htm,3.45935087089244,0.5261866283593704,-1.4620967259232658,-1.716047165858622,10.01042227808703,17.24701472436703,-9.846411683725384,16.45914885975938,9.318451846531394,3878697120.0,4438844120.0,13.787883630986236,8.388857066850072,-19.84820804634169,-16.91095709801186,1.7631531403759506,1.7631531403759506,9.600344577745192,-36.280776153072814,-22.714612369382557,-19.3531745727241,0.0181318617629004,-0.0591332586443357,0.5678901059338214,0.1920417299359994,-4.578346833187573,0.8907602814647541,38.00576822233875,2.532502203099891,0.0048516291470575,0.2675747924013195,3.303428258749078,0.1098206387621846,0.5566572455696607,-0.1736892200309081,0.0734098532970847,1.6082444918265817,0.0390061488484156,13.959338845163463,-0.0202691370984441,0.0243850767269324,-19.509545026036992,-278928000.0,-1316032000.0,-1925662000.0,3662553000.0,385245500.0,1029163000.0,0.0,66.07023053315253,488.7370511788778,0.0,1.3621868619762127,0.1841481012804572,0.0,0.0319692490081205,0.2539504399353564,2012-02-09,0.53,amc,719246551.0,2025-04-25,2011-12-31,0.0943396226415093,27.82888888888889,4268677.0
2011-09-30,EXPE,USD,1324424,2011-11-07,2011-11-07 13:23:14,2011,Q3,1140835000.0,209677000.0,931158000.0,0.816207427,116877000,108175000.0,408102000.0,516277000.0,7959000.0,641113000.0,850790000.0,5893000.0,32049000.0,49380000.0,268028000.0,0.2349401973,289353000.0,0.2536326463,62086000.0,271185000.0,0.2377074687,60779000.0,209534000.0,0.1836672262,1.54,1.5,136176000,139684000,https://www.sec.gov/Archives/edgar/data/1324424/000119312511299302/0001193125-11-299302-index.htm,https://www.sec.gov/Archives/edgar/data/1324424/000119312511299302/d238383d10q.htm,8.377650981083304,1.5386999177534957,0.0418502526142638,-0.4344084126424627,14.73034161673129,22.30951122077312,-10.239609035365996,21.27977764070027,12.318345376571497,3506532000.0,3698438000.0,4.183726746017353,3.0736539464515027,615.2889980698368,-59.27601595780648,1.2100690352492154,1.2100690352492154,3.241869332550281,13.798700135806708,648.9626250219337,-62.52008249374535,0.0597553366117862,-0.016870229617183,0.5678158737936949,0.2143391879018581,0.7159923590072679,0.99308328004498,9.028456426097538,0.027085729494406,0.0054606659799482,0.0913837372455066,0.0948208987276863,0.1024486450713731,0.5773859621401587,11.380066678364626,0.0568487116892451,1.3133859862292423,0.0131999807158791,27.142620035196657,0.0443643780237418,0.0645857902261029,-16.95927329338503,-18096000.0,-1394389000.0,-2040490000.0,4755285000.0,450276000.0,1123256500.0,0.0,34.00646018048184,475.1031825140573,0.0,2.646555963847596,0.1894325344733658,0.0,0.0723080825248162,0.4762586652567266,2011-10-27,1.46,amc,967487012.0,2025-04-25,2011-09-30,0.0547945205479452,29.17484375,5410520.625
2011-06-30,EXPE,USD,1324424,2011-07-29,2011-07-28 18:37:21,2011,Q2,1023634000.0,198544000.0,825090000.0,0.8060400495,110161000,86945000.0,393969000.0,480914000.0,7046000.0,598121000.0,796665000.0,5536000.0,31218000.0,43211000.0,181319000.0,0.177132647,226969000.0,0.2217286647,52633000.0,196340000.0,0.1918068372,55450000.0,140393000.0,0.13715156,1.03,1.01,136796000,139053000,https://www.sec.gov/Archives/edgar/data/1324424/000119312511201168/0001193125-11-201168-index.htm,https://www.sec.gov/Archives/edgar/data/1324424/000119312511201168/d10q.htm,7.482923477294658,1.026294628497909,3.5871005000146203,3.163396590543583,16.744714757741455,22.031696833240737,-10.659463727009562,21.05379543261499,12.25514634930846,3965716040.0,4201945040.0,7.061812269842513,3.87415427779851,8.081736210034215,9.164200305033043,1.3769488780674113,1.3769488780674113,4.104929144596604,23.174322823311403,8.563147497152034,9.71009160234783,0.0354016774231772,0.1091202687321001,0.5712479709729781,0.2044972472669368,1.3028364374389887,0.9852844400105532,7.270452943814466,3.495195629411723,0.004849565578074,0.1369868868105959,0.0849375851134292,0.107617566434878,0.5558565603148282,0.1181187729391217,0.0566227772817237,1.34134826780218,0.0131697462178864,22.04918221033828,0.0322694100911305,0.0392899251299304,-17.461789818415742,-44119000.0,-1458172000.0,-2077429000.0,4745888000.0,451766500.0,1072571500.0,0.0,41.27834753437264,516.6006527520348,0.0,2.180319837780732,0.1742158077434707,0.0,0.0487463000095483,0.4237039094710371,2011-07-28,0.98,amc,813934545.0,2025-04-25,2011-06-30,0.1224489795918368,25.903174603174605,6194500.888888889
2011-03-31,EXPE,USD,1324424,2011-04-29,2011-04-28 19:10:42,2011,Q1,822177000.0,177842000.0,644335000.0,0.7836937788,103184000,82701000.0,341158000.0,423859000.0,7951000.0,534994000.0,712836000.0,3426000.0,31265000.0,41238000.0,154005000.0,0.1873136806,108241000.0,0.1316517003,39027000.0,74185000.0,0.0902299626,21976000.0,52039000.0,0.0632941569,0.38,0.37,136930000,139084000,https://www.sec.gov/Archives/edgar/data/1324424/000119312511115909/0001193125-11-115909-index.htm,https://www.sec.gov/Archives/edgar/data/1324424/000119312511115909/d10q.htm,6.004359891915577,0.3800408968085883,5.324545388154531,4.951515372818228,13.304841890016798,20.22273424377419,-12.35510114657124,19.740648506536186,12.242233257868984,3102833800.0,3794728800.0,14.906290474451854,3.7739243496230137,4.255762388731158,4.57637678444745,1.147885288190872,1.147885288190872,4.615464553253132,24.640296094282657,5.204746739085709,5.596854328322107,0.0167714429306526,0.2185134762938317,0.6085871449938534,0.2205892843637916,4.492678809129574,0.9150244262838876,3.4620502158963697,14.010453698187897,0.0062368793326925,0.3718749399488845,0.1005878296279268,0.1255009566066674,0.5981669944759619,0.0700585661578131,0.0621265250669867,1.238639119258936,0.0210076419067913,12.992332725309971,0.0158545555022879,0.0173654063379611,-18.55782699189367,-225430000.0,-1691784000.0,-2261039000.0,4536654000.0,381256500.0,943997000.0,0.0,47.5129442930172,508.8500466706402,0.0,1.8942206453247936,0.1768693951958182,0.0,0.0192516926018289,0.3730300153363032,2011-04-28,0.52,amc,756912000.0,2025-04-25,2011-03-31,-0.0384615384615384,23.24741935483871,7388466.032258064
2010-12-31,EXPE,USD,1324424,2011-02-11,2011-02-10 18:12:01,2010,Q4,808370000.0,176198000.0,632172000.0,0.7820329799,94939000,88365000.0,282454000.0,370819000.0,11625000.0,477383000.0,653581000.0,2890000.0,32886000.0,43422000.0,190615000.0,0.235801675,149247000.0,0.1846270891,-34940000.0,114307000.0,0.1414043074,42723000.0,71293000.0,0.0881935252,0.51,0.51,138020000,140607500,https://www.sec.gov/Archives/edgar/data/1324424/000119312511030900/0001193125-11-030900-index.htm,https://www.sec.gov/Archives/edgar/data/1324424/000119312511030900/d10k.htm,5.856904796406318,0.5165410810027532,-1.1609476887407622,-1.464273293725547,8.911454861614258,19.828307491667875,-12.341428778437908,19.36345457180119,12.156064338501666,3462921800.0,4393483800.0,12.143274234497076,4.283832650890063,-21.61165420572413,-17.134779489260215,1.2957398643389968,1.2957398643389968,5.4349911550403895,23.048992996353903,-27.41917320918157,-21.73926540952701,0.0205875281388104,-0.0583608327511178,0.6154787348683501,0.2473155140419612,4.881892820606983,0.9006081231277323,4.538314176245211,-2.238405230219043,0.0055591783793673,0.2700265103165808,0.10931256726499,0.1174449818771107,0.6675794625585288,-0.2612741365752586,0.0517894033672699,0.9641426005250796,0.0162376139639026,15.001514740868087,0.0196290014760565,0.0322457503119732,-17.66396899000145,-187793000.0,-1703364000.0,-2212664000.0,4529335000.0,368278500.0,959145000.0,0.0,36.57003599836709,450.7687374431038,0.0,2.461031211563988,0.1996589215802922,0.0,0.0266760809176574,0.3033256049847848,2011-02-10,0.72,amc,829800000.0,2025-04-25,2010-12-31,-0.111111111111111,27.09890625,4421487.15625
2010-09-30,EXPE,USD,1324424,2010-10-29,2010-10-28 18:23:01,2010,Q3,987860000.0,190033000.0,797827000.0,0.8076316482,93297000,75581000.0,344019000.0,419600000.0,8126000.0,521023000.0,711056000.0,2454000.0,26993000.0,8126000.0,304402000.0,0.3081428543,276804000.0,0.2802056972,-38196000.0,238608000.0,0.2415402992,60584000.0,176550000.0,0.1787196566,1.26,1.24,140607500,143142000,https://www.sec.gov/Archives/edgar/data/1324424/000119312510240037/0001193125-10-240037-index.htm,https://www.sec.gov/Archives/edgar/data/1324424/000119312510240037/d10q.htm,7.025656526145476,1.255622921963622,0.0311789911633447,-0.2546948064648045,11.054403214622264,19.71341500275589,-11.846096403107945,19.272677488754155,11.8892733317924,3969349725.0,4663206725.0,5.620716121495327,4.018129821027271,905.4173642791972,-110.8385380598682,1.464767934630388,1.464767934630388,4.7205137620715485,15.319238129184434,1063.6876653740876,-130.2135240980677,0.0444783181708686,-0.0090221327121786,0.6069369046560312,0.2305884932594636,2.279410122141116,0.9277794559585384,10.254658615196533,0.0246258931380038,0.0049637853464776,0.1116001132823562,0.0765098293280424,0.0944435446318304,0.6221316601850537,9.168795620437956,0.0406899763124329,1.035952681631917,0.0,23.334145613372485,0.0434552392815563,0.0655044435795442,-17.78346283093007,-171901000.0,-1665650000.0,-2152565000.0,4527435000.0,399387000.0,1019489500.0,0.0,37.1793675217136,490.5545352649276,0.0,2.4206974459002817,0.1834658402483117,0.0,0.0651504142429765,0.2858737976281493,2010-10-28,1.17,amc,659631818.0,2025-04-25,2010-09-30,0.1282051282051283,23.69546875,5631660.8125
2010-06-30,EXPE,USD,1324424,2010-07-30,2010-07-29 18:31:59,2010,Q2,833960000.0,168571000.0,665389000.0,0.7978668042,87420000,79105000.0,296830000.0,375935000.0,8344000.0,471699000.0,640270000.0,1221000.0,20209000.0,38659000.0,234387000.0,0.2810530481,193690000.0,0.2322533455,-18171000.0,175519000.0,0.2104645307,60166000.0,114262000.0,0.1370113675,0.8,0.8,142044000,144487500,https://www.sec.gov/Archives/edgar/data/1324424/000119312510170982/0001193125-10-170982-index.htm,https://www.sec.gov/Archives/edgar/data/1324424/000119312510170982/d10q.htm,5.87113852045845,0.804412717186224,2.209216862380671,1.9033046098392048,7.935146855903804,18.7727323927797,-12.190152347160035,18.3459632226634,6.445770324688125,2667586320.0,2767106320.0,5.836556160403284,3.198698162981438,8.500749890059463,9.867049080276526,1.0236584349411766,1.0236584349411766,3.31803242361744,11.805715846015351,8.817888504362568,10.235160401401131,0.0428334780184357,0.1013474233141216,0.3435904362888699,0.1351937687663429,0.4245969273039887,0.7017917287345269,9.584343609282993,2.7203973888845545,0.0074606770363104,0.1741786420682291,0.0948546692886949,0.1048251714710537,0.6640740437639497,0.1384709024046704,0.0521044174780565,1.124007346284177,0.0,18.22220727080496,0.0315424988126739,0.0513582781748667,-17.854934034524515,-771531000.0,-1731538000.0,-2140649000.0,3883573000.0,383677000.0,950405000.0,0.0,42.16227396997458,535.5995989820314,0.0,2.1346097239464017,0.1680359734605017,0.0,0.0438468510714392,0.305912252541466,2010-07-29,0.84,amc,796090909.0,2025-04-25,2010-06-30,0.0476190476190476,22.52015873015873,6012347.174603174
2010-03-31,EXPE,USD,1324424,2010-04-30,2010-04-29 18:47:44,2010,Q1,717919000.0,158030000.0,559889000.0,0.7798776742,86791000,71058000.0,280838000.0,351896000.0,9028000.0,447715000.0,605745000.0,595000.0,21203000.0,34643000.0,147980000.0,0.206123532,112174000.0,0.1562488247,-20040000.0,92134000.0,0.1283348121,31535000.0,59395000.0,0.0827321745,0.42,0.4,144301000,147251000,https://www.sec.gov/Archives/edgar/data/1324424/000119312510099770/0001193125-10-099770-index.htm,https://www.sec.gov/Archives/edgar/data/1324424/000119312510099770/d10q.htm,4.975149167365437,0.4116049091828885,4.293296650750861,4.087650120234787,7.234627618658221,18.06548118169659,-12.380413164149935,17.593876688311237,6.350829169583024,3600309950.0,3498076950.0,15.154095252125598,5.014925012431765,5.811385056664197,6.103751364749123,1.418107017686211,1.418107017686211,4.872523153726256,23.638849506690093,5.64636722854694,5.9304316167445394,0.0164971907488131,0.1638336721536988,0.3526166154747847,0.139433384248601,-0.6908568725503447,0.700872727421476,5.290477762580767,10.223386524530108,0.0056161831288997,0.340432696354912,0.0989777398285879,0.1208924683703871,0.6842758109179218,0.0478994458675731,0.0413347466775499,0.8565944057962648,0.0263149463936739,12.764749718287232,0.0185570644403855,0.0293005074249,-17.235765864408425,-731257000.0,-1786506000.0,-2100226000.0,3897992000.0,342243000.0,855495000.0,0.0,47.2201042178853,511.20888438904,0.0,1.90596783913728,0.1760532783141308,0.0,0.0233947819729999,0.205646530516074,2010-04-29,0.45,amc,621259615.0,2025-04-25,2010-03-31,0.1555555555555555,22.795245901639344,4955037.180327869
2009-12-31,EXPE,USD,1324424,2010-02-11,2010-02-11 13:06:52,2009,Q4,697518000.0,145540000.0,551978000.0,0.7913458864,85518000,82030000.0,234839000.0,316869000.0,3169000.0,405556000.0,551096000.0,965000.0,20603000.0,52158000.0,189379000.0,0.2715041046,140851000.0,0.2019317064,-24233000.0,116618000.0,0.1671899507,12405000.0,102226000.0,0.1465567914,0.71,0.71,144213000,144213000,https://www.sec.gov/Archives/edgar/data/1324424/000119312510028438/0001193125-10-028438-index.htm,https://www.sec.gov/Archives/edgar/data/1324424/000119312510028438/d10k.htm,4.836720683988268,0.7088542641786801,-1.0007974315769037,-1.202478278657264,4.773446221907872,19.067116002024783,-11.630705969642127,18.60221339268998,6.349559332376416,3710600490.0,3963142490.0,9.07450279283157,5.319720050235262,-25.70949843412227,-21.397475910110547,1.3831687367972565,1.3831687367972565,5.681778090314515,20.92704307235755,-27.459276716922567,-22.85377964743128,0.027549718778806,-0.0467344842074335,0.3336535353998481,0.1507600608776323,1.333526948605706,0.6675808980320502,6.836431587632869,-1.3849327818986117,0.0,0.0,0.1176026998586416,0.1226032876570927,0.7456474109826321,-0.2015201485505238,0.041697848657669,0.5576325779362705,0.1424221310417795,17.224715134010953,0.0306838680501365,0.0676934650040294,-15.727945816257895,-610008000.0,-1677299000.0,-1962381000.0,4053837000.0,337876000.0,883640500.0,0.0,39.71729761812598,502.9734780816271,0.0,2.266015197341277,0.1789358761882748,0.0,0.0381059097224008,0.2016808470803603,2010-02-11,0.57,bmo,662625000.0,2025-04-25,2009-12-31,0.0526315789473684,25.02171875,4066154.0
2009-09-30,EXPE,USD,1324424,2009-10-29,2009-10-29 12:31:09,2009,Q3,852428000.0,169436000.0,682992000.0,0.8012313063,78637000,73165000.0,284847000.0,358012000.0,9588000.0,446237000.0,615673000.0,1153000.0,21180000.0,50018000.0,254877000.0,0.299001206,222974000.0,0.2615751712,-24776000.0,198198000.0,0.2325099598,80385000.0,117014000.0,0.1372714176,0.82,0.8,144213000,146864000,https://www.sec.gov/Archives/edgar/data/1324424/000095012309054681/0000950123-09-054681-index.htm,https://www.sec.gov/Archives/edgar/data/1324424/000095012309054681/v53835e10vq.htm,5.910895689015553,0.8113970307808589,-0.1679321559082745,-0.3127179935234687,6.153481308897256,18.27954483992428,-12.257903240345875,17.819315873048893,6.352596506556274,3453901350.0,3510269350.0,7.379248102791118,4.051839392887141,-142.61711743331406,-76.58657479267373,1.344047109924324,1.344047109924324,4.11796579887099,13.77240531707451,-144.94464241473284,-77.83647500997827,0.0338787904292634,-0.0130571187274934,0.3482586232190575,0.1455862862935977,0.2211576564382035,0.6686053106139264,10.527573182247403,-0.2055630533133015,0.0,0.0,0.0858312960156165,0.0922506065028366,0.7164077978355324,-0.8621686348996614,0.0244947373854448,0.4174497181014834,0.0,18.036550384527725,0.0333892341623047,0.0671222787180146,-16.27926573887236,-721658000.0,-1767749000.0,-2055064000.0,3914161000.0,369676000.0,945162500.0,0.0,38.84685862031749,506.6959205835832,0.0,2.316789650345849,0.1776213234484761,0.0,0.0455346903641833,0.1447858376151942,2009-10-29,0.86,bmo,763608333.0,2025-04-25,2009-09-30,0.1162790697674418,20.8434375,3994816.28125
2009-06-30,EXPE,USD,1324424,2009-07-30,2009-07-30 12:40:09,2009,Q2,769768000.0,148762000.0,621006000.0,0.8067443697,77881000,67380000.0,271492000.0,338872000.0,83513000.0,500266000.0,649028000.0,1417000.0,20805000.0,9302000.0,131081000.0,0.170286372,114642000.0,0.1489305869,-38461000.0,76181000.0,0.098966182,34338000.0,40902000.0,0.0531354902,0.28,0.28,144090000,145444500,https://www.sec.gov/Archives/edgar/data/1324424/000095012309027516/0000950123-09-027516-index.htm,https://www.sec.gov/Archives/edgar/data/1324424/000095012309027516/v53083e10vq.htm,5.342272190991741,0.2838642515094732,2.3773058505100977,2.247761815531959,6.316572975223819,17.281324172392257,-13.247970018738288,16.82692067457839,6.354472898882642,2177199900.0,2209716900.0,13.307417118967289,2.828384526246869,6.3559343854548,6.722242497221193,0.8979658424864234,0.8979658424864234,2.8706271240165866,16.8576445098832,6.450861782067226,6.822640792886254,0.0187865156525131,0.1487598819015194,0.3690564717925621,0.1441833110030268,0.248067988495663,0.634011089800468,5.510310021629416,8.186458905910188,0.0,0.0,0.0875328670456553,0.1011746396316812,0.708817261823716,0.0544919514459371,0.0242488645929682,0.3915588093390111,0.0,10.36690059546322,0.0165122294482812,0.022634067087636,-17.53960198487057,-875683000.0,-1908900000.0,-2199033000.0,3758515000.0,347544000.0,874227500.0,0.0,43.42546065827626,566.5204823812533,0.0,2.0725168745641693,0.1588645120503028,0.0,0.0168696493552933,0.1295440349781386,2009-07-30,0.63,bmo,638123684.0,2025-04-25,2009-06-30,0.2063492063492063,14.038412698412698,4885416.349206349
2009-03-31,EXPE,USD,1324424,2009-04-30,2009-04-30 12:26:49,2009,Q1,635712000.0,143513000.0,492199000.0,0.7742484018,77672000,67909000.0,235884000.0,303793000.0,9069000.0,390534000.0,534047000.0,2671000.0,21645000.0,52277000.0,122376000.0,0.1925022652,92947000.0,0.1462092897,-25921000.0,67026000.0,0.1054345364,27272000.0,39384000.0,0.0619525823,0.28,0.28,143672000,143937500,https://www.sec.gov/Archives/edgar/data/1324424/000095013409008889/0000950134-09-008889-index.htm,https://www.sec.gov/Archives/edgar/data/1324424/000095013409008889/v52235e10vq.htm,4.424745253076452,0.2741243944540342,3.494097666907957,3.3313241271785734,3.934016370621973,16.70862102566958,-13.48539729383596,16.25968177515452,6.377881563561446,1304541760.0,1723985760.0,8.280912045500711,2.052095540118796,2.5986680584218456,2.7256429135552778,0.5584365134300859,0.5584365134300859,2.711897463002114,14.08761325750147,3.4342072174723706,3.602007780735367,0.0301899112834839,0.3668859170901513,0.3829857182667747,0.1556294380137946,3.4275021245995947,0.5344128066616909,4.294155694155694,12.627760728480151,0.0,0.0,0.1068235301520185,0.1221811134601832,0.7546021575742015,0.0465852861730185,0.0367870985603543,0.4473477820073837,0.0434803810530554,10.014312106388756,0.0148665029552876,0.0279173424368556,-17.680889456539898,-950060000.0,-1937474000.0,-2257707000.0,3628127000.0,295470500.0,793820000.0,0.0,45.82325015101178,509.2516357403162,0.0,1.9640684522246352,0.1767299183421649,0.0,0.0168591487979123,0.1627735397293836,2009-04-30,0.29,bmo,438935714.0,2025-04-25,2009-03-31,0.4482758620689656,8.440491803278688,4193969.934426229
2008-12-31,EXPE,USD,1324424,2009-02-19,2009-02-19 14:16:28,2008,Q4,620811000.0,136926000.0,483885000.0,0.7794401195,52426000,307639000.0,1101403000.0,307639000.0,0.0,376963000.0,513889000.0,0.0,0.0,52027000.0,-2850818000.0,-4.5920868026,-2889078000.0,-4.6537158652,-29250000.0,-2918328000.0,-4.7008316541,-158173000.0,-2759982000.0,-4.4457685189,-19.26,-19.26,143337000,143337000,https://www.sec.gov/Archives/edgar/data/1324424/000095013409003282/0000950134-09-003282-index.htm,https://www.sec.gov/Archives/edgar/data/1324424/000095013409003282/v51161e10vk.htm,4.331128738567153,-19.25519579731681,-1.7221024578441018,-2.0070463313729183,5.289450734981198,16.613512212478284,-13.887949378039169,16.24419375318306,10.775640623146847,1181096880.0,2060232880.0,-0.1069841107659397,1.9025063666719824,-4.784848870325432,-4.105535518137957,0.507258170223768,0.507258170223768,3.318615295154242,-0.7226813076106577,-8.34639658727683,-7.161444084481584,-2.3367956064704867,-0.2435735839044804,0.6633533671706764,0.2620432221305886,-0.3083802613846271,0.7653802146385318,0.0,0.0894357282040245,0.0,0.0,0.4955437323114442,0.0844476016049973,0.7417379211499209,-0.1654627877864698,0.0657897492151395,0.7850346935245162,0.2105745548967399,,-0.6313399278376183,-1.8130806740762588,-17.820182506959124,-367454000.0,-1990657000.0,-2314204000.0,4252488000.0,309262500.0,871194500.0,0.0,38.74657504457878,509.78901012225583,0.0,2.3227859467953755,0.1765436253292641,0.0,-1.1853586635251594,0.2849438735288167,2009-02-19,0.48,bmo,677236363.0,2025-04-25,2008-12-31,-0.0833333333333333,9.30625,4163189.84375
2008-09-30,EXPE,USD,1324424,2008-10-30,2008-10-30 12:01:28,2008,Q3,833337000.0,177001000.0,656336000.0,0.7875997346,51480000,389443000.0,298858000.0,389443000.0,0.0,456750000.0,633751000.0,7428000.0,20061000.0,50765000.0,234536000.0,0.2814419617,199586000.0,0.2395021462,-35876000.0,163710000.0,0.1964511356,69223000.0,94824000.0,0.1137882993,0.66,0.66,143337000,145862000,https://www.sec.gov/Archives/edgar/data/1324424/000095013408018754/0000950134-08-018754-index.htm,https://www.sec.gov/Archives/edgar/data/1324424/000095013408018754/v50247e10vq.htm,5.813830343874924,0.6615458674312983,-0.7222489657241327,-1.058875238075305,4.602238082281616,36.05097776568506,-15.430775026685364,35.647334603068295,8.124085197820522,2165822070.0,2650572070.0,5.710110494178688,2.5989750485097867,-20.92076377686549,-14.269858673308033,0.4238746085296214,0.4238746085296214,3.180672489041048,11.301344228604563,-25.603207631007,-17.46371013862534,0.0437819899027993,-0.070077778826956,0.2239754641377709,0.1273102509681308,2.0668468806494524,0.6269396981518837,9.94895568516026,-1.091759470176327,0.0,0.0,0.4673295437500075,0.0617757281867959,0.8208979880254469,-0.4660806568461724,0.0579009452358409,0.9504776913227616,0.0,23.034817235242222,0.0166024420935856,0.0588972968138291,-20.222815811688537,-765109000.0,-2211801000.0,-2536000000.0,6856364000.0,374877500.0,991500500.0,0.0,37.93537308435843,491.5884091050333,0.0,2.372455908100952,0.1830799879188577,0.0,0.0185580738306969,0.3366262723511724,2008-10-30,0.79,bmo,843983333.0,2025-04-25,2008-09-30,-0.0126582278481012,17.8028125,4504999.6875
2008-06-30,EXPE,USD,1324424,2008-07-31,2008-07-31 13:03:46,2008,Q2,795048000.0,168874000.0,626174000.0,0.7875926988,52744000,384229000.0,299550000.0,384229000.0,0.0,455633000.0,624507000.0,9073000.0,13342000.0,51810000.0,226326000.0,0.2846696049,170541000.0,0.2145040299,-9367000.0,161174000.0,0.2027223514,65944000.0,96089000.0,0.1208593695,0.68,0.66,142993000,146999500,https://www.sec.gov/Archives/edgar/data/1324424/000095013408013781/0000950134-08-013781-index.htm,https://www.sec.gov/Archives/edgar/data/1324424/000095013408013781/v42476e10vq.htm,5.560048393977327,0.6719839432699503,2.1488814137754995,1.8863161133761792,7.18603707873812,35.45168644618968,-14.317078458386074,35.03687593098963,6.347429594455672,2628211340.0,2494954340.0,6.837961004901706,3.3057266227951017,8.553287250833943,9.743859934008082,0.5245901499951696,0.5245901499951696,3.138117874644047,11.023719501957354,8.119613831258645,9.24982145108071,0.036560606271488,0.1026287330454939,0.1785011979972966,0.0980428399683297,-0.588783436282177,0.6526491400089405,12.782266526757608,3.1978166075201115,0.0,0.0,0.4832777392056832,0.0663406486149263,0.7802005200470713,0.1221869660727361,0.0472235638602952,0.7246670526925304,0.0,23.01618791371074,0.0154022106336731,0.0479271503723133,-19.06184918142846,-895912000.0,-2047242000.0,-2368780000.0,6429537000.0,383215000.0,989261000.0,0.0,45.11048389531199,541.5780404325118,0.0,1.995101631116688,0.1661810363066507,0.0,0.0191793339278742,0.2625653003993202,2008-07-31,0.77,bmo,765187499.0,2025-04-25,2008-06-30,0.0389610389610389,23.1784375,3722329.71875
2008-03-31,EXPE,USD,1324424,2008-05-02,2008-05-01 18:08:14,2008,Q1,687817000.0,151943000.0,535874000.0,0.7790938578,52302000,375523000.0,287122000.0,375523000.0,0.0,445876000.0,597819000.0,8115000.0,15700000.0,52925000.0,147365000.0,0.214250302,89998000.0,0.13084585,-11258000.0,78740000.0,0.1144781243,28972000.0,51306000.0,0.0745925152,0.36,0.34,142558500,147015500,https://www.sec.gov/Archives/edgar/data/1324424/000095013408008207/0000950134-08-008207-index.htm,https://www.sec.gov/Archives/edgar/data/1324424/000095013408008207/v40213e10vq.htm,4.824805255386385,0.3598943591578194,3.954720342876784,3.721917668886808,4.895309644812481,34.69739089566739,-14.7284798872042,34.27670745693873,5.300981702248551,3120605565.0,3162737565.0,15.20585099695942,4.536970684062767,5.535157508527278,5.881376738391718,0.638626099881386,0.638626099881386,4.598225349184449,21.461931700200186,5.609888919239631,5.960782533062189,0.0164410397057021,0.1700282169432073,0.1514396177500329,0.0857397130013731,0.2859023513045838,0.5482780125122604,5.732356687898089,10.988558843020307,0.0,0.0,0.5459635339050939,0.0760405747458989,0.8163901425747149,0.0588670383253012,0.0482512063528525,0.627076051015588,0.0521315989572807,16.660127773991945,0.0090834011979075,0.0323759461599866,-19.0135944191332,-1069857000.0,-2099670000.0,-2385825000.0,6160643000.0,317969000.0,907297000.0,0.0,48.14318343396573,570.0067130437072,0.0,1.869423531650042,0.1578928772951117,0.0,0.0104996770652475,0.232802673989976,2008-05-01,0.46,bmo,659141666.0,2025-04-25,2008-03-31,0.0434782608695651,23.87754098360656,4108733.016393442
2007-12-31,EXPE,USD,1324424,2008-02-22,2008-02-21 19:12:50,2007,Q4,665302000.0,146404000.0,518898000.0,0.7799435444,51268000,321035000.0,992560000.0,321035000.0,0.0,390560000.0,536964000.0,0.0,0.0,53002000.0,181340000.0,0.2725679466,128338000.0,0.1929018701,-14323000.0,114015000.0,0.1713733011,49884000.0,65357000.0,0.0982365903,0.45,0.45,141841500,146085500,https://www.sec.gov/Archives/edgar/data/1324424/000095013408003172/0000950134-08-003172-index.htm,https://www.sec.gov/Archives/edgar/data/1324424/000095013408003172/v37150e10vk.htm,4.690460831279985,0.4607748790022666,-1.7857044659003185,-1.9904259331718857,4.352647144876499,34.40471230211186,-14.78466457278018,33.96806294349679,7.649383290503837,4485028230.0,4952642230.0,17.155883187722814,6.741341871811598,-17.707297374125005,-15.886047037988137,0.9308743937679752,0.9308743937679752,7.444201625727865,27.311361144810853,-19.5534797680102,-17.542343859027717,0.0145722605630065,-0.0629483217321912,0.2251933913107729,0.1307950336944883,2.578658872835557,0.5893165504927996,0.0,-3.875437979099408,0.0,0.0,0.4825402599120399,0.0770597412904215,0.8410777655434528,-0.114644652114005,0.0436463440663037,0.5478661182596883,0.2110590378504799,18.765971253480327,0.011069867566509,0.0495757122474166,-18.309267738990357,-728697000.0,-2097079000.0,-2369751000.0,6427888000.0,292954500.0,930748000.0,0.0,36.25529458802168,523.9264637578209,0.0,2.482396047879168,0.1717798321437748,0.0,0.0135649442174176,0.2047214672715672,2008-02-07,0.63,bmo,676030645.0,2025-04-25,2007-12-31,-0.0158730158730158,32.210625,3620950.59375
2007-09-30,EXPE,USD,1324424,2007-11-08,2007-11-07 19:43:48,2007,Q3,759596000.0,151053000.0,608543000.0,0.801140343,47452000,362706000.0,279341000.0,362706000.0,0.0,428771000.0,579824000.0,0.0,0.0,48361000.0,179772000.0,0.2366679129,179772000.0,0.2366679129,-14946000.0,164826000.0,0.216991664,65542000.0,99595000.0,0.131115751,0.68,0.64,146085500,156378000,https://www.sec.gov/Archives/edgar/data/1324424/000095013407023195/0000950134-07-023195-index.htm,https://www.sec.gov/Archives/edgar/data/1324424/000095013407023195/v35199e10vq.htm,5.199667318111654,0.6817582853876668,0.2925889290860489,0.1649513469851559,5.726310961731315,33.57511868049875,-13.667482399006062,33.14667095639198,6.845306344572186,4885099120.0,5048568120.0,12.262410562779255,6.431180680256347,114.29003860281216,202.72644395567912,1.0088494269603705,1.0088494269603705,6.646385868277347,28.083172685401507,118.11450108789744,209.51023446902104,0.0203875085343201,0.0049327555916613,0.2065156514081889,0.1181736126358789,0.9093129074605611,0.6307136181760614,0.0,0.4291681309302675,0.0,0.0,0.4774985650266721,0.0624700498686143,0.8155703424884007,0.4362351730107854,0.0245472593325925,0.3855586112776824,0.0,22.54895552003744,0.0169960640797187,0.0638156634310842,-16.992317854954806,-772118000.0,-1996621000.0,-2238568000.0,6282282000.0,315618000.0,970827500.0,0.0,37.66619360818119,601.3102023792973,0.0,2.389410539759233,0.1496731631092954,0.0,0.0205679263019985,0.1276375821008929,2007-11-07,0.75,bmo,730384615.0,2025-04-25,2007-09-30,0.04,28.947301587301588,3379608.888888889
2007-06-30,EXPE,USD,1324424,2007-08-03,2007-08-02 18:27:13,2007,Q2,689923000.0,143646000.0,546277000.0,0.7917941567,41511000,331638000.0,255905000.0,331638000.0,0.0,392652000.0,536298000.0,0.0,0.0,47137000.0,153625000.0,0.2226697762,153625000.0,0.2226697762,6586000.0,160211000.0,0.232215769,64076000.0,96136000.0,0.1393430861,0.64,0.6,151517500,160098000,https://www.sec.gov/Archives/edgar/data/1324424/000095013407016637/0000950134-07-016637-index.htm,https://www.sec.gov/Archives/edgar/data/1324424/000095013407016637/v32356e10vq.htm,4.55342122197106,0.6344877654396357,2.5380368604286634,2.401801772072533,6.675162934974508,36.28770274060752,-9.340241226260993,35.874186150114674,3.2999488507928127,4437947575.0,3926543575.0,11.540805668532078,6.432525912311954,11.540415530077466,12.195011403761868,0.8164645151094633,0.8164645151094633,5.691277975948041,25.55927469487388,10.21056325850264,10.789727202780869,0.0216622658053818,0.0820007433278433,0.091986723740136,0.0576329878312556,-3.3289113100081367,0.6885718165286937,0.0,4.000135225097778,0.0,0.0,0.480688424650287,0.0601675839187851,0.7968834846564273,0.05367734822146,0.0299192808472829,0.4379150136835182,0.0,22.630487724868303,0.0142723678727811,0.0545559272595203,-12.744136815879354,-690355000.0,-1415210000.0,-1650981000.0,6372125000.0,301630500.0,872540500.0,57167000.0,40.87434394852759,584.2086796708575,0.0,2.2018702028180703,0.1540545410087126,0.0,0.0176864713469634,0.1362350883561305,2007-08-02,0.67,bmo,660332857.0,2025-04-25,2007-06-30,0.0447761194029849,24.87174603174603,2703958.0634920634
2007-03-31,EXPE,USD,1324424,2007-05-09,2007-05-09 15:58:34,2007,Q1,550511000.0,121298000.0,429213000.0,0.779662895,42252000,340683000.0,222268000.0,340683000.0,0.0,361879000.0,483177000.0,0.0,0.0,51444000.0,67334000.0,0.1223118157,67334000.0,0.1223118157,-9402000.0,57932000.0,0.1052331379,23612000.0,34776000.0,0.0631703999,0.22,0.22,153914000,161874500,https://www.sec.gov/Archives/edgar/data/1324424/000095013407010871/0000950134-07-010871-index.htm,https://www.sec.gov/Archives/edgar/data/1324424/000095013407010871/v30057e10vq.htm,3.57674415582728,0.2259443585378848,3.495822342347025,3.376716867861273,4.14336577569292,34.8222643814078,-10.11468092571176,34.417746273893215,3.248567381784633,3567726520.0,3430004520.0,25.647907464918333,6.4807542810225405,6.630771741231396,6.864656086692167,0.6734897693630408,0.6734897693630408,6.230583076450788,50.9401568301304,6.374809536553816,6.599665437809299,0.0097473838886059,0.1456737216506157,0.0943864062432454,0.0605418275616185,-2.0453559865743904,0.5779281717539996,0.0,15.472049689440992,0.0,0.0,0.6188486696905239,0.076750509980727,0.8374660193857354,0.0340708030390888,0.0332999703911456,0.3563486509602674,0.067312006481251,13.22766612422334,0.0063016843961297,0.0259072298275831,-12.908413139805344,-814055000.0,-1556791000.0,-1784462000.0,6244241000.0,250678000.0,766691000.0,57167000.0,47.39839894207382,602.9617141255421,84.83289089679963,1.8987983140525515,0.1492632084120372,1.0609092658351846,0.0065647633270302,0.1191054744857517,2007-05-08,0.41,bmo,626958333.0,2025-04-25,2007-03-31,-0.1219512195121951,21.478852459016395,2379273.081967213
2006-12-31,EXPE,USD,1324424,2007-02-28,2007-02-28 17:23:36,2006,Q4,531288000.0,121781000.0,409507000.0,0.7707815723,35505000,250496000.0,786195000.0,250496000.0,0.0,309967000.0,431748000.0,0.0,0.0,59649000.0,159189000.0,0.2996284501,99540000.0,0.1873560103,3418000.0,102958000.0,0.1937894325,35928000.0,67140000.0,0.1263721371,0.41,0.41,165104000,165179500,https://www.sec.gov/Archives/edgar/data/1324424/000095013407004407/0000950134-07-004407-index.htm,https://www.sec.gov/Archives/edgar/data/1324424/000095013407004407/v27013e10vk.htm,3.2178990212229865,0.4066527764318248,-0.7837605388119003,-0.9354891462351004,5.168100106599477,36.13507849597829,-5.596593662176567,35.76103546855315,3.028394224246536,3463881920.0,3110607920.0,12.897981531128984,6.519781963831293,-26.7683800868611,-22.426770085398147,0.5866720503227315,0.5866720503227315,5.854843173570643,19.54034462180176,-24.038329546683972,-20.13951117815776,0.0193828778089525,-0.0445895684573451,0.0846841872604496,0.0604654582604523,-2.2192111263969245,0.8446995803946076,0.0,-1.9273458445040217,0.0,0.0,0.471488157082411,0.0668281609974251,0.8332219962695231,-0.1935905163753265,0.0471514508138712,0.4199735117101711,0.377740509855295,18.08873401127597,0.0094342962921516,0.0486832888846349,-7.82107944083729,-217440000.0,-924020000.0,-1120453000.0,6809770000.0,214188500.0,753061500.0,0.0,35.81616750237159,532.647375206313,0.0,2.512831670056284,0.168967320950638,0.0,0.0113713926653331,0.1517286074231999,2007-02-15,0.49,bmo,464887499.0,2025-04-25,2006-12-31,0.142857142857143,17.85730158730159,2133832.634920635
2006-09-30,EXPE,USD,1324424,2006-11-14,2006-11-13 20:18:35,2006,Q3,613942000.0,133094000.0,480848000.0,0.7832140495,36034000,281242000.0,215086000.0,281242000.0,0.0,391556000.0,524650000.0,0.0,0.0,56880000.0,89292000.0,0.1454404488,89292000.0,0.1454404488,7766000.0,97058000.0,0.1580898521,37707000.0,58977000.0,0.0960628203,0.36,0.34,165179500,170568500,https://www.sec.gov/Archives/edgar/data/1324424/000095012406006831/0000950124-06-006831-index.htm,https://www.sec.gov/Archives/edgar/data/1324424/000095012406006831/v24860e10vq.htm,3.7168171595143455,0.3570479387575335,0.1467433912803949,-0.0563750344322388,5.725238301363063,35.418517431037145,-6.399183918101217,35.07973447068189,3.028559839447389,2590014560.0,2144578560.0,10.97891788324262,4.218663261350421,106.85319361359792,-278.1373024054983,0.4469817185504827,0.4469817185504827,3.4931289274882644,24.017589033732023,88.47636288625769,-230.30268041237116,0.0227709144615773,-0.0035953465836887,0.0863336021536459,0.059666287860355,-4.988532007346683,0.7964746170213027,0.0,0.4109907251979585,0.0,0.0,0.4580921324815699,0.0586928406917917,0.8238592395821108,1.384174264614877,0.054648484710282,0.5898558368495077,0.0,16.78737039892394,0.0080803709191673,0.0399355365129451,-8.6295015422616,-331159000.0,-1057014000.0,-1237864000.0,6701005000.0,209930000.0,762027500.0,0.0,31.803053057129173,531.0888544938164,0.0,2.829916984332579,0.1694631684292819,0.0,0.0101781824790019,0.2031184257126338,2006-11-09,0.6,bmo,541676470.0,2025-04-25,2006-09-30,0.1333333333333334,14.956507936507936,2212036.761904762
2006-06-30,EXPE,USD,1324424,2006-08-11,2006-08-11 06:01:44,2006,Q2,598458000.0,128449000.0,470009000.0,0.7853667258,33288000,269719000.0,198666000.0,269719000.0,0.0,333754000.0,462203000.0,0.0,0.0,59593000.0,136255000.0,0.227676796,136255000.0,0.227676796,17025000.0,153280000.0,0.2561249077,56158000.0,95482000.0,0.1595467017,0.56,0.54,173007000,179545000,https://www.sec.gov/Archives/edgar/data/1324424/000095012406004446/0000950124-06-004446-index.htm,https://www.sec.gov/Archives/edgar/data/1324424/000095012406004446/v22876e10vq.htm,3.459154831885415,0.551896744062379,1.555133607310687,1.4338032565156322,3.718583641124347,34.02407995052224,-6.304993439571809,33.683937644141565,0.0005375505037368,2593374930.0,1950126930.0,6.79021943926604,4.333428461145143,9.639043185442056,10.45471192221174,0.4450192301851359,0.4450192301851359,3.25858611631894,14.312332978606287,7.248222182576408,7.861576445831217,0.0368176613784108,0.0956506508682876,1.5958659863816005e-05,1.1411070947413368e-05,-4.720912994018568,0.5618170652783887,0.0,2.817798119017197,0.0,0.0,0.4506899398119834,0.0556229509840289,0.8561017327649884,0.0780192455649342,0.0350751431178127,0.3522393569714563,0.0,20.451803075585865,0.013625973945163,0.0814159322218887,-8.485496251596755,-794884000.0,-1090808000.0,-1244414000.0,6286672000.0,201195500.0,703991500.0,0.0,30.51537451249712,517.5611332124034,0.0,2.949332965359538,0.1738925012420989,0.0,0.0163845673238374,0.1213303507950545,2006-08-10,0.48,bmo,448875000.0,2025-04-25,2006-06-30,0.3333333333333334,16.621428571428574,3282346.380952381
2006-03-31,EXPE,USD,1324424,2006-05-15,2006-05-15 15:18:54,2006,Q1,493898000.0,119314000.0,374584000.0,0.7584238041,35544000,309931000.0,201026000.0,309931000.0,0.0,348342000.0,467656000.0,0.0,0.0,73346000.0,26242000.0,0.0531324282,26242000.0,0.0531324282,5360000.0,31602000.0,0.0639848714,9658000.0,23335000.0,0.0472465975,0.14,0.12,172888500,182584000,https://www.sec.gov/Archives/edgar/data/1324424/000095012406002822/0000950124-06-002822-index.htm,https://www.sec.gov/Archives/edgar/data/1324424/000095012406002822/v20607e10vq.htm,2.85674292969168,0.1349713832903865,2.6233902197080776,2.547977453676792,2.944267548159652,34.26334313733996,-6.237673413789812,33.852743242031714,0.0021574598657516,3504449895.0,2995792895.0,37.54499566102421,7.095493188877056,7.726643122979844,7.95532942049778,0.5987697911238307,0.5987697911238307,6.065610500548696,114.1602353098087,6.605151525507437,6.800644914146138,0.006658677024686,0.1257018970733493,6.373072487292299e-05,4.648528846551689e-05,-19.3833168203643,0.5479450029932522,0.0,19.436640239982857,0.0,0.0,0.6275202572191019,0.071966276437645,0.8726472586640851,0.0287463014326849,0.0263981631834913,0.1777602050554904,0.1261353558831985,10.139324959281282,0.0028468610749748,0.0228352728881164,-8.338712522810944,-733980000.0,-1078422000.0,-1210634000.0,6361188000.0,186748500.0,656067500.0,0.0,36.3496511425436,504.8716831218466,0.0,2.4759522353342223,0.1782631171617507,0.0,0.0039870146512323,0.075412766031286,2006-05-11,0.42,bmo,691460000.0,2025-04-25,2006-03-31,-0.2857142857142857,22.128387096774198,2536326.0322580645
2005-12-31,EXPE,USD,1324424,2006-03-31,2006-03-30 21:45:37,2005,Q4,494749000.0,110242000.0,384507000.0,0.7771759013,112280000,139287000.0,325300000.0,139287000.0,-67365000.0,298798000.0,409040000.0,0.0,0.0,59807000.0,145516000.0,0.2941208572,85709000.0,0.1732373385,-19123000.0,66586000.0,0.134585416,42082000.0,25234000.0,0.0510036402,0.15,0.15,168204500,168204500,https://www.sec.gov/Archives/edgar/data/1324424/000095012406001626/0000950124-06-001626-index.htm,https://www.sec.gov/Archives/edgar/data/1324424/000095012406001626/v17761e10vk.htm,2.9413541254841578,0.1500197676043149,-0.5574048256735106,-0.6255123971118489,1.7681809939686512,34.514754361506384,-7.31666513083776,34.08804758493382,1.3718717394600026,4030179820.0,3963518820.0,39.92807145121662,8.145907965453189,-42.98491670044156,-38.30459653658259,0.7028856651382347,0.7028856651382347,8.011170957394558,27.23768396602436,-42.27392670492118,-37.671021156880265,0.006261259081983,-0.0261065274253693,0.0402449490849203,0.0297483837598873,-0.4581008274004233,0.4103975386326896,0.0,-3.7155425219941343,0.0,0.0,0.2815306347258913,0.226943359157876,0.9070943620202524,-0.1221869067172934,0.0231551756547259,0.1915494841740933,0.0,10.726710678370772,0.004815900562181,0.0350151736119301,-9.056979747866436,-847981000.0,-1230696000.0,-1361111000.0,6279236000.0,177320500.0,710632500.0,0.0,31.65586994617473,524.7899167286515,0.0,2.8430746067958097,0.1714971975091044,0.0,0.0044009492544425,0.0681075714383384,2006-02-15,0.51,bmo,630742500.0,2025-04-25,2005-12-31,-0.2156862745098039,22.153174603174605,2072243.2698412696
2005-09-30,EXPE,USD,1324424,2005-11-14,2005-11-14 16:09:50,2005,Q3,584653000.0,128072000.0,456581000.0,0.7809435682,28741000,273057000.0,185421000.0,273057000.0,0.0,307942000.0,436014000.0,0.0,0.0,197522000.0,148639000.0,0.2542345631,148639000.0,0.2542345631,1921000.0,150560000.0,0.2575202727,69026000.0,82035000.0,0.1403139982,0.48,0.46,168204500,176675500,https://www.sec.gov/Archives/edgar/data/1324424/000119312505225803/0001193125-05-225803-index.htm,https://www.sec.gov/Archives/edgar/data/1324424/000119312505225803/d10q.htm,3.47584636558475,0.4877099007458183,0.9524299290447044,0.8641504834888484,1.3548983528978118,34.62243875758377,-7.468521947985934,34.199917362496244,0.0,3332131145.0,3104256145.0,10.154602136283293,5.6993313042095055,20.7994303789567,22.924248008310744,0.5792411657030411,0.5792411657030411,5.309570198049099,20.88453329879776,19.377016316798063,21.35652369387839,0.0246193791391124,0.0436219325335107,0.0,0.0,-1.5330767833475736,0.3918274001079651,0.0,1.95286158347047,0.0,0.0,0.4670411338007331,0.0491590738438013,0.9104589453736645,0.0926886512736964,0.0253979711042276,0.0751764360425674,0.0,19.37245110468756,0.0127062488074876,0.1178177963971753,-9.447782312601625,-876502000.0,-1256239000.0,-1387822000.0,6289253000.0,90311000.0,389222000.0,0.0,27.80449257935904,547.0357299019302,0.0,3.236886979437721,0.1645230742352693,0.0,0.0142605578714246,0.0882794455558561,2005-11-03,0.62,amc,,2025-04-25,2005-09-30,0.129032258064516,18.673333333333336,2369214.9803921566
2005-06-30,EXPE,USD,1324424,2005-08-12,2005-08-12 16:59:07,2005,Q2,555007000.0,129484000.0,425523000.0,0.766698438,0,101263000.0,192613000.0,293876000.0,35268000.0,329144000.0,458628000.0,0.0,0.0,12077000.0,96379000.0,0.1736536656,96379000.0,0.1736536656,23188000.0,119567000.0,0.2154333189,45484000.0,73432000.0,0.1323082412,0.44,0.44,167770000,170274500,https://www.sec.gov/Archives/edgar/data/1324424/000119312505167045/0001193125-05-167045-index.htm,https://www.sec.gov/Archives/edgar/data/1324424/000119312505167045/d10q.htm,3.3081420993026165,0.4376944626572093,1.7032902187518626,1.6234845323955416,0.0,50.99247779698397,50.99247779698397,50.99247779698397,0.0,3944272700.000001,3944272700.000001,13.428317014380651,7.106708023502407,13.802697708924592,14.481197406488189,0.4610483941102101,0.4610483941102101,7.106708023502407,40.9246070202015,13.802697708924592,14.481197406488189,0.0186173739964784,0.0690550630538299,0.0,0.0,0.0,0.0,0.0,3.891505065911319,0.0,0.0,0.1824535546398513,0.0,0.0,0.0468538393972585,0.0241240200574046,1.1086362507245178,0.0,22.40938009630092,-0.0607993588878331,0.0076995449496796,-5.85431841211182,-982179000.0,8555008000.0,-982179000.0,-982179000.0,,,,0.0,0.0,0.0,0.0,0.0,0.0,0.0085835103836255,0.0798056863563211,2005-08-12,,amc,,2025-04-25,2005-06-30,,,
2005-03-31,EXPE,USD,1324424,2005-03-31,2005-03-30 19:00:00,2005,Q1,485046000.0,114103000.0,370943000.0,0.764758394,0,92931000.0,179590000.0,272521000.0,32097000.0,304618000.0,418721000.0,0.0,0.0,11428000.0,97388000.0,0.2007809569,66325000.0,0.1367396082,10833000.0,77158000.0,0.1590735724,29385000.0,48029000.0,0.0990194744,0.28,0.28,167770000,170274500,,,2.891136675210109,0.2862788341181379,2.966495797818442,2.8912678071168862,,,,,,3944272700.000001,,20.53068302483916,8.131749772186556,7.925175561444999,8.131380961019898,0.0,0.0,,,,,0.0121768963895422,0.1229803405834489,0.0,0.0,,0.0,0.0,10.362260301068105,0.0,0.0,0.1915921376529236,0.0,0.0,0.0253592102698673,0.0260202125159263,1.1043927196359815,0.0,,0.0,0.0,,,,,,,,,,,,0.0,0.0,0.0,0.0,0.0752279907015557,2005-08-02,0.28,bmo,457880773.0,2025-04-25,2005-03-31,1.4999999999999996,,
2004-12-31,EXPE,USD,1324424,2004-12-31,2004-12-30 19:00:00,2004,Q4,438999000.0,118749000.0,320250000.0,0.7295005228,0,0.0,0.0,145396000.0,0.0,250237000.0,368986000.0,0.0,0.0,71979000.0,174854000.0,0.3983015907,70013000.0,0.159483279,2553000.0,72566000.0,0.165298782,28634000.0,44120000.0,0.1005013679,0.26,0.26,167770000,167770000,,,2.6166716337843474,0.2629790785003278,0.5263932765095071,0.4315729868272039,0.9295881266018956,48.7039637599094,6.566084520474459,48.59408118257138,0.0,3944272700.000001,3789315700.000001,22.34968665004533,8.984696320492759,44.66242455810583,54.475142600649136,0.4838037766713044,0.4838037766713044,8.631718295485868,21.671312637972253,42.90779047252387,52.33500034528003,0.0111858391535656,0.0183569964622375,0.0,0.0,-0.8862079220378144,2.286606616512876,0.0,2.001654578422484,0.0,0.0,0.0,0.0,0.7412533695732295,0.1801320303919015,0.0362369845944979,0.2210089053751788,0.0,16.95678626757328,0.0049545710156194,0.0178788879591038,1.8368570066162009,1263678000.0,1101592000.0,879734000.0,8414576000.0,,,,413.8471841621507,400.47874087360736,6.590708132279009,0.2174715775394446,0.2247310301757175,13.655588776448942,0.0054117512277327,0.0948202896823031,2004-12-30,,amc,,2025-04-25,2004-12-31,,,
2004-09-30,EXPE,USD,1324424,2004-09-30,2004-09-29 20:00:00,2004,Q3,503793000.0,104722000.0,399071000.0,0.79213288,0,61598000.0,177863000.0,239461000.0,79349000.0,318810000.0,423532000.0,0.0,0.0,79349000.0,159610000.0,0.3168166291,80261000.0,0.1593134482,14701000.0,94962000.0,0.1884940839,37455000.0,58092000.0,0.1153092639,0.34,0.34,167770000,170274500,,,3.00287894140788,0.346259760386243,,,,,,,,3944272700.000001,,16.974250757419266,7.829153441989072,0.0,0.0,0.0,0.0,,,0.0,0.0,0.0147281905736385,,0.0,0.0,,0.0,0.0,0.0,,,0.1222684713761406,0.0,0.0,0.0,,0.0,,,0.0,0.0,,,,,,,,,,,,0.0,0.0,0.0,0.0,,2004-09-29,,amc,,2025-04-25,2004-09-30,,,
