date,symbol,reportedCurrency,cik,fillingDate,acceptedDate,calendarYear,period,revenue,costOfRevenue,grossProfit,grossProfitRatio,researchAndDevelopmentExpenses,generalAndAdministrativeExpenses,sellingAndMarketingExpenses,sellingGeneralAndAdministrativeExpenses,otherExpenses,operatingExpenses,costAndExpenses,interestIncome,interestExpense,depreciationAndAmortization,ebitda,ebitdaratio,operatingIncome,operatingIncomeRatio,totalOtherIncomeExpensesNet,incomeBeforeTax,incomeBeforeTaxRatio,incomeTaxExpense,netIncome,netIncomeRatio,eps,epsdiluted,weightedAverageShsOut,weightedAverageShsOutDil,link,finalLink,revenuePerShare,netIncomePerShare,operatingCashFlowPerShare,freeCashFlowPerShare,cashPerShare,bookValuePerShare,tangibleBookValuePerShare,shareholdersEquityPerShare,interestDebtPerShare,marketCap,enterpriseValue,peRatio,priceToSalesRatio,pocfratio,pfcfRatio,pbRatio,ptbRatio,evToSales,enterpriseValueOverEBITDA,evToOperatingCashFlow,evToFreeCashFlow,earningsYield,freeCashFlowYield,debtToEquity,debtToAssets,netDebtToEBITDA,currentRatio,interestCoverage,incomeQuality,dividendYield,payoutRatio,salesGeneralAndAdministrativeToRevenue,researchAndDdevelopementToRevenue,intangiblesToTotalAssets,capexToOperatingCashFlow,capexToRevenue,capexToDepreciation,stockBasedCompensationToRevenue,grahamNumber,roic,returnOnTangibleAssets,grahamNetNet,workingCapital,tangibleAssetValue,netCurrentAssetValue,investedCapital,averageReceivables,averagePayables,averageInventory,daysSalesOutstanding,daysPayablesOutstanding,daysOfInventoryOnHand,receivablesTurnover,payablesTurnover,inventoryTurnover,roe,capexPerShare,report_date,epsEstimated,time,revenueEstimated,updatedFromDate,fiscalDateEnding,surprise(%),QuarterAvgPrice,QuarterAvgVolume
2025-03-31,EXR,USD,1289490,2025-05-02,2025-05-02 16:31:47,2025,Q1,819997000.0,240698000.0,579299000.0,0.7064647797,0,45974000.0,0.0,45974000.0,144595000.0,190569000.0,431267000.0,38967000.0,153712000.0,180356000.0,627984000.0,0.7658369482,388730000.0,0.47406271,-94814000.0,293916000.0,0.3584354577,8991000.0,270875000.0,0.3303365744,1.277688035821543,1.2764701717462348,211850618,212052742,https://www.sec.gov/Archives/edgar/data/1289490/000162828025021878/0001628280-25-021878-index.htm,https://www.sec.gov/Archives/edgar/data/1289490/000162828025021878/exr-20250331.htm,3.870637752871695,1.2786132160350838,2.27237477305825,2.252223781570465,0.5643552099527036,69.75907429262254,69.75907429262254,65.5499008268175,0.7255678621621958,31457698266.820004,31338139266.820004,29.03340864496539,38.363187019976905,65.3457351139999,65.9303934249636,2.2652970962123926,2.2652970962123926,38.21738282801035,58.75992924918202,65.0973803018255,65.67981654420657,0.0086107698567922,0.0151675114928309,0.0,0.0,-0.2241766277598087,0.0,2.528950244613303,1.689581468807581,0.0109417732054175,1.270707891093678,0.0560660587782638,0.0,0.0,0.0,0.0,0.0,0.008740275879058,43.425704529766165,0.0129971604526568,0.009342476584227,-66.53677073531124,1739385000.0,14778503000.0,-12476030000.0,2424778000.0,0.0,173259500.0,0.0,0.0,0.0,0.0,0.0,0.0,0.0,0.0195059519527447,0.0,2025-04-29,1.96,amc,707583200.0,2025-05-11,2025-03-31,0.0204081632653061,151.6436666666667,1296077.2833333334
2024-12-31,EXR,USD,1289490,2025-02-28,2025-02-28 16:26:11,2024,Q4,821896000.0,239351000.0,582545000.0,0.7087818897,0,44025000.0,0.0,44025000.0,158488000.0,202513000.0,441864000.0,34676000.0,149636000.0,196202000.0,629674000.0,0.7661236945,380032000.0,0.4623845353,-96196000.0,283836000.0,0.3453429631,6035000.0,262487000.0,0.3193676572,1.24,1.24,211737843,211737843,https://www.sec.gov/Archives/edgar/data/1289490/000162828025009060/0001628280-25-009060-index.htm,https://www.sec.gov/Archives/edgar/data/1289490/000162828025009060/exr-20241231.htm,3.8816679548397968,1.2396792008502704,1.9282287673063712,1.9055545021302591,0.6527978090340705,70.17811171336056,69.26526591658913,65.87171571403984,62.234963827415584,31675981312.8,44565620312.8,30.169095338816778,38.54013319544079,77.58415522914477,78.50733202999916,2.2710809697053995,2.2710809697053995,54.222943429339,70.77570347957833,109.15481891745596,110.45365624098464,0.0082866256741328,0.0127376637842931,0.9340618969588532,0.4516047704781272,20.470337031543306,0.0774857358123327,2.5397096955278142,1.5575261472516857,0.0108586691159907,1.3103848952519552,0.0535651712625441,0.0,0.0067001003815664,0.0117591157027424,0.0058413716577279,0.024469679208163,0.0103285573843892,42.864267258847256,0.0138257522078874,0.0091603657096815,-65.41269054110464,-1645616000.0,14666078000.0,-13850342000.0,-712164000.0,575683500.0,367638000.0,0.0,0.0,130.2969697222907,0.0,0.0,0.6907298012518794,0.0,0.0188195978715952,0.0226742651761121,2025-02-25,1.1,amc,707341000.0,2025-05-11,2024-12-31,0.8454545454545451,163.98328125,930057.3125
2024-09-30,EXR,USD,1289490,2024-11-04,2024-11-04 16:50:13,2024,Q3,824804000.0,226545000.0,598259000.0,0.7253347462,0,39750000.0,0.0,39750000.0,0.0,295520000.0,470302000.0,34947000.0,153860000.0,195046000.0,549548000.0,0.6662770792,302739000.0,0.3670435643,-88937000.0,213802000.0,0.2592155227,10857000.0,192818000.0,0.233774327,0.95,0.91,211698436,220298870,https://www.sec.gov/Archives/edgar/data/1289490/000162828024045038/0001628280-24-045038-index.htm,https://www.sec.gov/Archives/edgar/data/1289490/000162828024045038/exr-20240930.htm,3.8961270361014857,0.9108144757384982,2.212349835215599,2.585692224953424,0.4200834058122186,70.66033780240114,68.20227051653796,66.1819391051146,58.51805631667492,38145941182.84,50291331182.84,49.45848051380057,46.24849198456845,81.44733582898296,69.6873348889177,2.722646124251665,2.722646124251665,60.9736751796063,91.51399183117762,107.3795746840297,91.87527504825653,0.0050547448567539,0.0143498097838582,0.873218109728675,0.435957310087828,22.10069002161777,2.901546670122913,1.967626413622774,2.3077730419571805,0.0090024780973154,1.7809955502079682,0.0481932677339101,0.0,0.0185428083416393,0.1687537765479309,0.0958239775752785,0.4052172308070916,0.0099720660908531,36.82781603368707,0.0104117312024831,0.0070006812682597,-57.4023029154547,880283000.0,14438314000.0,-11761221000.0,2144718000.0,1229054000.0,385349000.0,0.0,125.6335202060126,154.4422962325366,0.0,0.7163693244638765,0.5827419184734938,0.0,0.0137622814933222,0.3733423897378249,2024-10-29,2.03,amc,726811750.0,2025-04-25,2024-09-30,0.0197044334975369,168.778125,931628.171875
2024-06-30,EXR,USD,1289490,2024-08-02,2024-08-02 16:32:25,2024,Q2,810663000.0,411342000.0,399321000.0,0.4925856984,0,39901000.0,0.0,39901000.0,194809000.0,234710000.0,451243000.0,31226000.0,147986000.0,194809000.0,571484000.0,0.7049587807,359420000.0,0.4433654922,-99505000.0,-480989000.0,-0.5933279303,9844000.0,185872000.0,0.2292839318,0.88,0.88,211584155,211587105,https://www.sec.gov/Archives/edgar/data/1289490/000162828024034445/0001628280-24-034445-index.htm,https://www.sec.gov/Archives/edgar/data/1289490/000162828024034445/exr-20240630.htm,3.831397488153118,0.8784778803497832,2.5769604533950097,2.403937100110356,0.5109361804526431,71.51216025604563,68.59538702224654,66.98342794147322,56.111602496888295,32143864827.6,43791231827.6,43.233871733773775,39.65132839120571,58.95317477606356,63.196329052463945,2.2680236689698847,2.2680236689698847,54.01903359053022,76.6272228576828,80.31492657892613,86.095592768095,0.00578250316186,0.0158237039238438,0.8272521293151477,0.4223148985954942,20.380915301215783,1.0554610804561984,2.42874325949752,2.93970109340292,0.0106840917183399,1.8476586037703369,0.0492202061769193,0.0,0.0222297104539717,0.0671424169729515,0.0451593325463231,0.1879225292465954,0.0003453962990786,36.38650636462955,0.0137848092583114,0.0068473910991209,-54.55549471556601,77816000.0,14513697000.0,-11150350000.0,962067999.0,1101208500.0,359984000.0,0.0,145.07469811746682,83.56717767696952,0.0,0.620370065682488,1.0769778578366815,0.0,0.0131148540369918,0.173023353284654,2024-07-30,2.0,amc,742440000.0,2025-04-25,2024-06-30,0.03,145.77603174603175,1047627.9206349206
2024-03-31,EXR,USD,1289490,2024-05-31,2024-05-31 16:26:07,2024,Q1,799539000.0,419989000.0,379550000.0,0.4747110522,0,43722000.0,0.0,43722000.0,-43722000.0,43722000.0,463711000.0,23573000.0,143592000.0,196966000.0,532794000.0,0.6663764995,335828000.0,0.4200270406,-105012000.0,241521000.0,0.3020753209,6742000.0,213112000.0,0.2665435957,1.01,1.01,211283335,220018777,https://www.sec.gov/Archives/edgar/data/1289490/000162828024026057/0001628280-24-026057-index.htm,https://www.sec.gov/Archives/edgar/data/1289490/000162828024026057/exr-20240331.htm,3.78420285726747,1.008655036612329,2.203467680023131,2.002661497178658,0.3997523041748654,72.36244164737366,69.39635821253957,67.6676463858354,54.589374027061815,31003716577.9,42343133577.9,36.37021446223113,38.77699096341768,66.59503169951628,73.27249273365805,2.168540031129508,2.168540031129508,52.95943484670541,79.47374328145588,90.9517514067051,100.07145238898777,0.0068737565531711,0.0136476863648538,0.7966843640287651,0.4144899294471785,21.28292923719111,0.9967544161978223,2.3387653908295727,2.1881950384944395,0.0111021528381973,1.6151507188708285,0.05468401166172,0.0,0.0228049950291337,0.0911318939074998,0.0530643283191939,0.2154026583268178,0.0073942609428683,39.18800234398834,0.0122274740530462,0.0079361166295441,-54.12127747794212,-3343000.0,14662294000.0,-11164470000.0,895483000.0,817580500.0,336272500.0,0.0,100.82164847493368,72.43625428285027,0.0,0.8926654281235625,1.24247175521482,0.0,0.0149060162497903,0.2008061828444728,2024-04-30,1.95,amc,716560000.0,2025-04-25,2024-03-31,0.0051282051282051,145.80065573770491,1204247.786885246
2023-12-31,EXR,USD,1289490,2024-02-29,2024-02-29 17:03:20,2023,Q4,797774000.0,16233000.0,781541000.0,0.9796521321,0,39397000.0,32795000.0,39397000.0,-39397000.0,39397000.0,55630000.0,22250000.0,140223000.0,196139000.0,542165000.0,0.6795972293,346026000.0,0.4337393798,-114298000.0,231728000.0,0.2904682278,4321000.0,216134000.0,0.2709213386,1.02,0.98,211071794,219961282,https://www.sec.gov/Archives/edgar/data/1289490/000162828024008044/0001628280-24-008044-index.htm,https://www.sec.gov/Archives/edgar/data/1289490/000162828024008044/exr-20231231.htm,3.779633388627947,1.0239833371577824,1.7269716293783903,1.5368609602095864,0.5933762992510501,73.02704311121741,71.51858007138557,68.18021833841048,54.65954868417899,33841140732.020004,45138944732.02,39.14370336460251,42.4194580570688,92.83881522576576,104.32303516782372,2.3515618445838182,2.3515618445838182,56.58111787551362,83.25684013542003,123.83288680032372,139.15109292581724,0.0063867232405525,0.0095856106792838,0.7919483402069958,0.4150916829100771,20.838313059677404,0.8548474742710238,2.467683618236666,1.6888595454861353,0.0101140798624482,1.583610167766293,0.0493836600340447,0.0,0.0115964074060773,0.1100832613198359,0.0502987061498619,0.2045845038467617,0.0090313798143333,39.6339080687486,0.012568924886368,0.007964295500295,-53.832177358572125,-157866000.0,15095555000.0,-11112592000.0,436466000.0,731205000.0,382321000.0,0.0,83.42419030953629,1854.6553317316573,0.0,1.0788237760062749,0.0485265366886086,0.0,0.0150187746843999,0.1901106691688042,2024-02-27,2.03,amc,720810000.0,2025-04-25,2023-12-31,-0.0049261083743841,127.15539682539682,1368238.761904762
2023-09-30,EXR,USD,1289490,2023-11-09,2023-11-09 17:03:14,2023,Q3,748034000.0,15043000.0,732991000.0,0.9798899515,0,37406000.0,0.0,37406000.0,-37406000.0,37406000.0,52449000.0,22092000.0,131127000.0,152338000.0,521347000.0,0.6969562881,353966000.0,0.4731950687,-93992000.0,205800000.0,0.2751211843,6944000.0,188350000.0,0.2517933677,0.96,0.96,195324444,195328020,https://www.sec.gov/Archives/edgar/data/1289490/000162828023038325/0001628280-23-038325-index.htm,https://www.sec.gov/Archives/edgar/data/1289490/000162828023038325/exr-20230930.htm,3.829699881290843,0.9642930303183148,2.091043965802867,2.072561896042054,1.3553449562103963,79.69663540933975,76.47207228195157,74.42550815606059,57.98376674247695,23747545901.52,34725944901.520004,31.52050159479692,31.74661299021168,58.14320597191209,58.6616979845957,1.6335797095944926,1.6335797095944926,46.42294989468394,66.60812261606954,85.02258613801074,85.7807750110419,0.0079313458654245,0.0170468983059882,0.7700644439844726,0.4052194943150642,21.05775807667446,0.1925235776152735,2.699413545646587,2.0539083557951483,0.0111710911561189,1.4084735864082825,0.0500057484018106,0.0,0.0227988181200643,0.0088386806126846,0.004825983845654,0.023697304677756,0.0093498423868433,40.184324964315785,0.0129049331806438,0.0069769642015615,-57.60769630041799,-906448000.0,14936865000.0,-11842996000.0,-28129000.0,707043000.0,321270000.0,0.0,86.97900095450207,2573.3670145582664,0.0,1.0347325102880658,0.0349736355097599,0.0,0.0129564856755336,0.0184820697608129,2023-11-07,2.03,amc,612850000.0,2025-04-25,2023-09-30,-0.0049261083743841,134.24063492063493,2005242.8412698407
2023-06-30,EXR,USD,1289490,2023-08-09,2023-08-09 16:37:27,2023,Q2,511386000.0,124119000.0,387267000.0,0.7572890146,0,34842000.0,0.0,34842000.0,-34842000.0,113928000.0,238047000.0,21077000.0,86372000.0,79086000.0,352425000.0,0.6891565276,273339000.0,0.5345062243,-52041000.0,221298000.0,0.4327416081,5986000.0,202410000.0,0.3958066901,1.5,1.5,134832232,143529817,https://www.sec.gov/Archives/edgar/data/1289490/000162828023028613/0001628280-23-028613-index.htm,https://www.sec.gov/Archives/edgar/data/1289490/000162828023028613/exr-20230630.htm,3.7927578028968623,1.501198912141423,2.580080406886686,2.565432574015388,0.7555982608075493,29.92909736894365,27.43348489551074,24.14688203040353,57.90494516177704,20069777733.2,27740214733.2,24.788520494540784,39.24584899312848,57.69200045188255,58.02140407339631,6.1643569473102895,6.1643569473102895,54.24515871220565,78.71239195062779,79.74121598146476,80.19651385850946,0.0100853134843226,0.0172350189722229,2.3715010667189227,0.6244074519550558,21.764735759381427,0.090947456132632,3.1646714212939377,1.6156925763543135,0.010901715151437,1.0809495578281705,0.0681324870059016,0.0,0.0272120236921364,0.0056772776663083,0.0038620533217569,0.0249728144045722,0.0135709620521484,28.55886278026672,0.0225213172555812,0.0168268855073471,-57.18066174266106,-506205000.0,3698918000.0,-8279402000.0,50374000.0,669878000.0,195286000.0,0.0,121.63901632035292,154.02508882604596,0.0,0.7398941780569216,0.5843203901777644,0.0,0.0621694722428863,0.0146478328712974,2023-08-03,1.51,amc,507950000.0,2025-04-25,2023-06-30,-0.0066225165562913,150.4517741935484,1431681.8548387096
2023-03-31,EXR,USD,1289490,2023-05-04,2023-05-04 16:43:14,2023,Q1,503050000.0,126255000.0,376795000.0,0.7490209721,0,34763000.0,0.0,34763000.0,78490000.0,113253000.0,239508000.0,19438000.0,80099000.0,78490000.0,342032000.0,0.6799165093,263542000.0,0.5238882795,-50356000.0,213186000.0,0.4237868999,4308000.0,196304000.0,0.3902276116,1.46,1.46,134511273,142940384,https://www.sec.gov/Archives/edgar/data/1289490/000162828023015789/0001628280-23-015789-index.htm,https://www.sec.gov/Archives/edgar/data/1289490/000162828023015789/exr-20230331.htm,3.739835247860601,1.4593869764357963,2.093869113854866,2.064652231787294,0.6551941561061577,29.98039428264128,27.70372807340839,24.18632228690602,56.84394942868469,21915921709.89,29434023709.89,27.910691720354656,43.56609026913826,77.8128866422036,78.91401636146608,6.736452035463324,6.736452035463324,58.51112952964914,86.05634475689409,104.5060472783145,105.98491176293304,0.0089571409589136,0.0126720200809384,2.325631283363861,0.6236099410607839,21.98069771249473,0.1406435149879744,3.2902033608409598,1.3483899692643553,0.0100378164748017,1.1206496046947592,0.0691044627770599,0.0,0.0252407174381828,0.0139535379142123,0.0078123446973461,0.050070072620716,0.0109313189543782,28.18132510105342,0.0212595472333343,0.0165987513801003,-55.94617151530489,-292989000.0,3726463730.0,-8052017000.0,239731270.0,646290500.0,174918000.0,-349585500.0,116.03926051088362,126.99726743495307,0.0,0.7755995652140396,0.7086766653943735,0.0,0.0603393504446055,0.0292168820675721,2023-05-02,1.41,amc,450320000.0,2025-04-25,2023-03-31,0.0354609929078014,157.14709677419356,1032602.370967742
2022-12-31,EXR,USD,1289490,2023-02-28,2023-02-28 16:59:50,2022,Q4,506718000.0,121182000.0,385536000.0,0.7608492297,0,35963000.0,19285000.0,35963000.0,79920000.0,115883000.0,237065000.0,17248000.0,72922000.0,79920000.0,349573000.0,0.6898768151,269570000.0,0.5319921534,-44682000.0,224888000.0,0.4438129295,5409000.0,204260000.0,0.4031038961,1.52,1.51,133921234,143341111,https://www.sec.gov/Archives/edgar/data/1289490/000162828023005628/0001628280-23-005628-index.htm,https://www.sec.gov/Archives/edgar/data/1289490/000162828023005628/exr-20221231.htm,3.783701694385522,1.525224894507767,2.16633308501324,2.1413781178270805,-3.473541768589139,30.45278092344937,29.016227553578247,24.33965774240103,56.99931797223434,19710527220.120003,27178156220.120003,24.12431119666112,38.898415331841385,67.93969081587493,68.731439242196,6.046921512113308,6.046921512113308,53.63566366326044,77.74672592025128,93.67966213788873,94.7713763359556,0.0103629901787455,0.0145493825100358,2.319457589389118,0.6213702977236494,21.362144673644703,0.0784336909813248,3.696689613559694,1.321848559543282,0.0101916096792654,0.9834622539900127,0.0709724146369381,0.0,0.0158114373602111,0.0115194507062643,0.006595384415,0.0418168168168168,0.0117520988005162,28.901170703475792,0.0220554086317073,0.0170570985245768,-62.87995374953012,-1091164000.0,3885889000.0,-7996316000.0,-677054000.0,540991000.0,181431500.0,-599016500.0,114.3806614329864,127.5040847650641,-519.2635044808635,0.786846297900886,0.7058597390493943,-0.1733224061066606,0.0626641882416752,0.0249549671861595,2023-02-22,1.46,amc,509221500.0,2025-04-25,2022-12-31,0.0410958904109589,159.82650793650794,999984.5873015872
2022-09-30,EXR,USD,1289490,2022-11-04,2022-11-04 16:59:29,2022,Q3,498902000.0,125347000.0,373555000.0,0.7487542644,0,32275000.0,0.0,32275000.0,71423000.0,103698000.0,229045000.0,18125000.0,56245000.0,71423000.0,352429000.0,0.7064092748,269857000.0,0.5409018204,-26971000.0,242886000.0,0.4868411031,6760000.0,220406000.0,0.4417821536,1.56,1.56,141504215,141504215,https://www.sec.gov/Archives/edgar/data/1289490/000162828022028483/0001628280-22-028483-index.htm,https://www.sec.gov/Archives/edgar/data/1289490/000162828022028483/exr-20220930.htm,3.525704163653358,1.5575931784081485,2.1740271129026087,2.1035133123066334,-1.919886273352352,28.757433126638663,26.391326929731388,22.971548939372585,51.472749415980296,24439192972.65,31579567972.65,27.72065299112774,48.98595911150888,79.4424315018821,82.10549416994786,7.5184307534430115,7.5184307534430115,63.298138657792514,89.60547506774415,102.6530486638343,106.09417573524472,0.0090185465717569,0.0121794529112769,2.2234142862900086,0.6103861740639973,20.26046380973189,0.1100564080790926,4.797884256378345,1.3028383151368337,0.0082195021834314,0.9113998711468836,0.0646920637720434,0.0,0.0282766690497012,0.0324346463654862,0.0199999198239333,0.1397028968259524,0.0113128430032351,28.3735330602712,0.0238858851050615,0.0191560261922845,-56.280676868883376,-762970000.0,3734484000.0,-7676993000.0,-201172000.0,457166500.0,181550500.0,-136422500.0,79.01279209143279,137.27069654638723,-358.18631479014255,1.1390560644389447,0.655638838181219,-0.2512658811454871,0.0678053178964557,0.0705138005959751,2022-11-01,1.59,amc,497425728.0,2025-04-25,2022-09-30,0.0377358490566036,189.10734375,662988.46875
2022-06-30,EXR,USD,1289490,2022-08-05,2022-08-05 16:18:46,2022,Q2,474988000.0,111789000.0,363199000.0,0.7646487911,0,31251000.0,0.0,31251000.0,69067000.0,100318000.0,212107000.0,15060000.0,47466000.0,69067000.0,340673000.0,0.7172244351,275665000.0,0.5803620302,-22216000.0,253449000.0,0.5335903223,5615000.0,231817000.0,0.4880481191,1.62,1.62,142737909,142737909,https://www.sec.gov/Archives/edgar/data/1289490/000162828022021367/0001628280-22-021367-index.htm,https://www.sec.gov/Archives/edgar/data/1289490/000162828022021367/exr-20220630.htm,3.327693416049692,1.6240745126790388,2.4725176547177807,2.461819725830508,5.332031310616999,27.275445095668317,25.014321878569763,22.433563882458163,46.75350820783006,24282573079.08,30849876079.08,26.187222118179427,51.12249799801258,68.80436209440046,69.10335400071146,7.583280164103781,7.583280164103781,64.94874834538979,90.55568266073332,87.41273164914628,87.79258691523785,0.0095466406811605,0.0144710776265607,2.069264112525452,0.6002510968842807,19.27743906913668,0.0839010157898827,5.807630725150634,1.424025759177514,0.0082785296000277,0.8671667737913958,0.0657932410924065,0.0,0.0292376856944258,0.0043267350859396,0.0032148180585614,0.0221089666555663,0.0110423842286541,28.631451848034004,0.0264208339677108,0.0216327537306531,-41.433861483847295,-766129000.0,3570492000.0,-7075361000.0,-211336000.0,435222000.0,154387000.0,263008500.0,90.2556064574263,138.40914580146526,181.96361001529667,0.9971679714151956,0.6502460475342896,0.4946043881654919,0.0723948509112712,0.0106979288872726,2022-08-02,1.47,amc,478524333.0,2025-04-25,2022-06-30,0.1156462585034013,185.2525806451613,744615.8548387097
2022-03-31,EXR,USD,1289490,2022-05-06,2022-05-06 16:22:57,2022,Q1,443562000.0,110584000.0,332978000.0,0.750690997,0,29762000.0,0.0,29762000.0,67906000.0,97668000.0,208252000.0,18989000.0,42538000.0,67906000.0,312313000.0,0.704102245,235310000.0,0.5305008094,-14452000.0,220858000.0,0.4979191184,3141000.0,203293000.0,0.4583192429,1.44,1.44,141581862,141581862,https://www.sec.gov/Archives/edgar/data/1289490/000162828022013050/0001628280-22-013050-index.htm,https://www.sec.gov/Archives/edgar/data/1289490/000162828022013050/exr-20220331.htm,3.132901303416959,1.435868953326804,2.0303801344271064,1.9739816672279675,5.36851959186693,27.391672529352665,26.346496276479257,22.67391426170112,44.48342401373419,29109230827.2,35298760827.2,35.79713864619048,65.62606992303218,101.2618260560416,104.15496932589096,9.067688870433912,9.067688870433912,79.58021838480302,113.02366800997716,122.79324727253751,126.30156299985688,0.0069837984111225,0.0096010781479959,1.9486258708528867,0.5906019307479878,19.818355303813803,0.1724550386603443,5.53175983826226,1.3203608353964091,0.0069574837343608,0.9962320394701244,0.0670977225280795,0.0,0.0139710623834588,0.027777294627172,0.0180019929570161,0.1175890201160427,0.0102398311848174,27.06524181717828,0.0223248127438019,0.0194654766496242,-38.90272858538899,-348696000.0,3730186000.0,-6640920000.0,36243000.0,197053500.0,139570500.0,300000000.0,79.96543887889403,111.38175504593794,244.15828691311583,1.1254862258219214,0.8080317998480154,0.3686133333333333,0.0633269111258903,0.0563984671991388,2022-05-03,1.35,amc,438785539.0,2025-04-25,2022-03-31,0.1185185185185184,198.82516129032257,737288.6451612903
2021-12-31,EXR,USD,1289490,2022-02-28,2022-02-28 16:57:00,2021,Q4,427383000.0,102375000.0,325008000.0,0.7604607577,0,27918000.0,18793000.0,27918000.0,62194000.0,90112000.0,192487000.0,12832000.0,45578000.0,62194000.0,297090000.0,0.6951376166,311773000.0,0.729493218,-23921000.0,287852000.0,0.6735223441,3994000.0,268044000.0,0.6271751567,2.0,2.0,133900276,141088941,https://www.sec.gov/Archives/edgar/data/1289490/000162828022004274/0001628280-22-004274-index.htm,https://www.sec.gov/Archives/edgar/data/1289490/000162828022004274/exr-20211231.htm,3.191800739828199,2.001818129187426,1.6666731889335311,1.6621847739880686,5.902250716794639,28.27459444519741,27.176613138571877,23.27475411626485,46.57705858649612,30359209577.48,36479186577.48,28.315509372976077,71.03513611322865,136.03746763639947,136.4048110343402,9.741456294980004,9.741456294980004,85.35479084914466,122.78833544542056,163.4606510677158,163.90204557495045,0.0088290836201094,0.0073311197194375,1.986558943120736,0.5910655968789659,20.599740819280356,0.1028443701771033,6.840427399183817,0.7861959148588379,0.0055140763652877,0.6245355240184447,0.0653231410701876,0.0,0.0140360229918878,0.0026930384284485,0.0014062328169346,0.0096633115734636,0.0108942096433409,32.37770925655751,0.0299404779886525,0.0259545016745167,-42.92887342517501,-664673000.0,3638956000.0,-6612307000.0,-289704000.0,0.0,153479500.0,-3057500.0,0.0,125.08571428571427,263.7362637362637,0.0,0.719506624029237,0.34125,0.0860081322100204,0.0044884149454628,2022-02-23,1.4,amc,421004243.0,2025-04-25,2021-12-31,0.4285714285714286,198.16453125,627277.25
2021-09-30,EXR,USD,1289490,2021-11-03,2021-11-03 16:24:53,2021,Q3,412492000.0,100303000.0,312189000.0,0.7568364962,0,24395000.0,0.0,24395000.0,61516000.0,85911000.0,186214000.0,11729000.0,39670000.0,61516000.0,296049000.0,0.7177084646,226278000.0,0.5485633661,-19686000.0,206592000.0,0.5008388041,6772000.0,188016000.0,0.4558052035,1.41,1.4,133809750,140425269,https://www.sec.gov/Archives/edgar/data/1289490/000162828021021482/0001628280-21-021482-index.htm,https://www.sec.gov/Archives/edgar/data/1289490/000162828021021482/exr-20210930.htm,3.082675216118407,1.405099404191399,1.984758210817971,1.9774269064847667,0.4899867162146256,25.281222033521477,25.281222033521477,22.358318433447486,43.77570393786701,22478699902.5,28231080902.5,29.889344394227088,54.494874815754,84.64003276790422,84.953835435886,7.513534638127846,7.513534638127846,68.4403113333107,95.35948745815726,106.29972476278334,106.69383067396323,0.0083641847978534,0.0117710989135351,1.944656006947079,0.5992718851117769,19.430503058615297,0.2022594371314106,5.704008066549029,1.3290961865679112,0.0074414445998007,0.8896796017360225,0.05914054090746,0.0,0.0,0.0036938022441448,0.0023782279413903,0.0159470706807984,0.0097262492363488,26.586694942490865,0.0235170024494747,0.0193664057299905,-47.92607788296444,-320588000.0,3382874000.0,-6244202000.0,-91404000.0,0.0,157382500.0,-287448000.0,0.0,147.75889056159835,-274.6712461242436,0.0,0.60910040443543,-0.3276644398347026,0.0628445921983741,0.0073313043332044,2021-10-27,1.22,amc,332140000.0,2025-04-25,2021-09-30,0.1475409836065573,176.78484375,756799.125
2021-06-30,EXR,USD,1289490,2021-08-05,2021-08-05 17:08:35,2021,Q2,378630000.0,95890000.0,282740000.0,0.7467448433,0,26341000.0,0.0,26341000.0,59570000.0,85911000.0,181801000.0,12838000.0,40240000.0,59570000.0,264721000.0,0.6991548477,196829000.0,0.5198452315,-12829000.0,184000000.0,0.4859625492,5421000.0,167716000.0,0.4429548636,1.25,1.25,133756610,140407195,https://www.sec.gov/Archives/edgar/data/1289490/000162828021015923/0001628280-21-015923-index.htm,https://www.sec.gov/Archives/edgar/data/1289490/000162828021015923/exr-20210630.htm,2.8307386079835606,1.2538894339502176,1.942393725439064,1.9320764783138569,0.4187157554307035,25.12740118039774,25.12740118039774,22.190222972905783,42.23741166885136,21912007850.2,27465294850.2,32.662369496947214,57.871821699812486,84.33923455089912,84.78960426192208,7.382530594668825,7.382530594668825,72.53861249821726,103.7518551614719,105.71381501031532,106.27832452443234,0.0076540680866207,0.0117938986589784,1.8898668469847093,0.5927547156093679,20.977886151835328,0.1261072826855496,4.891376739562625,1.4548631138039747,0.00610519131403,0.797640058193613,0.0695692364577555,0.0,0.0,0.0053116147308781,0.0036447191189287,0.0231660231660231,0.0131606053403058,25.0208300773842,0.0212508287699198,0.0177231693696764,-46.20722295518704,-414046000.0,3360956000.0,-6042388000.0,-180117000.0,0.0,139567500.0,-256253000.0,0.0,140.87172802169152,-252.27124830534987,0.0,0.638879080024785,-0.3567588482816866,0.0565063918231562,0.0103172471252074,2021-07-27,1.08,amc,329060000.0,2025-04-25,2021-06-30,0.1574074074074073,149.8125396825397,711665.5238095238
2021-03-31,EXR,USD,1289490,2021-05-03,2021-04-30 19:12:30,2021,Q1,358857000.0,99528000.0,259329000.0,0.7226527558,0,23540000.0,0.0,23540000.0,58599000.0,82139000.0,181667000.0,12304000.0,40695000.0,58599000.0,242745000.0,0.6764393616,241073000.0,0.6717801241,-21435000.0,219638000.0,0.6120488105,4137000.0,202686000.0,0.5648099382,1.54,1.53,132007556,139676548,https://www.sec.gov/Archives/edgar/data/1289490/000162828021008511/0001628280-21-008511-index.htm,https://www.sec.gov/Archives/edgar/data/1289490/000162828021008511/exr-20210331.htm,2.7184580252360706,1.5354121092886532,1.544457046079999,1.5391770452897409,0.4570192936531603,25.109539941789397,25.109539941789397,22.13486173473282,42.30109373436169,17497601547.800003,22980640547.800003,21.582153611744275,48.75925939245996,85.8230407484795,86.11744854539998,5.988291302132228,5.988291302132228,64.03843466283227,94.66988217182642,112.71650258877771,113.1031658544268,0.0115836447324681,0.0116120486253469,1.897134774530462,0.5937238261587823,22.58764959113473,0.1154037707692788,5.923897284678708,0.9460744961740316,0.0075747524389515,0.6539178828335455,0.0655971598714808,0.0,0.0,0.0034186776535216,0.0019422778432634,0.0118944009283434,0.0101767556436129,27.65299317905972,0.0258632992577804,0.0217087311757198,-46.08444913562372,-481338000.0,3314649000.0,-5959168000.0,-242411000.0,0.0,129528000.0,-268767500.0,0.0,116.69037858693032,-220.3927537979262,0.0,0.7712718142649019,-0.408361883270079,0.0693662389984288,0.0052800007902577,2021-04-28,0.99,amc,311200000.0,2025-04-25,2021-03-31,0.5454545454545455,121.06606557377047,851548.5737704918
2020-12-31,EXR,USD,1289490,2021-02-26,2021-02-26 16:05:52,2020,Q4,353490000.0,94725000.0,258765000.0,0.7320291946,0,24352000.0,28336000.0,24352000.0,56739000.0,81091000.0,175816000.0,8704000.0,41016000.0,56739000.0,234413000.0,0.6631389855,195749000.0,0.5537610682,-25643000.0,170106000.0,0.4812187049,3797000.0,155863000.0,0.4409261931,1.2,1.19,130388071,138127843,https://www.sec.gov/Archives/edgar/data/1289490/000162828021003458/0001628280-21-003458-index.htm,https://www.sec.gov/Archives/edgar/data/1289490/000162828021003458/exr-20201231.htm,2.711060891452256,1.195377758138626,1.4415812624453963,1.4133118051880682,0.8369170520208095,22.518348323444403,21.4665803285026,19.53997003299481,46.40611640001945,15106761906.06,21007425906.06,24.23083397929592,42.736037528812695,80.37007903630995,81.97766379272733,5.929384733157782,5.929384733157782,59.42862854977509,89.61715393796418,111.76243399600988,113.99793739959516,0.0103174327476145,0.012198444719386,2.3588341060978992,0.6396216711892316,25.172085165925097,0.1136707934551538,4.772503413302126,1.13021544233926,0.0078153743822916,0.757492156573401,0.0688902090582477,0.0,0.014595595841908,0.0196100337828851,0.0104274519788395,0.0649641340171663,0.0140456590002546,22.92481243921286,0.0207599124989396,0.0168342026048985,-49.83205097036829,-998129000.0,2798986000.0,-6331715000.0,-608819000.0,0.0,141925000.0,-146905000.0,0.0,123.52684085510688,-279.1543942992874,0.0,0.7285865920068917,-0.3224022327354413,0.061176028219088,0.0282694572573283,2021-02-22,0.9,amc,239587666.0,2025-04-25,2020-12-31,0.3222222222222221,113.87421875,1066200.53125
2020-09-30,EXR,USD,1289490,2020-11-06,2020-11-05 19:46:58,2020,Q3,343024000.0,99511000.0,243513000.0,0.709900765,0,23894000.0,0.0,23894000.0,56412000.0,80306000.0,179817000.0,3145000.0,43446000.0,56412000.0,225224000.0,0.6565837959,163207000.0,0.4757888661,-34696000.0,128511000.0,0.3746414245,4657000.0,114456000.0,0.3336676151,0.89,0.88,128862341,129871096,https://www.sec.gov/Archives/edgar/data/1289490/000162828020015840/0001628280-20-015840-index.htm,https://www.sec.gov/Archives/edgar/data/1289490/000162828020015840/exr-20200930.htm,2.661941396827487,0.8882036373993858,1.4837073307553834,1.4787252700926798,0.5804876693959797,21.47890515197144,21.47890515197144,18.54136733399869,43.385530300120806,13786981863.59,19259493863.59,30.11415273902198,40.19247010002216,72.10990859331359,72.3528583462257,5.770340346141354,5.770340346141354,56.14619928515206,85.51261794298121,100.73273148524537,101.072116081647,0.0083017444377921,0.0138211540339534,2.321747854168864,0.6331753395462489,24.29808546158491,0.2737214003023457,3.7565483588822906,1.5437046845479354,0.0084271525958,1.0151062416998673,0.0696569336256355,0.0,0.0,0.0033578459575091,0.0018715891599421,0.011380557328228,0.0100634357945799,19.249453834832696,0.0185777170394814,0.0130641069892561,-45.92869378339169,-213791000.0,2767822000.0,-5912708000.0,42363000.0,0.0,143047500.0,0.0,0.0,139.13456803770438,0.0,0.0,0.6468557833565179,0.0,0.0479038908727468,0.0049820606627036,2020-11-04,1.24,amc,307942000.0,2025-04-25,2020-09-30,0.0564516129032258,103.36109375,808665.59375
2020-06-30,EXR,USD,1289490,2020-08-06,2020-08-06 17:17:56,2020,Q2,327246000.0,95898000.0,231348000.0,0.7069544013,0,25337000.0,0.0,25337000.0,56018000.0,81355000.0,177253000.0,1669000.0,42272000.0,56018000.0,211055000.0,0.6449429481,149993000.0,0.4583493763,-35559000.0,114434000.0,0.3496880023,3177000.0,102738000.0,0.3139473057,0.8,0.8,128932152,129082468,https://www.sec.gov/Archives/edgar/data/1289490/000162828020012042/0001628280-20-012042-index.htm,https://www.sec.gov/Archives/edgar/data/1289490/000162828020012042/exr-20200630.htm,2.538125633705393,0.7968377042213645,1.57305215847169,1.5600996095993185,0.4374161070389952,21.29428507483533,21.29428507483533,18.42589271293633,41.84406229409713,11909462880.24,17205838880.239998,28.98017987560591,36.39299756220091,58.72023982328898,59.20775790958851,5.013054262231184,5.013054262231184,52.577690423229,81.52301002222168,84.83430324006369,85.53863035610772,0.008626585517174,0.0168896785709572,2.253144560106748,0.6275310103501872,25.09476676695648,0.1602436182552801,3.548282551097653,1.822959454236588,0.0097668552452514,1.1321808873055734,0.0774249341473998,0.0,0.0,0.0082340237751273,0.0051031945386651,0.0298118461922953,0.0149245521717606,18.175671543883062,0.0179051043859221,0.0120444638585192,-44.42630415414148,-323606000.0,2745518000.0,-5722625000.0,-62302000.0,0.0,124163000.0,0.0,0.0,124.12281799411876,0.0,0.0,0.7250882751007508,0.0,0.043245541295371,0.0129525488723712,2020-08-04,1.16,amc,298611974.0,2025-04-25,2020-06-30,0.0603448275862069,92.95349206349206,1117534.873015873
2020-03-31,EXR,USD,1289490,2020-05-08,2020-05-08 16:20:14,2020,Q1,332452000.0,96975000.0,235477000.0,0.7083037551,0,23011000.0,0.0,23011000.0,0.0,78286000.0,175261000.0,1674000.0,45567000.0,55275000.0,217509000.0,0.6542568551,157191000.0,0.4728231444,-38850000.0,118341000.0,0.3559641693,2179000.0,108016000.0,0.3249070543,0.84,0.83,129288629,137139560,https://www.sec.gov/Archives/edgar/data/1289490/000162828020007222/0001628280-20-007222-index.htm,https://www.sec.gov/Archives/edgar/data/1289490/000162828020007222/exr-20200331.htm,2.571393962264075,0.8354640375991612,1.463825561952552,1.455356139633904,0.7216179854455723,21.460742692228564,21.460742692228564,18.54856856746466,42.088295328740784,12380679113.04,17683353113.04,28.6547342825137,37.2405012243572,65.41763068563216,65.79832756543598,5.162662533860914,5.162662533860914,53.1906955381228,81.29940882004882,93.43615585788562,93.97990610721668,0.0087245617961482,0.0151979546745395,2.250084753925889,0.631145661856163,24.37910155441844,0.2413370759104048,3.449667522549213,1.629241920765827,0.009466120471256,1.0849966671604208,0.0692160071228327,0.0,0.0,0.0057858139239971,0.003293708565447,0.019810040705563,0.0089637000228604,18.67283842132271,0.0189467397410549,0.0126342098226723,-43.944769497091656,-307851000.0,2774630000.0,-5676926000.0,-48170000.0,0.0,113725500.0,-21793000.0,0.0,107.72064965197217,0.0,0.0,0.8354944041906107,0.0,0.0450419683093291,0.0084694223186479,2020-05-06,1.2,amc,304413879.0,2025-04-25,2020-03-31,0.0333333333333333,104.12564516129032,1210147.564516129
2019-12-31,EXR,USD,1289490,2020-02-25,2020-02-25 16:20:41,2019,Q4,335801000.0,95545000.0,240256000.0,0.7154713655,0,20870000.0,25106000.0,20870000.0,0.0,75611000.0,171156000.0,1562000.0,46019000.0,54741000.0,222205000.0,0.6617163141,164645000.0,0.4903052701,-41638000.0,123007000.0,0.3663092129,2728000.0,112110000.0,0.3338584459,0.87,0.86,129313513,137436403,https://www.sec.gov/Archives/edgar/data/1289490/000162828020002202/0001628280-20-002202-index.htm,https://www.sec.gov/Archives/edgar/data/1289490/000162828020002202/q4201910kexrdocument.htm,2.5967974437443364,0.8669627589500256,1.2622037420018124,1.2405122734543603,0.5564770404157221,22.593880037889,21.5504314696021,19.64188383003716,41.506010280611584,13658093243.06,18913616243.06,30.45690224569619,40.67317620572899,83.6790420479108,85.14224507097218,5.377284628803356,5.377284628803356,56.32388302315955,85.11786972867398,115.87805564918516,117.90428727400806,0.0082083200052075,0.0117450508753489,2.095019962904942,0.6236561042719982,23.65168650570419,0.224801840798866,3.577761359438493,1.357011614662576,0.0085355252688171,1.0398626349121398,0.0621499042587723,0.0,0.0158141160429268,0.0171853939468202,0.0083531615450817,0.0512412999397161,0.009124451684182,19.57415618656295,0.018323537524783,0.013350489345271,-43.00027019604672,-243913000.0,2786762000.0,-5539950000.0,155662000.0,0.0,117020000.0,-21793000.0,0.0,104.91789209273118,-41.056465539798005,0.0,0.8578136503205186,-2.1921029688432063,0.0441384729923018,0.0216914685474518,2020-02-18,1.25,amc,327610731.0,2025-04-25,2019-12-31,0.016,109.0384375,890373.609375
2019-09-30,EXR,USD,1289490,2019-11-05,2019-11-05 16:48:57,2019,Q3,337505000.0,96297000.0,241208000.0,0.7146797825,0,22519000.0,0.0,22519000.0,0.0,78570000.0,174867000.0,2799000.0,48094000.0,56051000.0,221393000.0,0.6559695412,162638000.0,0.4818832314,-42591000.0,120047000.0,0.3556895453,4052000.0,107922000.0,0.3197641516,0.84,0.83,128776549,137318475,https://www.sec.gov/Archives/edgar/data/1289490/000162828019013342/0001628280-19-013342-index.htm,https://www.sec.gov/Archives/edgar/data/1289490/000162828019013342/q3201910qexrdocument.htm,2.620857622143609,0.8380563141197394,1.4059935710810203,1.383194388910049,0.5079962190942079,22.581665859053267,22.581665859053267,19.589855603290005,39.90744463885268,15043676454.179998,20072448454.18,34.8484934818202,44.5731958168916,83.08715089655858,84.45667574754523,5.963290509419617,5.963290509419617,59.47304026364054,90.66433199866302,110.86136814066133,112.68869519478112,0.0071739112662193,0.0118403902491872,2.018084095145149,0.612020417314325,22.714232157294948,0.2041456421491978,3.381669231089117,1.560920729341782,0.0077401292399934,1.0789273734734346,0.0667219744892668,0.0,0.0,0.0162157086916419,0.0086991303832535,0.05238086742431,0.0089924593709722,19.21956162541697,0.0196641269204657,0.0129738424197835,-41.50618293086888,-260086000.0,2907989000.0,-5343726000.0,9232000.0,0.0,118857000.0,0.0,0.0,114.63721611265149,0.0,0.0,0.7850853592916891,0.0,0.042780116969264,0.0227991821709712,2019-10-29,1.24,amc,346049430.0,2025-04-25,2019-09-30,0.0,115.6321875,807454.890625
2019-06-30,EXR,USD,1289490,2019-08-06,2019-08-06 16:04:15,2019,Q2,323602000.0,87852000.0,235750000.0,0.7285183652,0,23351000.0,0.0,23351000.0,0.0,77757000.0,165609000.0,1718000.0,48633000.0,54406000.0,215520000.0,0.6660033004,159198000.0,0.4919561684,-43794000.0,115404000.0,0.3566232594,2715000.0,104652000.0,0.3233972596,0.82,0.81,127585436,135654761,https://www.sec.gov/Archives/edgar/data/1289490/000162828019010117/0001628280-19-010117-index.htm,https://www.sec.gov/Archives/edgar/data/1289490/000162828019010117/q2201910qexrdocument.htm,2.536355325070175,0.8202503614911031,1.521082704141874,1.514491042692365,0.4308250355471607,22.17189585808211,22.17189585808211,19.141753765688428,41.736432989107,13487056439.56,18715717439.56,32.21882152171005,41.677914350220334,69.4965498668508,69.79902622076625,5.522482490057157,5.522482490057157,57.83560497017941,86.83981736989605,96.43896695776736,96.85870732123357,0.0077594396130082,0.0143268474382023,2.160473571262738,0.6282814082773907,24.26067650334076,0.1026382630220774,3.27345629510826,1.7221556673677112,0.0085691047945055,1.1043458319000117,0.0721596281852399,0.0,0.0,0.0043335325762104,0.0025988714532048,0.0154578539131713,0.0123546826039394,18.795562908098585,0.0197880293056774,0.0124614894940279,-43.22009762932503,-486493000.0,2828811000.0,-5513578000.0,-257700000.0,0.0,107179000.0,0.0,0.0,117.869143559623,0.0,0.0,0.7635586149353358,0.0,0.042851369395494,0.006591661449509,2019-07-30,1.19,amc,315196753.0,2025-04-25,2019-06-30,0.0252100840336134,105.05984126984129,870411.3333333334
2019-03-31,EXR,USD,1289490,2019-05-07,2019-05-07 16:04:29,2019,Q1,311546000.0,85732000.0,225814000.0,0.7248175229,0,22678000.0,0.0,22678000.0,0.0,77337000.0,163069000.0,1388000.0,48522000.0,54659000.0,205766000.0,0.6604674751,148477000.0,0.4765813074,-44504000.0,103973000.0,0.3337324183,1813000.0,94603000.0,0.3036566029,0.74,0.74,127037247,134289716,https://www.sec.gov/Archives/edgar/data/1289490/000162828019006047/0001628280-19-006047-index.htm,https://www.sec.gov/Archives/edgar/data/1289490/000162828019006047/q1201910qexrdocument.htm,2.452398862201414,0.7446871073961482,1.332987009707476,1.3236826519075937,0.5108423043833751,21.834635632492887,21.834635632492887,18.76732262625307,40.56443383096927,12853628651.46,17919312651.46,33.96728605715464,41.25756277230329,75.90471569726998,76.43826097908503,5.39128580112233,5.39128580112233,57.517389571556045,87.08587741152571,105.81917131588116,106.56298965526264,0.007360022804864,0.0130824535669855,2.1410876585314087,0.6276868382888735,24.6186639192092,0.0977881354516446,3.059993405053378,1.6575861393891935,0.0085207845169511,1.157711700474615,0.0727918188646299,0.0,0.0,0.0069800813752295,0.003793982269071,0.0216249839916573,0.0094817458738035,17.732882506873505,0.019061248748406,0.0116326882437583,-41.67129031062834,-432044000.0,2773812000.0,-5311874000.0,-337846000.0,0.0,100381500.0,0.0,0.0,104.24555591844351,0.0,0.0,0.863346156170067,0.0,0.0396799864438002,0.0093043577998821,2019-04-30,1.14,amc,302770056.0,2025-04-25,2019-03-31,0.0175438596491228,96.04983606557376,860798.0491803279
2018-12-31,EXR,USD,1289490,2019-02-26,2019-02-26 16:22:26,2018,Q4,307353000.0,79116000.0,228237000.0,0.7425891402,0,18434000.0,16153000.0,18434000.0,0.0,71560000.0,150676000.0,1295000.0,49359000.0,53126000.0,213607000.0,0.6949891493,156677000.0,0.5097623905,-44260000.0,112417000.0,0.3657585903,3167000.0,101289000.0,0.3295526642,0.8,0.8,126466028,133584084,https://www.sec.gov/Archives/edgar/data/1289490/000162828019001968/0001628280-19-001968-index.htm,https://www.sec.gov/Archives/edgar/data/1289490/000162828019001968/q4201810kexrdocument.htm,2.430320654966724,0.8009186467056592,1.1763475326354047,1.166297402809235,0.7893028790308809,22.02506114922815,20.98130258348906,19.085947729772933,38.4362035945337,11442646213.44,16196665213.44,28.242568821490984,37.22965519594733,76.91604520757153,77.57884033871876,4.740660578193696,4.740660578193696,52.6972738624318,75.82459944402571,108.871969868789,109.81013317857312,0.0088518860157566,0.0128901127631436,1.9933989967369925,0.613089766561527,22.255913897952784,0.3192947315710407,3.174233675722766,1.361720823798627,0.0095518989192921,1.079080650416136,0.0599766392389207,0.0,0.0168196190152418,0.0085435039793503,0.0041353102133377,0.023924255543425,0.0088530126597104,18.54566140916941,0.0194484488558,0.0131271758421291,-39.241653102286094,-154968000.0,2653422000.0,-4989866000.0,7450742000.0,0.0,114000000.0,-80125000.0,0.0,115.41900500530866,0.0,0.0,0.7797675954307567,0.0,0.0419637870775614,0.0100501298261696,2019-02-20,1.2,amc,291985350.0,2025-04-25,2018-12-31,0.0166666666666666,90.91396825396824,1020444.126984127
2018-09-30,EXR,USD,1289490,2018-11-06,2018-11-06 16:14:57,2018,Q3,306953000.0,81372000.0,225581000.0,0.7349040407,0,19707000.0,0.0,19707000.0,0.0,71990000.0,153362000.0,1371000.0,47066000.0,52283000.0,209496000.0,0.6825018814,153591000.0,0.5003730213,-11266000.0,142325000.0,0.4636703339,2638000.0,130199000.0,0.4241659147,1.03,1.02,126466837,134240290,https://www.sec.gov/Archives/edgar/data/1289490/000162828018013771/0001628280-18-013771-index.htm,https://www.sec.gov/Archives/edgar/data/1289490/000162828018013771/exr-09302018x10qq32018.htm,2.4271422238543057,1.0295110013702644,1.4967164870265557,1.4903432747353365,0.9541710922998732,21.90371852187621,21.90371852187621,18.943456299140305,38.02199148856708,10843266604.38,15559343604.38,20.82056429845851,35.325494796858145,57.28539823218955,57.53036998487895,4.5261011848134105,4.5261011848134105,50.68966129791857,74.27036126885477,82.20061602546424,82.55213368269143,0.0120073594748106,0.0173821235681751,1.987484759272686,0.6105454890500841,22.511537213121013,0.3899283777531814,3.2633110950580035,1.3550652530299885,0.0100334155720245,0.8356054962019678,0.0642020113828501,0.0,0.0,0.0042581292759595,0.0026258091629663,0.0154161008358357,0.008512703899294,20.947700946373327,0.0197621274603702,0.0166949833882357,-39.441565222351535,-104174000.0,2770094000.0,-4962013000.0,7321632000.0,0.0,116895500.0,-160177000.0,0.0,139.95612741483558,-177.24155729243475,0.0,0.6430586617564545,-0.5077815912636505,0.0543465239454209,0.006373212291219,2018-10-30,0.75,amc,225700735.0,2025-04-25,2018-09-30,0.36,92.83285714285716,951652.4761904762
2018-06-30,EXR,USD,1289490,2018-08-09,2018-08-09 16:04:19,2018,Q2,296813000.0,78554000.0,218259000.0,0.7353417809,0,21651000.0,0.0,21651000.0,0.0,73543000.0,152097000.0,1188000.0,44523000.0,51892000.0,200037000.0,0.6739495912,144716000.0,0.4875662454,-39906000.0,104810000.0,0.3531179564,2097000.0,94960000.0,0.3199320784,0.75,0.75,125874130,132772772,https://www.sec.gov/Archives/edgar/data/1289490/000162828018010932/0001628280-18-010932-index.htm,https://www.sec.gov/Archives/edgar/data/1289490/000162828018010932/exr-06302018x10qq22018.htm,2.35801431159842,0.754404419716744,1.3357311784399224,1.3270796787234995,0.9410353024882872,21.57553740391294,21.57553740391294,18.60549105682001,38.22880841361128,12563496915.3,17281797915.300003,33.07576062368366,42.32798737016236,74.72311915079639,75.21025421473256,5.364545321334785,5.364545321334785,58.224531658990685,86.39300687022903,102.78586077354969,103.45594250231976,0.0075584051669847,0.0132960592999048,2.03569461346314,0.6173952974825397,23.587141378844915,0.1723388920893092,3.25036497989803,1.6369300867465657,0.008635016248373,1.1424389216512216,0.0729449181808074,0.0,0.0,0.0064769766971582,0.0036689767631471,0.0209858937793879,0.0104981924646157,17.77108481201896,0.0193718549757286,0.012297413515681,-39.46598876194815,-331883000.0,2715802000.0,-4937041000.0,7058197000.0,0.0,108091500.0,-160140500.0,0.0,122.87954782697253,-183.4325432186776,0.0,0.7324245701711857,-0.4906435816719132,0.0405474070753004,0.008651499716423,2018-07-31,1.15,amc,273056000.0,2025-04-25,2018-06-30,0.0,93.09921875,901957.53125
2018-03-31,EXR,USD,1289490,2018-05-09,2018-05-09 16:22:43,2018,Q1,285485000.0,78360000.0,207125000.0,0.7255197296,0,21464000.0,0.0,21464000.0,0.0,73213000.0,151573000.0,1438000.0,42175000.0,51749000.0,189258000.0,0.6629350053,133912000.0,0.4690684274,-37140000.0,96772000.0,0.3389740267,1342000.0,88078000.0,0.3085205878,0.7,0.7,125772439,132682560,https://www.sec.gov/Archives/edgar/data/1289490/000162828018006387/0001628280-18-006387-index.htm,https://www.sec.gov/Archives/edgar/data/1289490/000162828018006387/exr-03312018x10qq12018.htm,2.2698534135924646,0.7002965093171167,1.3644324731589248,1.3554400419952102,0.7697632388285004,21.599692441362293,21.599692441362293,18.6348775505578,36.22842998218393,10987480271.04,15466316271.04,31.186789751810892,38.48706681976286,64.02662038506364,64.45139385981686,4.687983581485088,4.687983581485088,54.17558285388024,81.72080583668854,90.12584652836696,90.7237707786974,0.0080162146213039,0.0155155682462821,1.926124926080126,0.6042819180834158,23.665240042693043,0.2139420032923895,3.175151155898044,1.798260505082259,0.0089490035544512,1.1163627693635187,0.0751843354291819,0.0,0.0,0.0065906018367442,0.0039616792475961,0.0218554947921698,0.0095486628018985,17.135449899394803,0.0182954307564588,0.0117899120608934,-37.665259079534906,-198640000.0,2716646000.0,-4699914000.0,6972959000.0,1423500.0,102509000.0,-80088500.0,0.0,125.11217457886676,-183.9705206738132,0.0,0.7193544537367691,-0.4892088127508943,0.0375798825303338,0.0089924311637146,2018-05-01,1.09,amc,265107142.0,2025-04-25,2018-03-31,0.0,84.1072131147541,1178185.1967213114
2017-12-31,EXR,USD,1289490,2018-03-01,2018-03-01 16:42:49,2017,Q4,281842000.0,72781000.0,209061000.0,0.7417666636,0,18790000.0,14410000.0,18790000.0,0.0,67947000.0,140728000.0,1535000.0,41595000.0,49157000.0,194195000.0,0.6890207989,141114000.0,0.5006847808,82672000.0,223786000.0,0.794012248,-5529000.0,215581000.0,0.7649001923,1.71,1.69,126007129,134676639,https://www.sec.gov/Archives/edgar/data/1289490/000162828018002649/0001628280-18-002649-index.htm,https://www.sec.gov/Archives/edgar/data/1289490/000162828018002649/exr-12312017x10k.htm,2.236714717942665,1.710863517888738,1.1725209610957803,1.1551886084159573,0.7463704692454345,21.61629283689179,20.609857716859818,18.65569844068108,36.47263481417785,11019323431.05,15517857431.05,12.77863474871394,39.09752070681446,74.58288841017693,75.70192379226722,4.68757577091321,4.68757577091321,55.058711728734544,79.90863529467804,105.03064334093648,106.60651427604732,0.0195639052931816,0.0132097039269977,1.9373455546759315,0.6108830729737093,23.16503514508613,0.467633241620942,3.3925712225027045,0.6442927850336873,0.0089194223778795,0.4559121629457141,0.0666685589798539,0.0,0.0170108208608373,0.0147821260812475,0.0077490225019691,0.0444290741908578,0.0082209181030506,26.798142881833048,0.0193441928084622,0.0294175239915183,-36.78479770775509,-101196000.0,2596989000.0,-4642439000.0,7130336000.0,3732500.0,105167000.0,0.0,0.9091263899631707,118.81988431046564,0.0,98.99613628380752,0.7574489785298739,0.0,0.0917072884367591,0.0173323526798233,2018-02-20,1.08,amc,229197939.0,2025-04-25,2017-12-31,0.037037037037037,84.32936507936508,989480.1111111112
2017-09-30,EXR,USD,1289490,2017-11-03,2017-11-03 16:29:32,2017,Q3,284156000.0,76702000.0,207454000.0,0.7300708062,0,19498000.0,0.0,19498000.0,0.0,67573000.0,144275000.0,1401000.0,41034000.0,48075000.0,191946000.0,0.6754951506,139881000.0,0.4922683315,-35643000.0,104238000.0,0.3668337111,3163000.0,93573000.0,0.3293015104,0.74,0.74,125717517,133044473,https://www.sec.gov/Archives/edgar/data/1289490/000162828017010869/0001628280-17-010869-index.htm,https://www.sec.gov/Archives/edgar/data/1289490/000162828017010869/exr-09302017x10q.htm,2.2602737214416986,0.7443115504739088,1.2773080779188473,1.2651777078925286,0.6945412388314988,20.4722862924504,20.4722862924504,17.620981171621455,34.633566617450775,10047343958.64,14296623958.64,26.843597935943063,35.35854938357803,62.56908680184332,63.16899159812643,4.535502264125391,4.535502264125391,50.31258871408663,74.48253132985319,89.03116178004733,89.88478173361416,0.0093132075885123,0.0158305519005571,1.946949937389009,0.6085846460151081,22.13789294905859,0.6149288674082745,3.408904810644831,1.58872124659906,0.0097822867819192,1.0503670930717195,0.0686172384183335,0.0,0.0,0.009496824012953,0.0053667703655738,0.031721268850754,0.0080554343388842,17.178438400396736,0.0194524778723495,0.0132035549823584,-35.17767933644442,-53620000.0,2573725000.0,-4427603000.0,6716466000.0,4647000.0,103462500.0,0.0,1.462647278255606,134.05426194884097,0.0,61.53226504980511,0.6713699265626231,0.0,0.0422400741039676,0.0121303700263186,2017-11-01,1.1,amc,276518918.0,2025-04-25,2017-09-30,0.027272727272727,77.83968253968253,1055024.873015873
2017-06-30,EXR,USD,1289490,2017-08-04,2017-08-04 16:23:06,2017,Q2,276003000.0,71099000.0,204904000.0,0.7423977276,0,21865000.0,0.0,21865000.0,0.0,68497000.0,139596000.0,1485000.0,38746000.0,46632000.0,186877000.0,0.6770832201,136407000.0,0.4942228889,-39442000.0,96965000.0,0.3513186451,2867000.0,86799000.0,0.3144857121,0.69,0.69,125673156,132783402,https://www.sec.gov/Archives/edgar/data/1289490/000162828017008114/0001628280-17-008114-index.htm,https://www.sec.gov/Archives/edgar/data/1289490/000162828017008114/exr-06302017x10q.htm,2.1961969348489983,0.6906725569937943,1.399885270646024,1.3774620253827317,0.4389004124317527,20.51896428860273,20.51896428860273,17.679121546052365,34.43420327567806,9802506168.0,14059567168.0,28.233349946427957,35.51594065281899,55.71885184848347,56.62588046906591,4.4119839210798855,4.4119839210798855,50.93990705898124,75.23433685258217,79.91659751716611,81.21753317543758,0.0088547763717153,0.0176597695561888,1.930293623477636,0.6094112324285044,22.7800157322731,0.2405677049819193,3.520544056160636,1.8696252842780927,0.010023559109889,1.1319946082328138,0.0792201534041296,0.0,0.0,0.0160179164203537,0.0102100339489063,0.060430605592726,0.0107426368553965,16.57515887952093,0.0194188028235446,0.0123338481495391,-35.01236970606515,-167590000.0,2578683000.0,-4405692000.0,6615198000.0,5463500.0,84892000.0,0.0,1.5247660351517918,117.31557405870689,0.0,59.0254491017964,0.7671615701676774,0.0,0.039067130976766,0.0224232452632923,2017-08-01,1.05,amc,260000000.0,2025-04-25,2017-06-30,0.0380952380952381,76.67857142857143,1066235.746031746
2017-03-31,EXR,USD,1289490,2017-05-05,2017-05-05 16:37:35,2017,Q1,263008000.0,70565000.0,192443000.0,0.7317001764,0,18808000.0,0.0,18808000.0,0.0,68240000.0,138805000.0,2315000.0,37239000.0,49432000.0,177214000.0,0.6737969948,124203000.0,0.4722403881,-31345000.0,92858000.0,0.3530615038,3124000.0,82085000.0,0.3121007726,0.65,0.64,125605403,132618644,https://www.sec.gov/Archives/edgar/data/1289490/000162828017005050/0001628280-17-005050-index.htm,https://www.sec.gov/Archives/edgar/data/1289490/000162828017005050/exr-03312017x10q.htm,2.093922663501983,0.6535148810437716,0.9006061626186574,0.8903199809008217,0.4622014548211752,20.586813451010546,20.586813451010546,17.802705509411883,34.46264170658328,9343785929.17,13605929929.17,28.457653435981,35.52662249501916,82.59992334906869,83.5542294858221,4.1785783605009765,4.1785783605009765,51.73200027820447,76.77683438763303,120.2776666504893,121.667277085282,0.0087849829418439,0.0119682750490767,1.9191558040817205,0.6100706859205468,24.050831198438047,0.1085942931930035,3.335293643760574,1.260625849733657,0.0105109428602592,1.1964670768106231,0.0715111327412093,0.0,0.0,0.0114213983256866,0.0049123981019588,0.0261369153584722,0.007566309770045,16.17938478119343,0.0182013798819596,0.0116691546931723,-34.91727780213404,-392313000.0,2585815000.0,-4400749000.0,6378280000.0,11431000.0,89247000.0,0.0,2.1390604088088576,98.34252107985546,0.0,42.07454807230843,0.9151687287630016,0.0,0.0367087396181593,0.0102861817178358,2017-04-26,0.98,amc,234234374.0,2025-04-25,2017-03-31,0.0510204081632653,75.47354838709677,894630.5645161291
2016-12-31,EXR,USD,1289490,2017-02-27,2017-02-27 17:35:12,2016,Q4,261016000.0,67332000.0,193684000.0,0.7420388022,0,18355000.0,12867000.0,18355000.0,0.0,67513000.0,134845000.0,2663000.0,37088000.0,49158000.0,187535000.0,0.7184808594,123184000.0,0.4719404174,-27925000.0,95259000.0,0.3649546388,4843000.0,82227000.0,0.315026665,0.65,0.65,125525954,126065539,https://www.sec.gov/Archives/edgar/data/1289490/000162828017001815/0001628280-17-001815-index.htm,https://www.sec.gov/Archives/edgar/data/1289490/000162828017001815/exr-12312016x10k.htm,2.0793787394756627,0.6550597496355216,1.2196999514538642,1.2025720194884957,0.5393466278694843,20.68230447386204,19.69469198377891,17.883887184000212,34.60090014531975,9695624686.96,13957989686.96,29.478227002566065,37.14571017470193,63.32705015518863,64.22900146375717,4.31897155273394,4.31897155273394,53.475609491218925,74.42871830303676,91.16672122844602,92.46518599679372,0.0084808357021688,0.0155692907753559,1.918231701124152,0.60724187986484,22.728370704135227,0.1594230554817019,3.321397756686799,1.69332861440453,0.0101270421628486,1.1941089909640386,0.0703213596101388,0.0,0.0174817660601237,0.0140427421883164,0.0082370429398964,0.0437365230481305,0.0078041192877065,16.23538819610959,0.0168568398977173,0.0118015493417629,-35.17296311486308,-392035000.0,2472195000.0,-4420927000.0,6452550000.0,12883500.0,101929000.0,0.0,5.72757991847243,135.52129745143466,0.0,15.713442899283606,0.6641022606225588,0.0,0.0366284881410776,0.0171279319653686,2017-02-21,0.97,amc,220846153.0,2025-04-25,2016-12-31,0.0618556701030928,73.6052380952381,969279.1428571428
2016-09-30,EXR,USD,1289490,2016-11-04,2016-11-04 16:59:55,2016,Q3,257183000.0,66434000.0,190749000.0,0.7416858813,0,19537000.0,0.0,19537000.0,0.0,66092000.0,132526000.0,2571000.0,34737000.0,46555000.0,172904000.0,0.672299491,122724000.0,0.477185506,8968000.0,131692000.0,0.512055618,4466000.0,117840000.0,0.4581951373,0.94,0.93,125752291,133763472,https://www.sec.gov/Archives/edgar/data/1289490/000162828016020872/0001628280-16-020872-index.htm,https://www.sec.gov/Archives/edgar/data/1289490/000162828016020872/exr-09302016x10q.htm,2.04515558289113,0.937080343132675,1.1649012422366125,1.159414264667353,0.1488243263894094,20.11392380914953,20.11392380914953,17.485375276383632,32.02037885735219,9985989428.31,13959196428.31,21.185483342477088,38.828341796736176,68.16886884551059,68.4914809313507,4.541509618455485,4.541509618455485,54.2772905997286,80.73379695270208,95.2917722717064,95.74274465743936,0.0118005332216682,0.0146003559333503,1.8154683453806717,0.5920892677248601,22.97926595104798,0.1649718776772079,3.5329475775110115,1.1514077311241413,0.0098253658993313,0.8326205023761032,0.0759653631849694,0.0,0.0,0.0047102512816662,0.0026829145005696,0.014821179250349,0.0074460598095519,19.20070396978809,0.0183147527449103,0.0174783478511599,-33.29642718000263,-224180000.0,2529372000.0,-4168394000.0,6234583000.0,4820500.0,96829000.0,0.0,3.204099804419421,138.8189782340368,0.0,28.0890126692879,0.6483263394164146,0.0,0.0535922351291098,0.0054869775692595,2016-10-26,0.63,amc,174232258.0,2025-04-25,2016-09-30,0.4761904761904763,84.40625,1119516.921875
2016-06-30,EXR,USD,1289490,2016-08-05,2016-08-05 17:16:51,2016,Q2,244273000.0,66371000.0,177902000.0,0.7282917064,0,20512000.0,0.0,20512000.0,0.0,64462000.0,130833000.0,2837000.0,34042000.0,43950000.0,160748000.0,0.6580669988,110302000.0,0.4515521568,-16489000.0,93813000.0,0.3840498131,3773000.0,82830000.0,0.3390878239,0.66,0.66,124914467,132025915,https://www.sec.gov/Archives/edgar/data/1289490/000162828016018631/0001628280-16-018631-index.htm,https://www.sec.gov/Archives/edgar/data/1289490/000162828016018631/exr-06302016x10q.htm,1.9555220933696973,0.6630937311688645,1.1544219293670763,1.1446552463775073,0.3289771071912751,19.55911960141494,19.55911960141494,16.929240069526934,30.67129126044303,11559584776.18,15315772776.18,34.88948682898709,47.32240065901676,80.16133239147321,80.84530280436972,5.466281984303263,5.466281984303263,62.69940916998604,95.27815447893596,106.20907031829908,107.11529105480334,0.0071654822905647,0.0123693024246542,1.795636936937363,0.5878777764085085,23.3669345808346,0.3168459941513941,3.240173902825921,1.6015548645046649,0.0084507360680719,1.1793673789689727,0.0839716219148248,0.0,0.0,0.0084602368866328,0.0049944119898638,0.0277588168373151,0.0097554785015126,15.892691454879865,0.0166245146622386,0.0128234821288683,-31.81832613511452,-122413000.0,2443217000.0,-3959252000.0,6042374000.0,8112000.0,84148000.0,0.0,0.1786935109488154,123.6521974958943,0.0,503.6556701030928,0.7278479624511998,0.0,0.0391685467537583,0.0097666829895691,2016-07-27,0.54,amc,199881818.0,2025-04-25,2016-06-30,0.2222222222222222,90.31421875,954442.234375
2016-03-31,EXR,USD,1289490,2016-05-06,2016-05-06 16:03:44,2016,Q1,229403000.0,65423000.0,163980000.0,0.7148119249,0,23402000.0,0.0,23402000.0,0.0,66299000.0,131722000.0,2927000.0,32592000.0,42897000.0,147408000.0,0.6425722419,93628000.0,0.4081376442,-1456000.0,92172000.0,0.4017907351,2765000.0,82427000.0,0.359310907,0.66,0.66,124754174,131956094,https://www.sec.gov/Archives/edgar/data/1289490/000119312516581973/0001193125-16-581973-index.htm,https://www.sec.gov/Archives/edgar/data/1289490/000119312516581973/d171519d10q.htm,1.83884027800144,0.6607153681286848,0.7652329131689013,0.7579545995791692,0.402519598262099,19.441305426782755,19.441305426782755,17.17827894079119,29.77679929170145,11659525102.04,15291960102.04,35.36318530954663,50.82551275284106,122.13274990090711,123.3055384212864,5.440591593728972,5.440591593728972,66.65980872978993,103.73901078666016,160.1822649114868,161.72042663804226,0.0070694989100009,0.0081099357969095,1.7181901410225182,0.5852715556334042,24.64204792141539,0.50487292085258,2.872729504172803,1.0677687429395908,0.0063319045461879,0.8956652553168258,0.102012615353766,0.0,0.0,0.0095112396036285,0.0039580999376642,0.0211669813739888,0.0074541309398743,15.980423652678828,0.0146145465107869,0.0131014979452962,-30.49207596052057,-95613000.0,2425384000.0,-3768539000.0,5838346000.0,7869500.0,79900500.0,-5731500.0,6.1747666769833005,106.07462207480548,0.0,14.575449520299893,0.848459303833584,0.0,0.038462256341627,0.007278313589732,2016-05-02,0.51,amc,177263636.0,2025-04-25,2016-03-31,0.2941176470588236,86.9111475409836,1633644.6393442622
2015-12-31,EXR,USD,1289490,2016-02-29,2016-02-29 17:35:04,2015,Q4,225759000.0,62848000.0,162911000.0,0.7216146422,0,18138000.0,10528000.0,18138000.0,0.0,58904000.0,121752000.0,3033000.0,31741000.0,40766000.0,84372000.0,0.3737259644,40309000.0,0.1785488065,-25411000.0,14898000.0,0.0659907246,3154000.0,8506000.0,0.0376773462,0.07,0.07,123531844,131021387,https://www.sec.gov/Archives/edgar/data/1289490/000119312516485633/0001193125-16-485633-index.htm,https://www.sec.gov/Archives/edgar/data/1289490/000119312516485633/d103311d10k.htm,1.8275368738120672,0.0688567394816837,0.6560899390443812,0.6353746326331856,0.6540418841315119,19.206416120526782,18.34072840360093,16.911242739969136,28.878076166336516,10896743959.24,14356565959.24,320.2663989901246,48.2671519595675,134.44803029365312,138.83147905107722,5.216056640918453,5.216056640918453,63.59244131680243,170.15794291044423,177.13658522406476,182.91182151944852,0.0007806001528362,0.007202977356685,1.6924321123634982,0.5823396454890933,41.00675579576163,0.9161618629573774,1.269934784663369,6.901226158038147,0.0067199890420392,8.60874676698801,0.0803423119344079,0.0,0.0176137096392977,0.0315738821439147,0.0113350962752315,0.0627728989844478,0.0073972687689084,5.118612439157251,0.0053058690047431,0.0014261123416392,-29.33445646614002,-9951000.0,2265664000.0,-3590061000.0,107927000.0,0.0,79498000.0,-5731500.0,0.0,118.41856542769855,-16.41531950101833,0.0,0.7600159626570568,-5.482683416208672,0.0040716546111033,0.0207153064111954,2016-02-23,0.82,amc,935457142.0,2025-04-25,2015-12-31,0.0609756097560976,82.13546875,918619.21875
2015-09-30,EXR,USD,1289490,2015-11-06,2015-11-06 17:20:39,2015,Q3,197497000.0,52486000.0,145011000.0,0.7342440645,0,16716000.0,0.0,16716000.0,0.0,47427000.0,99913000.0,1569000.0,21616000.0,30711000.0,131418000.0,0.6654177025,97304000.0,0.4926859649,-15543000.0,81761000.0,0.4139860352,3561000.0,71545000.0,0.3622586672,0.58,0.58,122644837,130398111,https://www.sec.gov/Archives/edgar/data/1289490/000119312515370397/0001193125-15-370397-index.htm,https://www.sec.gov/Archives/edgar/data/1289490/000119312515370397/d49070d10q.htm,1.610316461996684,0.5833510953257657,0.8397744456213839,0.8216000156614828,9.096787335613646,19.465474930673192,19.465474930673192,17.198375827267803,28.4513811209191,9463275622.92,11815542622.92,33.067564550003496,47.91604744841694,91.88181469716685,93.91431174435569,4.486470162936189,4.486470162936189,59.82644102401556,89.90809952152674,114.72068880633825,117.2583994732298,0.0075602785812048,0.0106480043502006,1.6440582906491847,0.5776934435656746,17.899123407752363,5.155612449914467,4.501480384900074,1.3170588235294118,0.0076720791925531,1.01478789572996,0.084639260343195,0.0,0.0,0.0216420374002369,0.0112862473860362,0.0725798573800918,0.0080507552013448,15.02449852656883,0.0162092674051986,0.01191853317332,-20.382610969591813,1085874000.0,2387340000.0,-2268319000.0,5538125000.0,1035500.0,72840500.0,0.0,0.0,130.8400335327516,0.0,0.0,0.6878628625348938,0.0,0.033918964278061,0.0181744299599012,2015-10-28,0.51,amc,173663793.0,2025-04-25,2015-09-30,0.1372549019607842,73.24109375,980355.125
2015-06-30,EXR,USD,1289490,2015-08-10,2015-08-10 16:16:00,2015,Q2,185860000.0,51492000.0,134368000.0,0.7229527601,0,16655000.0,0.0,16655000.0,0.0,48207000.0,99699000.0,1640000.0,23507000.0,31552000.0,116160000.0,0.624986549,81607000.0,0.4390778005,-18466000.0,63141000.0,0.3397234478,2185000.0,55199000.0,0.2969923598,0.47,0.47,116861678,124475890,https://www.sec.gov/Archives/edgar/data/1289490/000119312515284889/0001193125-15-284889-index.htm,https://www.sec.gov/Archives/edgar/data/1289490/000119312515284889/d84524d10q.htm,1.5904272742001873,0.4723447493197898,0.8201833281907863,0.8081348960263945,1.5051384081614847,20.736293038681165,20.736293038681165,18.347956632969108,19.78375665630952,7621718639.16,9734281639.16,34.51927860631533,41.00784805315829,79.5188072694266,80.70434814866582,3.5546192584087195,3.5546192584087195,52.37426901517271,83.80063394593664,101.55956972665052,103.07371494239727,0.0072423297963782,0.0123909061028272,1.06729074566278,0.4734328419963796,18.18666494490358,2.9315921473666005,3.471604203003361,1.572412887984776,0.0090190944135371,1.2453305313502057,0.0896104594856343,0.0,0.0,0.0146899257157165,0.0075755945335198,0.0446247464503042,0.008893791025503,13.964154896284589,0.0165358587458031,0.0114194983191104,-19.10828073168691,134010000.0,2423278000.0,-2207084000.0,4586056000.0,2603500.0,70465500.0,0.0,1.0028516087377597,121.26194360288976,0.0,89.74408498309995,0.7421949321110438,0.0,0.0257437249699534,0.0120484321643918,2015-07-29,0.74,amc,177989361.0,2025-04-25,2015-06-30,0.0135135135135135,67.79777777777778,1006657.1111111112
2015-03-31,EXR,USD,1289490,2015-05-08,2015-05-08 16:14:15,2015,Q1,173154000.0,50172000.0,122982000.0,0.7102463703,0,16249000.0,0.0,16249000.0,0.0,46677000.0,96849000.0,2069000.0,22128000.0,30428000.0,108514000.0,0.6266906915,75436000.0,0.4356584312,-14552000.0,60884000.0,0.3516176352,2248000.0,53623000.0,0.3096838652,0.46,0.46,116117615,122595718,https://www.sec.gov/Archives/edgar/data/1289490/000119312515179581/0001193125-15-179581-index.htm,https://www.sec.gov/Archives/edgar/data/1289490/000119312515179581/d899665d10q.htm,1.491194940578137,0.4617990130093526,0.7530209779110603,0.7428244198780694,0.3901561360866738,16.4234771787209,16.4234771787209,14.923454981399678,21.13408891493336,7846067245.549999,10232675245.55,36.57976635748653,45.31265373915705,89.73189589942702,90.9636223471103,4.527771892247339,4.527771892247339,59.09580630854615,94.29820341660984,117.02644409874311,118.63283572604486,0.0068343793548816,0.0109934056515919,1.403396434597744,0.5447654590072679,21.99354921945556,0.4912842342263109,3.409074475777296,1.4912169997953475,0.0069757240522048,1.0206814240158142,0.0938413204430737,0.0,0.0,0.0135408684911767,0.0068378437691303,0.0389115288550019,0.0065952851219145,12.452382405577948,0.016920727742176,0.012011930616053,-21.61113970520321,-86763000.0,1907055000.0,-2473300000.0,4111090000.0,17541000.0,68537000.0,-4445500.0,1.6299941092899963,128.3538627122698,0.0,55.21492346938776,0.7011865330594105,0.0,0.0309445107439886,0.0101965580329909,2015-04-29,0.67,amc,158139130.0,2025-04-25,2015-03-31,0.0298507462686565,65.59426229508196,829543.868852459
2014-12-31,EXR,USD,1289490,2015-03-02,2015-03-02 17:07:29,2014,Q4,167367000.0,45640000.0,121727000.0,0.7273058608,0,16689000.0,0.0,16689000.0,0.0,45870000.0,91510000.0,1652000.0,21072000.0,29181000.0,101838000.0,0.608471204,69916000.0,0.4177406538,-18197000.0,51719000.0,0.3090155168,2233000.0,44998000.0,0.2688582576,0.39,0.39,116032453,121652351,https://www.sec.gov/Archives/edgar/data/1289490/000119312515073584/0001193125-15-073584-index.htm,https://www.sec.gov/Archives/edgar/data/1289490/000119312515073584/d851024d10k.htm,1.4424154249328849,0.3878052978850667,0.6982270727311091,0.6879368481505773,0.4416523022227238,16.652367075269883,15.892924370046714,14.973629834405036,20.605924792437165,6804143043.92,9126364043.92,37.80247479843549,40.65403002933673,83.98413967340188,85.24038239504905,3.9162180879657114,3.9162180879657114,54.52905318204903,89.61648936467724,112.647518964168,114.3325112300966,0.0066133236337835,0.0117315287883795,1.3640193228262252,0.5358892658387338,22.803089220133938,0.4161044806187076,3.3179574791192104,1.6371701087176171,0.0080364271660722,1.2151873416596293,0.0997149975801681,0.0,0.0199261069764213,0.014737647654196,0.0071340228360429,0.0409170350570576,0.0067456547587039,11.43040646752878,0.0153546311102349,0.0103820319185532,-20.850752849291226,-118835000.0,1844095000.0,-2405438000.0,-20985000.0,22114500.0,69524500.0,-4445500.0,17.178655290469447,129.204425942156,-17.53264680105171,5.239059663181619,0.6965705651623144,-5.133280845799122,0.0258992176361942,0.0102902245805317,2015-02-19,0.68,amc,184569230.0,2025-04-25,2014-12-31,0.0,57.29296875,693840.375
2014-09-30,EXR,USD,1289490,2014-11-06,2014-11-06 17:14:05,2014,Q3,167368000.0,46224000.0,121144000.0,0.7238181731,0,13966000.0,0.0,13966000.0,0.0,43215000.0,89439000.0,1399000.0,21360000.0,29249000.0,109519000.0,0.6543604512,77493000.0,0.4630096554,-19306000.0,58187000.0,0.3476590507,-1006000.0,54103000.0,0.3232577315,0.47,0.47,115726911,121617554,https://www.sec.gov/Archives/edgar/data/1289490/000119312514401276/0001193125-14-401276-index.htm,https://www.sec.gov/Archives/edgar/data/1289490/000119312514401276/d785340d10q.htm,1.4462323287968863,0.4675057817796588,0.7673668918718481,0.7561335496114642,0.4252770559131229,16.70828317538001,16.70828317538001,15.02958979005324,19.01235400640737,5968036800.27,8097701800.27,27.57719904751123,35.65817121713828,67.20383762479591,68.20223758950918,3.43123137227136,3.43123137227136,48.38261675033459,73.93878505346105,91.18520128675188,92.53987543877491,0.0090654601857603,0.0146622755402649,1.2527142666593074,0.5156022570366751,19.44562130771829,0.7725318864068776,3.627949438202247,1.500261855286943,0.0091380133576811,1.0080032530543592,0.0834448640122365,0.0,0.0,0.0146388153820167,0.0077673151378997,0.0444459639645799,0.0063094498350939,12.57356165945411,0.0191696857500059,0.0128027317290183,-19.302932487327865,-25824000.0,1933598000.0,-2204593000.0,3928935000.0,12461500.0,69533500.0,0.0,6.605026050380001,143.1619937694704,0.0,13.62598713669299,0.6286584702426287,0.0,0.0311056913934577,0.011233342260384,2014-10-29,0.66,amc,143914893.0,2025-04-25,2014-09-30,0.0909090909090908,52.8025,636161.234375
2014-06-30,EXR,USD,1289490,2014-08-07,2014-08-07 08:09:54,2014,Q2,160240000.0,44930000.0,115310000.0,0.7196080879,0,14985000.0,0.0,14985000.0,0.0,43256000.0,88186000.0,1924000.0,21321000.0,28271000.0,101536000.0,0.6336495257,70661000.0,0.4409697953,-21140000.0,49521000.0,0.309042686,3513000.0,41540000.0,0.2592361458,0.36,0.36,115653489,121254222,https://www.sec.gov/Archives/edgar/data/1289490/000110465914057883/0001104659-14-057883-index.htm,https://www.sec.gov/Archives/edgar/data/1289490/000110465914057883/a14-14067_110q.htm,1.385518079787459,0.3591763669144473,0.8922082757053702,0.8830256733543075,0.4664364254501651,16.693893255567932,16.693893255567932,15.015093924230856,18.892192694679537,6158548289.25,8268230289.25,37.06396418662735,38.43327689247379,59.6833737704362,60.30402241615667,3.5464313622485526,3.5464313622485526,51.59904074669246,81.43151482479121,80.12860427427874,80.96186329742962,0.00674509609229,0.0165826417531325,1.2459356147944085,0.514061311666808,20.777674913331232,1.1548471650405752,3.314150368181605,2.2428055990262563,0.0088538722827227,1.3126384207992297,0.093515976035946,0.0,0.0,0.0102919941465494,0.0066275586620069,0.0375649959322273,0.0104717923115327,11.015625488511748,0.015882598092782,0.0098695879126296,-19.149936756339446,11697000.0,1930707000.0,-2190946000.0,3952739000.0,10803000.0,59212500.0,0.5,7.09935097353969,131.28221678166037,0.0,12.677215189873415,0.685546010772212,0.0,0.0239210203230777,0.0091826023510626,2014-07-30,0.62,amc,160700000.0,2025-04-25,2014-06-30,0.0161290322580645,51.55222222222222,754980.126984127
2014-03-31,EXR,USD,1289490,2014-05-08,2014-05-08 09:00:56,2014,Q1,152180000.0,46049000.0,106131000.0,0.6974043895,0,15302000.0,0.0,15302000.0,0.0,43677000.0,89726000.0,1482000.0,20260000.0,28375000.0,91192000.0,0.5992377448,60398000.0,0.3968852674,-16359000.0,44039000.0,0.2893875674,2830000.0,37223000.0,0.2445985018,0.32,0.32,115438325,121062845,https://www.sec.gov/Archives/edgar/data/1289490/000110465914036162/0001104659-14-036162-index.htm,https://www.sec.gov/Archives/edgar/data/1289490/000110465914036162/a14-9641_110q.htm,1.3182796961061245,0.3224492385869251,0.5593636255550313,0.5483274293870775,0.4072737541886544,16.65984845154328,16.65984845154328,15.161983682628795,18.452606619162225,5599913145.75,7662776145.75,37.61057105653762,36.797957325206994,86.72355116381712,88.46903765916774,3.19944942663263,3.19944942663263,50.35337196576423,84.02903923315641,118.67026181239548,121.05874033539764,0.0066470673796521,0.0113033895977546,1.2054558314869557,0.5116726308672358,22.621096148784986,0.5433495846617961,2.9811451135241858,1.5669392608410784,0.008276378364042,1.245117266206378,0.1005519779208831,0.0,0.0,0.0197299138945673,0.0083716651333946,0.0448986784140969,0.0073662767775003,10.488175585555782,0.0141873344534651,0.0090270576491963,-18.5949293659623,-63879000.0,1923185000.0,-2124300000.0,3798800000.0,17622000.0,56743500.0,-4177499.5,5.302536469969772,103.36250515754956,1.9544398358270536e-06,16.973009145661386,0.8707219301894641,46049000.0,0.0212669559166164,0.0110361961679537,2014-04-28,0.55,amc,143062500.0,2025-04-25,2014-03-31,0.0,46.34524590163935,803332.7868852459
2013-12-31,EXR,USD,1289490,2014-03-03,2014-03-03 16:31:45,2013,Q4,141934000.0,39774000.0,102160000.0,0.7197711612,0,13795000.0,0.0,13795000.0,0.0,39789000.0,79563000.0,1442000.0,20095000.0,25994000.0,86020000.0,0.606056336,57315000.0,0.403814449,27694000.0,85009000.0,0.598933307,2837000.0,76940000.0,0.54208294,0.66,0.66,113495805,114560673,https://www.sec.gov/Archives/edgar/data/1289490/000104746914001686/0001047469-14-001686-index.htm,https://www.sec.gov/Archives/edgar/data/1289490/000104746914001686/a2218605z10-k.htm,1.2505660451503031,0.6779105183667361,0.640332036941806,0.6035465363675776,1.2366360148729727,17.02173045074221,16.30832082295905,15.493700405931303,17.328763825235654,4781578264.650001,6601502264.650001,15.536711283630105,33.68874451963589,65.79399056965944,69.80406225766424,2.719169655808743,2.719169655808743,46.51107038940635,76.74380684317602,90.8359444740282,96.37229583430658,0.0160909213948904,0.0143258138231088,1.1070117772836614,0.4894590082320461,21.15698674726808,2.5695285556343954,2.8522020403085344,0.8844253517013094,0.0096834136005487,0.6017936054068105,0.0971930615638254,0.0,0.0203585993955455,0.0574475404196766,0.0294150802485662,0.1606139878433484,0.0082080403567855,15.372872394451386,0.014145711332585,0.0197475932139528,-16.64696770070048,95115000.0,1850926000.0,-1889529000.0,185053000.0,17103000.0,59424500.0,-4177499.5,16.66281511124889,137.12701764972093,-18.90556645044501,5.401248192404292,0.6563258032045676,-4.760502692998204,0.0437539451909898,0.0367855005742282,2014-02-20,0.55,amc,111492857.0,2025-04-25,2013-12-31,0.0363636363636361,44.07921875,914209.78125
2013-09-30,EXR,USD,1289490,2013-11-04,2013-11-04 11:37:01,2013,Q3,133111000.0,37249000.0,95862000.0,0.7201658766,0,13943000.0,0.0,13943000.0,0.0,37371000.0,74620000.0,1415000.0,17098000.0,23428000.0,82897000.0,0.6227659622,56064000.0,0.4211823215,-21431000.0,34633000.0,0.2601813524,2281000.0,29102000.0,0.2186295648,0.26,0.26,111231452,117604515,https://www.sec.gov/Archives/edgar/data/1289490/000110465913080396/0001104659-13-080396-index.htm,https://www.sec.gov/Archives/edgar/data/1289490/000110465913080396/a13-19625_110q.htm,1.1967028893949887,0.2616346319024946,0.6475956099179574,0.6397650909025264,0.7344954914370803,14.700581270844149,14.700581270844149,13.614036073178294,15.950137916027565,5088838929.0,6764198929.0,43.71554299532678,38.23004056013402,70.6459390695931,71.51062264972879,3.360502334067882,3.360502334067882,50.81622802773625,81.59763235098978,93.9041679369178,95.05352476040584,0.0057187897683605,0.0139839364131699,1.1603041387193762,0.499414337684279,20.21014029458243,1.9301950281554727,3.278979997660545,2.2265393175074184,0.0087434482837411,1.5288983575012027,0.1047471658991368,0.0,0.0,0.0120916802021295,0.0065434111380727,0.0371777360423424,0.0080308915115955,8.95225248895768,0.0151363141234011,0.0082717518622242,-16.141360804136585,54182000.0,1635167000.0,-1770642000.0,3277854000.0,5593000.0,52615000.0,-4843499.5,5.360338364222341,140.73720099868453,2.4161722462347985e-06,16.789984863773967,0.6394897678890262,37249000.0,0.0192180063646191,0.0078305190154309,2013-10-28,0.52,amc,153576923.0,2025-04-25,2013-09-30,-0.1153846153846153,43.30765625,709045.515625
2013-06-30,EXR,USD,1289490,2013-08-08,2013-08-08 16:16:14,2013,Q2,126246000.0,35664000.0,90582000.0,0.7175039209,0,13739000.0,0.0,13739000.0,0.0,36524000.0,72188000.0,1345000.0,18475000.0,22785000.0,81219000.0,0.6433391949,53375000.0,0.4227856724,-13416000.0,39959000.0,0.316516959,2858000.0,34320000.0,0.2718501972,0.31,0.31,111137437,115359245,https://www.sec.gov/Archives/edgar/data/1289490/000110465913061728/0001104659-13-061728-index.htm,https://www.sec.gov/Archives/edgar/data/1289490/000110465913061728/a13-13744_110q.htm,1.1359448571771544,0.3088068334705253,0.6787541807356957,0.6728425813886638,1.94910919171188,14.304729737469112,14.304729737469112,13.77039133986867,16.038339987991627,4639987994.75,6197040994.75,33.79944634870338,36.75354462517625,61.50975004639756,62.050175115007086,3.0318673572568327,3.0318673572568327,49.08702845832739,76.30038531316563,82.15073897726519,82.8725159104282,0.0073965708615694,0.0161159899733811,1.152625512445717,0.5138894067964491,19.17104372129674,4.9102209356774935,2.8890392422192157,2.0332336055631925,0.0095879558417687,1.2962703962703963,0.1088272103670611,0.0,0.0,0.0087094849870749,0.0052041252792167,0.0288347597103357,0.0123726692330846,9.78155387806982,0.0146375666283879,0.0099982054503037,-14.653981988085617,183710000.0,1589791000.0,-1612133000.0,3211364000.0,6177000.0,46208500.0,-4843500.0,2.322608241053182,118.5615746971736,-24.44565948855989,38.74953959484346,0.7590992294921459,-3.681635181170641,0.0224254217508295,0.0059115993470319,2013-08-01,0.49,amc,113987096.0,2025-04-25,2013-06-30,0.0204081632653061,42.31640625,765270.484375
2013-03-31,EXR,USD,1289490,2013-05-08,2013-05-08 14:24:31,2013,Q1,119322000.0,36347000.0,82975000.0,0.6953872714,0,12769000.0,0.0,12769000.0,0.0,35794000.0,72141000.0,1397000.0,17366000.0,23025000.0,76330000.0,0.6396976249,46729000.0,0.3916209919,-10790000.0,35939000.0,0.3011934094,2008000.0,31305000.0,0.2623573189,0.28,0.28,110809924,114967087,https://www.sec.gov/Archives/edgar/data/1289490/000110465913038768/0001104659-13-038768-index.htm,https://www.sec.gov/Archives/edgar/data/1289490/000110465913038768/a13-8422_110q.htm,1.076816910369869,0.2825107974986067,0.4612944234128344,0.4538853397282359,0.3210452522284917,14.016361928016485,14.016361928016485,13.532632690913136,14.450546866181408,4370343402.559999,5918666402.559999,34.90132089570356,36.62646789829201,85.49854062446201,86.89419231653245,2.914436599353139,2.914436599353139,49.60247399943011,77.54050049207389,115.78891937084278,117.67902182244757,0.0071630526749139,0.0115082489789106,1.0562488746623988,0.4905081793789965,20.284593213677457,0.4457523979784784,2.6908326615225158,1.5064690106392384,0.0063450391527028,0.8858009902571474,0.1070129565377717,0.0,0.0,0.0160615071601846,0.0068805417274266,0.0356568946796959,0.0085734399356363,9.27470130029672,0.0138576739981613,0.0096946637696742,-14.741883587971778,-80607000.0,1553152000.0,-1611116000.0,2914903000.0,21832000.0,48867000.0,-3967000.0,6.86076331271685,112.50309516603846,0.0,13.118073878627968,0.7999779905359304,0.0,0.0208762628788636,0.0074090836845985,2013-04-29,0.44,bmo,102257142.0,2025-04-25,2013-03-31,0.0454545454545455,38.673,1031720.2
2012-12-31,EXR,USD,1289490,2013-02-28,2013-02-28 16:12:33,2012,Q4,113667000.0,34523000.0,79144000.0,0.6962794831,3564000,12710000.0,0.0,12710000.0,0.0,34245000.0,68768000.0,1844000.0,19502000.0,21535000.0,107980000.0,0.9499678887,43112000.0,0.3792833452,-3066000.0,40046000.0,0.3523098173,1173000.0,36076000.0,0.3173832335,0.33,0.33,107830985,112007741,https://www.sec.gov/Archives/edgar/data/1289490/000104746913001942/0001047469-13-001942-index.htm,https://www.sec.gov/Archives/edgar/data/1289490/000104746913001942/a2213217z10-k.htm,1.0541218741533336,0.3345606089010501,0.5834872045358762,-2.790951042504156,0.285493079748831,14.331047796697767,13.742673314168464,13.83467840899348,14.81115098781672,3923969544.15,5470783544.15,27.192382360502823,34.52162495843121,62.36640618185575,-13.03856622556496,2.630346649499567,2.630346649499567,48.12991936225993,50.66478555426931,86.95100836247178,-18.17831987316872,0.0091937512751044,-0.0766955493955525,1.0575087796209564,0.4894091069984367,14.325004630487127,0.4285464570026002,2.2106450620449185,1.6185527229696706,0.005309674238186,0.577530768377869,0.1118178539065867,0.0313547467602734,0.0196821630804252,5.783225785943609,3.2011841607502616,16.896633387508707,0.0091319380295072,10.205004396393912,0.0131967340932131,0.0114163400876953,-15.073608017213234,-78460000.0,1481886000.0,-1619307000.0,-10148000.0,22749000.0,50954000.0,-3967000.0,27.37047691942252,136.34127972655912,-20.683602236190367,3.288214533672761,0.6601082238666132,-4.351273002268717,0.0241827528628033,3.374438247040032,2013-02-21,0.22,amc,73570588.0,2025-04-25,2012-12-31,0.5454545454545455,34.83032258064516,693088.5645161291
2012-09-30,EXR,USD,1289490,2012-11-05,2012-11-05 11:03:35,2012,Q3,109791000.0,31494000.0,78297000.0,0.7131458863,2486000,12559000.0,0.0,12559000.0,0.0,34813000.0,66307000.0,1674000.0,18423000.0,19768000.0,81400000.0,0.7414086765,43484000.0,0.396061608,-275000.0,26735000.0,0.24350812,1656000.0,38606000.0,0.3516317367,0.37,0.37,104252227,108755316,https://www.sec.gov/Archives/edgar/data/1289490/000110465912074013/0001104659-12-074013-index.htm,https://www.sec.gov/Archives/edgar/data/1289490/000110465912074013/a12-19892_110q.htm,1.0531285820877476,0.3703134322492698,0.5787885950867985,-2.5161380965032047,0.4182932226474164,12.758979239839164,12.758979239839164,12.225311983023634,14.247388691274672,3433025835.11,4856316835.110001,22.231167662474743,31.26873637283566,56.89469398591316,-13.087516955354864,2.693591791009293,2.693591791009293,44.23237637975791,59.65991197923834,80.482546156944,-18.51344323426593,0.0112454731931147,-0.0764086880201398,1.1509459277090284,0.4868692252902664,17.48514742014742,0.2690593179079379,2.360310481463388,1.4521213871441292,0.0067360401904051,0.5990001554162565,0.1143900684026923,0.0226430217413084,0.0,5.347248922770965,2.938792797223816,16.32198502630514,0.0090808900547403,10.092667532268722,0.0137651829479231,0.0128134747597183,-15.644409207680525,-211687000.0,1330152000.0,-1604848000.0,2530258000.0,13453000.0,24804500.0,0.0,8.959750799245839,141.76700323871214,0.0,10.044922232387924,0.634844483863815,0.0,0.030290714278989,3.094926691590003,2012-10-29,0.22,amc,86460412.0,2025-04-25,2012-09-30,0.6818181818181818,32.9168253968254,712265.6984126985
2012-06-30,EXR,USD,1289490,2012-08-08,2012-08-08 15:58:58,2012,Q2,94951000.0,27436000.0,67515000.0,0.7110509631,469000,12545000.0,0.0,12545000.0,0.0,29640000.0,57076000.0,1660000.0,15854000.0,16626000.0,58859000.0,0.6198881528,37875000.0,0.3988899538,-11496000.0,23681000.0,0.2494023233,1634000.0,22413000.0,0.2360480669,0.22,0.22,102107535,106653965,https://www.sec.gov/Archives/edgar/data/1289490/000110465912055895/0001104659-12-055895-index.htm,https://www.sec.gov/Archives/edgar/data/1289490/000110465912055895/a12-13674_110q.htm,0.929911783689617,0.2195038789252918,0.5076119015114801,0.2265944428097299,1.8167317426671792,12.835908730927644,12.835908730927644,12.296448053515345,13.004084370462964,3124490571.0,4250949571.0,34.85132033864275,32.90634717907131,60.28227452682757,135.0430293901543,2.4885235042530827,2.4885235042530827,44.76992944782045,72.22259248373231,82.01558084929869,183.7295055970956,0.0071733293766435,0.0074050471506447,1.0449209914301187,0.4844146402431302,19.138262627635537,1.58002660824326,2.3889870064337075,2.094604970701152,0.0073852039158546,1.0295364297505911,0.1321207780855388,0.0049393897905235,0.0,0.5536069147807297,0.3021979757980432,1.72585107662697,0.0143653042095396,7.792955537334625,0.0132501662420926,0.0082755396934583,-11.7544312474099,87631000.0,1310643000.0,-1158988000.0,2365962000.0,15695500.0,0.0,0.0,15.142968478478377,0.0,0.0,5.94335252879319,0.0,0.0,0.0178509987575265,0.28101745870175,2012-07-30,0.17,amc,73409090.0,2025-04-25,2012-06-30,1.2941176470588234,29.00174603174603,1337037.5555555555
2012-03-31,EXR,USD,1289490,2012-05-08,2012-05-08 15:40:15,2012,Q1,90987000.0,28444000.0,62543000.0,0.687383912,609000,12640000.0,0.0,12640000.0,0.0,29773000.0,58217000.0,1488000.0,18515000.0,16524000.0,58507000.0,0.6430259268,32770000.0,0.3601613417,-9302000.0,15743000.0,0.1730247178,950000.0,20214000.0,0.2221636058,0.21,0.21,94888078,99927352,https://www.sec.gov/Archives/edgar/data/1289490/000110465912034446/0001104659-12-034446-index.htm,https://www.sec.gov/Archives/edgar/data/1289490/000110465912034446/a12-7131_110q.htm,0.9588875854351272,0.2130299235273793,0.4298748679470565,0.2293649577347325,0.3959928453814819,11.37911129362321,11.37911129362321,10.79699390686362,14.658996465288295,2731827765.62,4066701765.62,33.78633330389829,30.02437453284535,66.9729778283893,125.52048178735528,2.6664829348193178,2.6664829348193178,44.69541545077868,69.50795230690345,99.69849878940916,186.85451964804264,0.0073994415952545,0.0079668272919323,1.3396202657671112,0.5439457088321834,22.81562889910609,0.4357706060845337,1.769916284093978,1.8114397370992097,0.0077794069843845,1.051350549124369,0.1389209447503489,0.0066932638728609,0.0,0.4664378524148075,0.2091067954762768,1.1514161220043573,0.0105179860859243,7.193876749837781,0.0123908217813089,0.0080114587560876,-14.69370841297892,-100039000.0,1079742000.0,-1366131000.0,2166496000.0,22555000.0,23176500.0,0.0,15.24778265026872,0.0,0.0,5.902497567304573,0.0,0.0,0.0197304847409385,0.200509910212324,2012-04-30,0.15,amc,85312500.0,2025-04-25,2012-03-31,1.2000000000000002,26.37161290322581,830420.8709677419
2011-12-31,EXR,USD,1289490,2012-02-29,2012-02-29 14:16:40,2011,Q4,93212000.0,26705000.0,66507000.0,0.7135025533,731000,13287000.0,0.0,13287000.0,0.0,29991000.0,56696000.0,1683000.0,18323000.0,15973000.0,52035000.0,0.5582435738,34379000.0,0.3688259022,-16640000.0,17739000.0,0.1903081148,552000.0,16278000.0,0.1746341673,0.17,0.17,91373277,94314429,https://www.sec.gov/Archives/edgar/data/1289490/000104746912001880/0001047469-12-001880-index.htm,https://www.sec.gov/Archives/edgar/data/1289490/000104746912001880/a2207592z10-k.htm,1.0201232029797946,0.178148366069874,0.4761457772823448,-0.407745034688862,0.2898440426953276,11.751367962867306,11.238449946366703,11.15147703414424,15.076366364752356,2213974501.71,3546744501.71,34.002557158588274,23.75203301838819,50.88777671891879,-59.42439009340527,2.17280633998628,2.17280633998628,38.050299336029695,68.16074760661094,81.52123800101133,-95.19672817752368,0.0073523881993344,-0.016828107085797,1.3339790980296329,0.5401903626428216,25.61295282021716,0.2721057832427839,1.8762757190416417,2.3627131530357337,0.003216387539468,0.4374616046197321,0.1425460241170664,0.0078423378964081,0.0186257327372081,1.8563449559840943,0.8664549628803159,5.056282476679397,0.0199759687593872,6.685722981863422,0.0134791151828738,0.0065919300489231,-15.253187756415915,-189310000.0,1026894000.0,-1371720000.0,2121352000.0,45439500.0,23176500.0,0.0,28.671737544522166,156.2168133308369,0.0,3.138979626199697,0.5761223653269476,0.0,0.0159753156935542,0.8838908119712069,2012-02-21,0.15,amc,82235294.0,2025-04-25,2011-12-31,1.3333333333333333,22.313809523809525,968180.1746031746
2011-09-30,EXR,USD,1289490,2011-11-07,2011-11-07 15:45:54,2011,Q3,84097000.0,25866000.0,58231000.0,0.6924266026,346000,12306000.0,0.0,12306000.0,0.0,27016000.0,52882000.0,1398000.0,17196000.0,14364000.0,46977000.0,0.5586049443,31215000.0,0.37117852,-15798000.0,15417000.0,0.1833240187,-62000.0,15261000.0,0.1814690179,0.16,0.16,94314429,98867803,https://www.sec.gov/Archives/edgar/data/1289490/000110465911061596/0001104659-11-061596-index.htm,https://www.sec.gov/Archives/edgar/data/1289490/000110465911061596/a11-25824_110q.htm,0.8916663218095717,0.1618098117309282,0.376018816802676,0.0665963847376948,0.3593829741576445,11.26093866294838,11.26093866294838,10.681080410294378,13.353396859350122,1757077812.27,2965404812.27,28.783792219874183,20.89346602459065,49.54539285669975,279.74491518388794,1.7442055751255732,1.7442055751255732,35.26171935110646,63.12461017668221,83.61732495685766,472.1230396863557,0.0086854434638179,0.0035746851711054,1.2331215628660486,0.5232109131894662,25.721672307725058,0.6092106988649334,1.8152477320307048,2.0437989857076992,0.008665524027265,0.9977065723084988,0.1463310225097209,0.0041142965860851,0.0,0.8228908188585607,0.3470159458720287,2.0316764132553606,0.0140789802252161,6.235930662790791,0.0134258816120847,0.0064277735752421,-13.06667508955602,-80460000.0,1062069000.0,-1186728000.0,1979728000.0,34837000.0,0.0,0.0,65.47867343662675,0.0,0.0,1.374493331589958,0.0,0.0,0.0151491989120292,0.3094224320649812,2011-10-27,0.14,amc,73587500.0,2025-04-25,2011-09-30,1.357142857142857,20.79171875,953760.140625
2011-06-30,EXR,USD,1289490,2011-08-08,2011-08-08 13:58:49,2011,Q2,78040000.0,24094000.0,53946000.0,0.6912608919,1570000,12432000.0,0.0,12432000.0,0.0,28094000.0,52188000.0,1401000.0,16701000.0,14092000.0,41345000.0,0.5297924141,25852000.0,0.3312660174,-15300000.0,10552000.0,0.1352127114,411000.0,10609000.0,0.1359431061,0.12,0.12,91439042,96010848,https://www.sec.gov/Archives/edgar/data/1289490/000110465911044746/0001104659-11-044746-index.htm,https://www.sec.gov/Archives/edgar/data/1289490/000110465911044746/a11-14068_110q.htm,0.8534647596154824,0.1160226503685373,0.384857487898878,-0.5171314021422053,0.3848137429086363,11.580873736625543,11.580873736625543,10.982967210002046,13.19939463057804,1950394765.86,3105446765.86,45.96085318738806,24.992244565094826,55.4231128942059,-41.24676999238675,1.9420981226799112,1.9420981226799112,39.79301340158892,75.11057602757285,88.2454822500071,-65.6737039686165,0.0054394116440945,-0.02424432265083,1.185175928433731,0.5150638918808044,27.936921030354338,0.4723026120510537,1.5479312616011018,3.317089263832595,0.0078312351260157,1.4397209916108964,0.1593029215786776,0.0201178882624295,0.0,2.3436958313205083,1.056855458739108,5.85275333522566,0.0203100973859559,5.354544023896104,0.0109058315339826,0.0045909374747117,-13.23678019286335,-85335000.0,1058944000.0,-1175536000.0,1960292000.0,8912000.0,0.0,0.0,9.791132752434647,0.0,0.0,9.191990577149587,0.0,0.0,0.0105638711424793,0.9019888900410832,2011-07-28,0.1,amc,65000000.0,2025-04-25,2011-06-30,1.7,20.795714285714286,815338.0
2011-03-31,EXR,USD,1289490,2011-05-06,2011-05-06 14:46:33,2011,Q1,74481000.0,24959000.0,49522000.0,0.6648944026,249000,11658000.0,0.0,11658000.0,0.0,25492000.0,50451000.0,1395000.0,16842000.0,13585000.0,39010000.0,0.5237577369,24030000.0,0.3226326177,-15447000.0,8583000.0,0.1152374431,254000.0,8301000.0,0.1114512426,0.09,0.09,88045951,92812067,https://www.sec.gov/Archives/edgar/data/1289490/000110465911026800/0001104659-11-026800-index.htm,https://www.sec.gov/Archives/edgar/data/1289490/000110465911026800/a11-9481_110q.htm,0.8459332786353798,0.0942803150595761,0.3407538865699798,0.2549918507893679,0.4833271662884305,10.757371454821358,10.757371454821358,10.117478315385563,14.343090007625678,1823431645.21,3026885645.21,54.91602352758704,24.48183624293444,60.777003040130666,81.21828182308138,2.0469527439961475,2.0469527439961475,40.63970200735759,77.59255691386824,100.88946220951937,134.82186295532497,0.0045524053626062,0.0123124988309689,1.3987480958191654,0.5530156667407862,30.84988464496283,0.5800179498283469,1.4267901674385466,3.614263341766052,0.0079004880922426,1.7354535598120708,0.1565231401296975,0.0033431344906754,0.0,0.2516832211185921,0.1013815603979538,0.5558336400441664,0.015117949544179,4.632739845017963,0.0105097526501531,0.0036842294474721,-14.270031565676428,-66917000.0,947143000.0,-1213558000.0,1904496000.0,9697500.0,0.0,0.0,11.278849639505378,0.0,0.0,7.979537175916006,0.0,0.0,0.0093185586487697,0.0857620357806118,2011-04-27,0.07,amc,57944444.0,2025-04-25,2011-03-31,2.571428571428571,19.20370967741936,811287.6612903225
2010-12-31,EXR,USD,1289490,2011-02-25,2011-02-25 16:08:45,2010,Q4,73154000.0,24023000.0,49131000.0,0.671610575,812000,11525000.0,0.0,11525000.0,0.0,25546000.0,49569000.0,1396000.0,15335000.0,13209000.0,38190000.0,0.5220493753,23585000.0,0.3224020559,-13939000.0,9646000.0,0.1318588184,815000.0,8916000.0,0.1218798699,0.1,0.1,87484731,87484731,https://www.sec.gov/Archives/edgar/data/1289490/000104746911001398/0001047469-11-001398-index.htm,https://www.sec.gov/Archives/edgar/data/1289490/000104746911001398/a2202138z10-k.htm,0.8361916321146372,0.1019149273031427,0.3438885809684892,-0.8694088571867472,0.5343789649418937,10.734113133410675,10.734113133410675,10.074912386711231,14.428266345129416,1522234319.4,2722402319.4,42.68265812584118,20.80862727123602,50.59778359315273,-20.01359872995004,1.72706216512121,1.72706216512121,37.21467478743472,71.28573761194029,90.49035464184809,-35.792825656061,0.0058571797300656,-0.0499660262751004,1.414700006013154,0.5545633738171947,31.42623723487824,2.5521484945922244,1.5379850016302576,2.7887467556544308,0.0106665575680884,1.8211081202332884,0.1575443584766383,0.0110998715039505,0.0,3.528170184477314,1.4509801241217155,8.035808918161859,0.0153511769691336,4.806520485573444,0.009751474408032,0.0039653666407527,-14.3465177940594,53099000.0,939071000.0,-1222088000.0,2025501000.0,17327000.0,0.0,16446500.0,12.377860404079064,0.0,0.0,7.271046615644568,0.0,0.0,0.0101157135061112,1.2132974381552364,2011-02-22,0.09,amc,65879999.0,2025-04-25,2010-12-31,2.0000000000000004,16.552812499999998,762681.703125
2010-09-30,EXR,USD,1289490,2010-11-05,2010-11-05 13:25:41,2010,Q3,71979000.0,21334000.0,50645000.0,0.7036079968,211000,12354000.0,0.0,12354000.0,0.0,27084000.0,48418000.0,1391000.0,16118000.0,12519000.0,37471000.0,0.5205823921,23561000.0,0.3273315828,-14727000.0,8834000.0,0.1227302408,1088000.0,7667000.0,0.1065171786,0.09,0.09,87484731,92189852,https://www.sec.gov/Archives/edgar/data/1289490/000110465910056461/0001104659-10-056461-index.htm,https://www.sec.gov/Archives/edgar/data/1289490/000110465910056461/a10-17577_110q.htm,0.822760716952996,0.0876381502504705,0.3275885937169996,0.32375935407517,0.2491634797391101,10.6765145108579,10.6765145108579,10.01982848869936,13.5743687661336,1403255085.24,2552889085.24,45.7563285913656,19.495340102529905,48.96385377159008,49.54297010450502,1.600825804362855,1.600825804362855,35.46713743230664,68.12972926369726,89.07809362643496,90.13165814291766,0.0054637250779595,0.0201844983837387,1.3363632837544006,0.538552283750546,30.68063302287102,1.84156071520822,1.461781858791413,3.02246361527104,0.0062362147068245,1.1413851571670797,0.1716333930729796,0.0029314105502993,0.0,0.0116891726857182,0.0046541352338876,0.0267593258247463,0.0146570527514969,4.444961504667171,0.009812191079072,0.0035248143806174,-13.53869111170954,58645000.0,934032000.0,-1112787000.0,1961343000.0,22591000.0,0.0,33296000.0,30.75021881382069,0.0,138.76300740601857,2.926808441426422,0.0,0.6485878454382391,0.008746472092742,0.0038292396418296,2010-10-28,0.07,amc,56000000.0,2025-04-25,2010-09-30,2.857142857142857,15.35375,805865.421875
2010-06-30,EXR,USD,1289490,2010-08-06,2010-08-06 15:47:43,2010,Q2,68777000.0,20941000.0,47836000.0,0.6955232127,142000,11229000.0,0.0,11229000.0,0.0,25030000.0,45971000.0,1423000.0,16649000.0,12202000.0,36431000.0,0.5296974279,22806000.0,0.3315934106,-15226000.0,7580000.0,0.1102112625,1214000.0,6180000.0,0.0898556203,0.07,0.07,87367967,92304831,https://www.sec.gov/Archives/edgar/data/1289490/000110465910042732/0001104659-10-042732-index.htm,https://www.sec.gov/Archives/edgar/data/1289490/000110465910042732/a10-12938_110q.htm,0.7872107176306392,0.0707353073695763,0.3440162456796093,0.3328222116007346,0.3245354215464347,10.767893912422158,10.767893912422158,10.061319156024313,13.712336925500397,1214414741.3,2367430741.3,49.12680992313916,17.657279923520942,40.40506858198031,41.7640395247266,1.3815285833247064,1.3815285833247064,34.42183784259273,64.98396259504268,78.7673257020229,81.41656033083432,0.0050888710337824,0.0239440440000528,1.3439366033511673,0.5421329301115361,31.64930965386621,2.2784154731816906,1.369812000720764,3.792555205047319,0.0072034698711212,1.4155339805825242,0.1632667897698358,0.0020646437035636,0.0,0.0325392600479105,0.0142198700146851,0.0801507949516472,0.0215624409322884,4.001629208023613,0.0090255301615262,0.0028360137028105,-13.479777433758988,72839000.0,940769000.0,-1108531000.0,1969163000.0,21796500.0,0.0,33330500.0,26.94229175451096,0.0,144.83119239768874,3.340473068143184,0.0,0.6214130983115226,0.0070304207900236,0.0111940340788746,2010-07-28,0.05,amc,49142857.0,2025-04-25,2010-06-30,3.3999999999999995,14.544285714285714,990472.492063492
2010-03-31,EXR,USD,1289490,2010-05-07,2010-05-07 12:36:15,2010,Q1,67587000.0,21956000.0,45631000.0,0.6751446284,70000,12279000.0,0.0,12279000.0,0.0,24768000.0,46724000.0,1538000.0,17678000.0,12419000.0,34820000.0,0.515187832,20863000.0,0.3086836226,-16140000.0,4723000.0,0.0698803024,1045000.0,3568000.0,0.0527912172,0.04,0.04,86873472,91666076,https://www.sec.gov/Archives/edgar/data/1289490/000110465910026768/0001104659-10-026768-index.htm,https://www.sec.gov/Archives/edgar/data/1289490/000110465910026768/a10-6146_110q.htm,0.7779935398460879,0.0410712259779372,0.1843485661537736,0.1827715599993517,1.2517054688455411,10.82386807332853,10.82386807332853,10.112649808678071,14.480070509902031,1101555624.96,2233071624.96,77.18298941704036,16.29833584801811,68.78274273868249,69.37622023932485,1.2538751207540857,1.2538751207540857,33.03995775755693,64.13186746008041,139.43625507087106,140.63935161607256,0.0032390556764934,0.0144141608832296,1.411754528349351,0.5543137715858415,32.496151636990234,0.1658252097860317,1.1801674397556283,3.092295810001931,0.007904276282295,2.44030269058296,0.1816769497092636,0.0010357021320668,0.0,0.008554480174836,0.0020270170299022,0.0110314840164264,0.0135972894195629,3.056979853446717,0.0074507827208698,0.0015946639540693,-13.291525864190165,-1082054000.0,940307000.0,-1082054000.0,793589000.0,14059000.0,0.0,36085000.0,30.63251808779795,0.0,135.11477500455456,2.938054251434533,0.0,0.6661003579879862,0.0040613713274924,0.0015770061544219,2010-05-03,0.1425,amc,50700000.0,2025-04-25,2010-03-31,0.3333333333333335,11.915737704918032,753441.3114754099
2009-12-31,EXR,USD,1289490,2010-02-26,2010-02-26 17:38:10,2009,Q4,70850000.0,21544000.0,49306000.0,0.6959209598,106000,11584000.0,0.0,11584000.0,0.0,24933000.0,46477000.0,1696000.0,18676000.0,13243000.0,34376000.0,0.485194072,24373000.0,0.3440084686,-21916000.0,2457000.0,0.0346788991,1983000.0,5932000.0,0.0837261821,0.0686,0.0686,86437877,86437877,https://www.sec.gov/Archives/edgar/data/1289490/000104746910001564/0001047469-10-001564-index.htm,https://www.sec.gov/Archives/edgar/data/1289490/000104746910001564/a2196671z10-k.htm,0.8196638147417711,0.0686273217931995,0.174379572048027,0.1703419902365256,1.5265298568126564,10.946809811166464,10.946809811166464,10.229068906909871,16.447106862654667,998357479.35,2269384479.35,42.07507920389413,14.091142968948484,66.23482248722883,67.80477311532192,1.1291350273530585,1.1291350273530585,32.03083245377558,66.01653710001163,150.5595753565979,154.12825858122793,0.0059417594626146,0.0147482242629026,1.5867567540056935,0.5827390930885927,36.97425529439143,3.893899931459904,1.3050439066181194,2.0264856144124765,0.0112925482436813,1.9005394470667565,0.163500352858151,0.0014961185603387,0.0,0.0231539839448019,0.0049258997882851,0.0263535452691988,0.0120959774170783,3.974274283335839,0.0020015337655926,0.0024639094583885,-15.108509664114033,168888000.0,946219000.0,-1234089000.0,168888000.0,4245500.0,0.0,40645500.0,6.4962597035991525,0.0,163.7913108057928,13.85412592882284,0.0,0.5494796980208121,0.0067090487333447,0.0040375818115014,2010-02-22,0.1281,amc,65757652.0,2025-04-25,2009-12-31,0.7954722872755662,10.914375,547881.203125
2009-09-30,EXR,USD,1289490,2009-11-05,2009-11-05 16:27:38,2009,Q3,71304000.0,23022000.0,48282000.0,0.6771289128,22000,11246000.0,0.0,11246000.0,0.0,25065000.0,48087000.0,1458000.0,18127000.0,13797000.0,38472000.0,0.5395489734,23217000.0,0.3256058566,-14917000.0,8300000.0,0.1164030068,726000.0,5967000.0,0.0836839448,0.07,0.07,86437877,91548984,https://www.sec.gov/Archives/edgar/data/1289490/000110465909062954/0001104659-09-062954-index.htm,https://www.sec.gov/Archives/edgar/data/1289490/000110465909062954/a09-31224_210q.htm,0.8249161417974206,0.0690322368745822,0.1962102794357154,0.1924156466730436,2.69960355458522,10.975917421016714,10.975917421016714,10.222509282591473,15.88061909479799,911919602.35,2165487602.35,38.20678742877493,12.789178760658588,53.768844478183965,54.82922092051467,1.0320362357573234,1.0320362357573234,30.36979134901268,56.28736749714078,127.68205202535376,130.20007229136604,0.006543339988112,0.0182384499216155,1.532980538969593,0.5717493615853787,32.58390517779164,0.2455336565177146,1.280796601754289,2.239239503564827,0.0,0.0,0.1577190620442051,0.0003085380904297,0.0,0.0193396226415094,0.0046000224391338,0.0237732840472566,0.0111073712554695,3.984703295176514,0.0091982189894168,0.0025186248232488,-13.46045033012553,-1003358000.0,948735000.0,-1093882000.0,1039259000.0,4521500.0,0.0,41505000.0,4.262453719286436,0.0,164.51524628616107,21.11459875629257,0.0,0.5470617589050211,0.0067529639706115,0.0037946327626718,2009-11-02,0.07,amc,71100000.0,2025-04-25,2009-09-30,2.2857142857142856,9.31421875,900414.515625
2009-06-30,EXR,USD,1289490,2009-08-07,2009-08-07 06:00:56,2009,Q2,69068000.0,22967000.0,46101000.0,0.6674726357,18801000,12086000.0,0.0,12086000.0,0.0,43727000.0,66694000.0,1533000.0,16379000.0,12840000.0,21840000.0,0.3162101118,2374000.0,0.0343719233,-9753000.0,-4878000.0,-0.0706260497,943000.0,-6681000.0,-0.0967307581,-0.0773,-0.0729,86397618,91607503,https://www.sec.gov/Archives/edgar/data/1289490/000110465909047924/0001104659-09-047924-index.htm,https://www.sec.gov/Archives/edgar/data/1289490/000110465909047924/a09-18921_110q.htm,0.7994201877186012,-0.0773285207932468,0.3531810333011727,0.3501253935033255,1.5226229963886273,10.949075008063302,10.949075008063302,10.1695627766034,16.165191035706563,721420110.3,1970124110.3,-26.99521442523574,10.445070224995655,23.642266182735792,23.848598687603303,0.8210775805632886,0.8210775805632886,28.52441232263856,90.20714790750915,64.56459691616962,65.12806976198347,-0.009260900693802,0.0419311848506976,1.5709243751038553,0.5793441524753572,57.17509157509158,3.600065268825977,0.1449416936320898,-4.567280347253405,0.0,0.0,0.1749869693635258,0.2722099959460242,0.0,0.0086517664023071,0.0038223200324318,0.0205607476635514,0.0182573695488504,,0.0012204826982313,-0.0028042631851997,-14.817607587283252,159345000.0,945974000.0,-1215840000.0,2188887000.0,5350500.0,0.0,37902000.0,7.383158626281346,0.0,160.3792397788131,12.18990469466996,0.0,0.5611698878490972,-0.0076039179355038,0.0030556397978472,2009-08-03,0.08,amc,61422222.0,2025-04-25,2009-06-30,2.0,7.402222222222222,1355730.5714285714
2009-03-31,EXR,USD,1289490,2009-05-11,2009-05-11 13:16:56,2009,Q1,69254000.0,24128000.0,45126000.0,0.6516013515,82000,11246000.0,0.0,11246000.0,0.0,23851000.0,47979000.0,1745000.0,16636000.0,12523000.0,11315000.0,0.1633840645,21275000.0,0.3072024721,8240000.0,27619000.0,0.3988072891,-9250000.0,26068000.0,0.3764114708,0.32,0.32,85940389,91222295,https://www.sec.gov/Archives/edgar/data/1289490/000110465909031384/0001104659-09-031384-index.htm,https://www.sec.gov/Archives/edgar/data/1289490/000110465909031384/a09-12853_110q.htm,0.8058376370625923,0.3033265302068856,0.2166385353457034,0.2142298890455336,0.6339045079258369,11.08951228973376,11.08951228973376,10.380288132044644,15.26284690193804,473531543.39,1714112543.39,4.541310643221574,6.837605674618072,25.434071510903426,25.72003385964912,0.5308137818439029,0.5308137818439029,24.75109803607012,151.49028222624833,92.067490782576,93.10263121992288,0.0550501869703966,0.0388801976489171,1.4517199014444797,0.5621559935687075,109.64038886433936,2.433249460819554,1.2788530896850203,0.6052272283986737,0.0454584289061208,0.8257633880619917,0.1623877321165564,0.0011840471308516,0.0,0.0111182726393812,0.0029889970254425,0.0165295855625648,0.0129811996418979,8.416880513997947,0.0126330473579782,0.0113155326825643,-14.83593761717788,79746000.0,953037000.0,-1215313000.0,79746000.0,8185000.0,0.0,36777500.0,6.543304357871025,0.0,130.0949104774536,13.7545183714002,0.0,0.6918026206382429,0.0292213979369702,0.0024086463001697,2009-05-04,0.36,bmo,73270588.0,2025-04-25,2009-03-31,-0.0555555555555554,7.102950819672131,1138349.950819672
2008-12-31,EXR,USD,1289490,2009-02-27,2009-02-27 08:01:00,2008,Q4,70360000.0,22759000.0,47601000.0,0.676534963,96000,9859000.0,0.0,9859000.0,0.0,23888000.0,46647000.0,2036000.0,16391000.0,13933000.0,37646000.0,0.5350483229,23713000.0,0.3370238772,23175000.0,46888000.0,0.6664013644,27928000.0,18960000.0,0.2694712905,0.23,0.23,81736986,81736986,https://www.sec.gov/Archives/edgar/data/1289490/000104746909001926/0001047469-09-001926-index.htm,https://www.sec.gov/Archives/edgar/data/1289490/000104746909001926/a2190987z10-k.htm,0.8608098174796903,0.23196353239646,0.2724470412941333,0.2605307712227118,0.7826567032946382,11.423983751982242,11.423983751982242,10.674029502384636,16.103383112266947,843525695.52,2079404695.52,11.122437968354433,11.98871085162024,37.87892116933855,39.61144379056116,0.9668326284553042,0.9668326284553042,29.55379044229676,55.23574072995803,93.3766534429027,97.6475555538859,0.0224770864725251,0.0252452297696426,1.4898637535345338,0.567370781769422,32.828959251978965,2.72778116560676,1.4467085595753768,1.174525316455696,0.0254266113218734,1.1312236286919832,0.1401222285389425,0.0013644115974985,0.0,0.0437379316538686,0.0138430926662876,0.0699059786119285,0.0098919840818646,7.463891460641446,0.0042929437431997,0.0082758331703774,-15.481776511798463,99166000.0,933762000.0,-1200685000.0,99166000.0,11463000.0,0.0,38471500.0,14.499005116543492,0.0,152.9513599015774,6.207322452580503,0.0,0.5884223589637521,0.0217315805942486,0.0119162700714215,2009-02-18,0.13,bmo,53581844.0,2025-04-25,2008-12-31,0.6923076923076923,10.24765625,1160889.3125
2008-09-30,EXR,USD,1289490,2008-11-05,2008-11-04 18:08:26,2008,Q3,69848000.0,22793000.0,47055000.0,0.6736771275,39000,10319000.0,0.0,10319000.0,0.0,45506000.0,45506000.0,2493000.0,15904000.0,12355000.0,41208000.0,0.589966785,24342000.0,0.3484995991,-12452000.0,12327000.0,0.1764832207,14030000.0,9916000.0,0.1419654106,0.15,0.15,81736986,87263018,https://www.sec.gov/Archives/edgar/data/1289490/000110465908067949/0001104659-08-067949-index.htm,https://www.sec.gov/Archives/edgar/data/1289490/000110465908067949/a08-25541_110q.htm,0.854545823355904,0.1213159486942667,0.3164785156134825,0.3105693180318638,1.3711785262059943,10.872275128911651,10.872275128911651,10.144036874567409,13.036717551586744,1255480104.96,2193082104.96,31.65288687373941,17.974460327568433,48.534100238132055,49.45755780815443,1.5141900793469882,1.5141900793469882,31.397922703012256,53.219814234129295,84.77973190660275,86.39283454638566,0.0078981737431163,0.0202193566426994,1.2659794510717692,0.4678364084814007,22.752912055911477,3.59742324858604,1.5305583501006037,2.098483004786241,0.0163953215337138,2.075837031060912,0.1477350818921085,0.0005583552857633,0.0,0.0186717179526828,0.0069150154621463,0.0390934844192634,0.0117397778032298,5.262057846805261,-0.0015367305285538,0.0044195132473973,-14.866186159592427,143744000.0,888667000.0,-1155934000.0,2049000000.0,10414500.0,0.0,37708500.0,14.935144886038255,0.0,151.09244066160662,6.026054697610215,0.0,0.5956618319613224,0.0119593363267856,0.0059091975816186,2008-10-28,0.14,bmo,65240000.0,2025-04-25,2008-09-30,0.0714285714285712,15.235,815332.109375
2008-06-30,EXR,USD,1289490,2008-08-08,2008-08-07 17:45:51,2008,Q2,67336000.0,22233000.0,45103000.0,0.6698200071,1428000,10070000.0,0.0,10070000.0,0.0,23195000.0,45428000.0,2082000.0,15962000.0,11697000.0,36947000.0,0.5486960912,21908000.0,0.3253534513,-13679000.0,8901000.0,0.1321878341,-34602000.0,8901000.0,0.1321878341,0.12,0.11,73900524,79572767,https://www.sec.gov/Archives/edgar/data/1289490/000110465908050951/0001104659-08-050951-index.htm,https://www.sec.gov/Archives/edgar/data/1289490/000110465908050951/a08-18856_110q.htm,0.9111708057712824,0.1204456953512264,0.3291992895747261,0.0264003540759738,2.514691235477573,12.123188734088002,12.123188734088002,11.305305494180258,17.81628774377838,1135112048.64,2249946048.64,31.88158770475227,16.857432111203515,46.658666912199934,581.8103785955919,1.3586541299487231,1.3586541299487231,33.41371701081145,60.89658290632527,92.48380666885892,1153.2270879753971,0.0078415166244288,0.0017187730518212,1.5568172569146874,0.578261814796488,30.17387067962216,5.085850918475786,1.372509710562586,2.733176047635097,0.0180457955886753,2.301314459049545,0.1495485327313769,0.0212070809076868,0.0,0.9198043406774088,0.3323185220387311,1.913054629392152,0.0175834620411072,5.535132887438485,0.0487456555999946,0.0039572716032751,-15.453550775905189,215308000.0,895910000.0,-1085363000.0,215308000.0,19425000.0,0.0,18576000.0,12.347332778899846,0.0,150.39265956011334,7.289023598181425,0.0,0.5984334625322998,0.0106539089468417,0.3027989354987523,2008-07-29,0.14,bmo,78516666.0,2025-04-25,2008-06-30,-0.1428571428571429,16.5675,817041.53125
2008-03-31,EXR,USD,1289490,2008-05-07,2008-05-07 14:30:26,2008,Q1,65707000.0,712000.0,64995000.0,0.989164016,164000,10179000.0,0.0,10179000.0,0.0,43727000.0,43727000.0,21980000.0,17383000.0,11581000.0,66397000.0,1.0105011643,21980000.0,0.3345153484,-48116000.0,6700000.0,0.1019678269,-32836000.0,5671000.0,0.086307395,0.09,0.09,66165159,71699461,https://www.sec.gov/Archives/edgar/data/1289490/000110465908030695/0001104659-08-030695-index.htm,https://www.sec.gov/Archives/edgar/data/1289490/000110465908030695/a08-11496_110q.htm,0.993075524839289,0.0857097615377906,0.3657362933262202,0.0141615317511743,0.3175387215498114,10.20984473112201,10.20984473112201,9.262971770384471,20.22779088311417,1071213924.21,2371195924.21,47.22332587771116,16.30288894957919,44.26686739989256,1143.237912710779,1.747819209787791,1.747819209787791,36.08741723423684,35.712395502959474,97.98735171742634,2530.6253193276416,0.0052939939183317,0.0008747085701775,2.155363313895243,0.6446114838158108,19.5789267587391,0.4386655112651646,1.264453776678364,3.611791044776119,0.0155001719308728,2.9278786810086403,0.1549150014458124,0.0024959288964646,0.0,0.9612793917104012,0.3540262072534129,2.008634832915983,0.0121752629095834,4.226506806494712,0.0688770131566077,0.0027673079963538,-20.10920883602804,-64778000.0,675536000.0,-1323126000.0,1788380000.0,29826500.0,0.0,-17858500.0,40.56006209384084,0.0,0.0,2.218931514250979,0.0,0.0,0.0092529442669599,0.3515747615750458,2008-04-28,0.09,bmo,59129999.0,2025-04-25,2008-03-31,0.1111111111111112,14.805081967213114,703804.8360655737
2007-12-31,EXR,USD,1289490,2008-02-29,2008-02-29 09:00:27,2007,Q4,64714000.0,0.0,64714000.0,1.0,0,9188000.0,0.0,9188000.0,0.0,40982000.0,40982000.0,0.0,0.0,11284000.0,35016000.0,0.5410884816,23732000.0,0.3667212659,10852000.0,34584000.0,0.5344129555,26503000.0,9591000.0,0.1482059523,0.15,0.15,64901249,64901249,https://www.sec.gov/Archives/edgar/data/1289490/000104746908001991/0001047469-08-001991-index.htm,https://www.sec.gov/Archives/edgar/data/1289490/000104746908001991/a2182948z10-k.htm,0.9971148629204348,0.14777835785564,0.3463723787503689,-0.4813466686904593,0.6038250511943152,10.553001838223484,10.553001838223484,9.551757624880224,20.33506319731998,927438848.21,2229832848.21,24.17471713611719,14.331347903235775,41.25617652179714,-29.687543156530086,1.4960597369826154,1.4960597369826154,34.45673035525543,63.68039890935572,99.19185267838078,-71.37749194014084,0.0103413826351042,-0.0336841615598641,2.128934170644324,0.6425135401579787,37.19425405528901,0.414493006993007,0.0,2.34386403920342,0.017732705538205,1.7147325617766656,0.1419785517816855,0.0,0.0,2.389679715302491,0.8301140402385883,4.760723147819922,0.0328367895663998,5.635576170179717,0.0028588755838136,0.0046692550174652,-20.42041979808432,-66982000.0,684903000.0,-1321754000.0,1774340000.0,30234000.0,0.0,-17858500.0,41.7790586271904,0.0,0.0,2.154189274657968,0.0,0.0,0.0154713261851106,0.8277190474408281,2008-02-19,0.12,bmo,51760000.0,2025-04-25,2007-12-31,0.25,14.81765625,590768.75
2007-09-30,EXR,USD,1289490,2007-11-07,2007-11-07 15:47:18,2007,Q3,63826000.0,21004000.0,42822000.0,0.6709178078,184000,9326000.0,0.0,9326000.0,0.0,41112000.0,41112000.0,1821000.0,16079000.0,10598000.0,10598000.0,0.1660451853,22714000.0,0.3558737818,-11376000.0,11338000.0,0.1776392066,0.0,9828000.0,0.1539811362,0.15,0.15,64901249,70567078,https://www.sec.gov/Archives/edgar/data/1289490/000110465907080664/0001104659-07-080664-index.htm,https://www.sec.gov/Archives/edgar/data/1289490/000110465907080664/a07-25777_110q.htm,0.9834325376388364,0.151430059535526,0.4152000218054355,-0.4884343597147105,1.4025924216034733,10.234949407522189,10.234949407522189,9.665299353483936,19.85476427425919,1018949609.3,2249639609.3,25.91955660612535,15.964491105505592,37.813100133595576,-32.143520798107254,1.6243676916577658,1.6243676916577658,35.24644516811331,212.2702028024156,83.48386125728283,-70.96654918927446,0.009645226722008,-0.0311104687716376,2.028599212485453,0.6300929651040442,116.12474051707868,1.013831385642738,1.4126500404253997,2.3766978303051687,0.0145738315854516,1.510989010989011,0.1461160028828377,0.0028828377150377,0.0,2.1763832708650312,0.9188575188794535,5.533779958482732,0.011531350860151,5.738586870637401,0.0122854083056586,0.0048663703997128,-19.128503212626924,1657000.0,664261000.0,-1233857000.0,1758984000.0,18446000.0,0.0,0.0,42.90461567386332,0.0,0.0,2.097676405823775,0.0,0.0,0.0156673946659439,0.903634381520146,2007-10-30,0.12,bmo,51040000.0,2025-04-25,2007-09-30,0.25,15.327777777777778,504134.9206349207
2007-06-30,EXR,USD,1289490,2007-08-08,2007-08-08 16:02:26,2007,Q2,56550000.0,20408000.0,36142000.0,0.6391158267,159000,8968000.0,0.0,8968000.0,0.0,36819000.0,36819000.0,3668000.0,15437000.0,9123000.0,36297000.0,0.6418567639,19731000.0,0.3489124668,-18479000.0,8695000.0,0.1537577365,-7443000.0,8695000.0,0.1537577365,0.13,0.13,64439138,69248845,https://www.sec.gov/Archives/edgar/data/1289490/000110465907060215/0001104659-07-060215-index.htm,https://www.sec.gov/Archives/edgar/data/1289490/000110465907060215/a07-19105_110q.htm,0.877572260510375,0.1349335244056182,0.4072524992497572,-0.7742654782253605,2.11239635142233,10.375107748958404,10.375107748958404,9.796313538520645,19.56508170546912,1063245777.0,2262775777.0,30.570608884416338,18.80187050397878,40.51540513660785,-21.310520052913237,1.6843070543954528,1.6843070543954528,40.01371842617153,62.34057296746288,86.22397504096331,-45.35257003988536,0.0081777893579162,-0.0469251804985067,1.972734156441183,0.6277007508799414,33.04763479075406,1.5481650380021716,1.2781628554771003,3.0181713628522138,0.0138726156445387,1.696377228292122,0.1585853227232537,0.0028116710875331,0.0,2.901192699005449,1.3463483642793987,8.34550038364573,0.0,5.453590562055325,0.0201344928092276,0.0043826952340772,-18.22504593404089,50486000.0,668563000.0,-1172790000.0,1727512000.0,3232500.0,0.0,0.0,10.289124668435012,0.0,0.0,8.747099767981439,0.0,0.0,0.0137739083048984,1.1815179774751177,2007-08-01,0.12,bmo,52153846.0,2025-04-25,2007-06-30,0.0833333333333334,17.944761904761904,541573.0158730159
2007-03-31,EXR,USD,1289490,2007-05-09,2007-05-09 16:13:01,2007,Q1,53776000.0,18434000.0,35342000.0,0.6572076763,0,9240000.0,0.0,9240000.0,0.0,36155000.0,36155000.0,0.0,0.0,8796000.0,34898000.0,0.648951205,17621000.0,0.3276740553,-17621000.0,6470000.0,0.1203138947,-8481000.0,6470000.0,0.1203138947,0.1,0.1,64058756,68786185,https://www.sec.gov/Archives/edgar/data/1289490/000110465907037556/0001104659-07-037556-index.htm,https://www.sec.gov/Archives/edgar/data/1289490/000110465907037556/a07-11114_110q.htm,0.8394793055300668,0.1010010247467184,0.4006009732689782,-0.2533923699673469,5.018377191090005,10.478364581416471,10.478364581416471,9.937376866950084,19.408744059906503,1213272838.64,2421461838.6400003,46.88071246676972,22.561604407914317,47.278966512352895,-74.7457391966486,1.9059355656512345,1.9059355656512345,45.028671501041366,69.38683702905611,94.35982536980752,-149.17827985707248,0.0053326834607559,-0.0133786890162273,1.9531053636957725,0.6370637576155072,34.62057997592985,4.483556485355648,0.0,3.966306027820711,0.012048402910252,2.25935085007728,0.1718238619458494,0.0,0.0,1.6325305899773983,0.7790464147575127,4.762846748522056,0.008107706039869,4.752148782841989,0.0227038363414303,0.0033152115432898,-14.969194843558936,249771000.0,671231000.0,-958908000.0,1700968000.0,0.0,0.0,0.0,0.0,0.0,0.0,0.0,0.0,0.0,0.0101637510682149,0.6539933432363251,2007-04-25,0.08,bmo,47733333.0,2025-04-25,2007-03-31,0.1249999999999999,19.26852459016393,493427.868852459
2006-12-31,EXR,USD,1289490,2007-02-28,2007-02-28 16:56:04,2006,Q4,52175000.0,-80744000.0,132919000.0,2.5475610925,0,9010000.0,0.0,9010000.0,0.0,35072000.0,35072000.0,0.0,0.0,9586000.0,26689000.0,0.5115285098,17103000.0,0.3278006708,-39894000.0,14876000.0,0.2851173934,8137000.0,6739000.0,0.1291614758,0.13,0.13,52501864,52501864,https://www.sec.gov/Archives/edgar/data/1289490/000110465907014990/0001104659-07-014990-index.htm,https://www.sec.gov/Archives/edgar/data/1289490/000110465907014990/a07-6564_110k.htm,0.9937742400917424,0.1283573474648442,0.2629239982793754,-0.7929813691948157,1.3485425965066689,12.927407682134866,12.927407682134866,12.257755267508216,18.059815933392382,958684036.64,1836057036.64,35.564773580649955,18.37439456904648,69.44972737177629,-23.02702271371268,1.4896691605845656,1.4896691605845656,35.19036006976521,68.79452346060175,133.00905800057956,-44.10100248937142,0.0070294275720068,-0.0434272381815342,1.4733379431439426,0.5678283652478553,32.87395556221664,0.9065428937259924,0.0,2.0483751298412227,0.0152271232669766,2.1661967650986798,0.1726880689985625,0.0,0.0,4.016009852216749,1.06252036415908,5.783121218443563,0.0330618112122664,5.949864823694568,0.0048675850094244,0.0040357522494872,-17.529110966422067,-7299000.0,678713000.0,-920311000.0,1410092000.0,0.0,0.0,0.0,0.0,0.0,0.0,0.0,0.0,0.0,0.0104715214705813,1.055905367474191,2007-02-27,0.1,bmo,52200000.0,2025-04-25,2006-12-31,0.0,17.9784126984127,238133.3333333333
2006-09-30,EXR,USD,1289490,2006-11-08,2006-11-08 10:00:27,2006,Q3,51188000.0,17561000.0,33627000.0,0.656931312,0,8598000.0,0.0,8598000.0,0.0,34661000.0,34661000.0,0.0,0.0,9253000.0,34282000.0,0.6697272798,16527000.0,0.3228686411,-16527000.0,4307000.0,0.0841408143,-8502000.0,4307000.0,0.0841408143,0.08,0.08,52501864,57072838,https://www.sec.gov/Archives/edgar/data/1289490/000110465906072513/0001104659-06-072513-index.htm,https://www.sec.gov/Archives/edgar/data/1289490/000110465906072513/a06-22009_110q.htm,0.974974907557568,0.0820351825984692,0.4657358451120897,-0.5150674269393559,2.889154564112238,13.077897577122217,13.077897577122217,12.401178746720309,18.003056043876843,908807265.84,1702315265.84,52.75175678198281,17.75430307572087,37.16699107803043,-33.60725041934768,1.3958350535490758,1.3958350535490758,33.256139443619595,49.6562413464792,69.61865147390806,-62.9507900983655,0.0047391786596458,-0.0297554839364157,1.4517213574264496,0.5664810348712883,23.146490869844232,2.098008298755187,0.0,5.677269561179475,0.013034666914828,2.750406315300673,0.1679690552473235,0.0,0.0,2.1059218059872404,1.0059779635852153,5.565114017075543,0.0,4.78434861457417,0.0319303778796871,0.0025813048085267,-15.81345759457226,79386000.0,686614000.0,-830236000.0,1449630000.0,0.0,0.0,0.0,0.0,0.0,0.0,0.0,0.0,0.0,0.0066151116981653,0.9808032720514456,2006-11-02,0.08,bmo,58514285.0,2025-04-25,2006-09-30,-0.1249999999999999,16.718095238095238,363492.0634920635
2006-06-30,EXR,USD,1289490,2006-08-09,2006-08-09 06:06:45,2006,Q2,48531000.0,15728000.0,32803000.0,0.6759184851,0,8747000.0,0.0,8747000.0,0.0,33665000.0,33665000.0,0.0,0.0,9057000.0,33113000.0,0.6823061548,14866000.0,0.306319672,-14866000.0,3092000.0,0.0637118543,-9190000.0,3092000.0,0.0637118543,0.06,0.06,51625135,55991088,https://www.sec.gov/Archives/edgar/data/1289490/000110465906052699/0001104659-06-052699-index.htm,https://www.sec.gov/Archives/edgar/data/1289490/000110465906052699/a06-15710_110q.htm,0.9400653383279288,0.0598933058480137,0.4113112730843222,-0.65708302748264,0.082324239926927,9.605534203445666,9.605534203445666,8.931947587158852,18.407118935379057,838392192.4,1784412192.4,67.7872083117723,17.27539495168037,39.48347896769331,-24.715293685513824,1.8181924873078832,1.8181924873078832,36.76850244998042,53.8885692145079,84.03561233870208,-52.60338990625553,0.0036880114438432,-0.0404607775543497,2.0608180641187737,0.6429566520001434,28.56944402500529,0.0638138138138138,0.0,6.867399741267787,0.0140554744030557,3.811125485122898,0.1802353135109517,0.0,0.0,2.5975322595836867,1.1365106838927697,6.089875234625152,0.0,3.4693928928218853,0.0437169692491464,0.0020920601176344,-18.941006159112224,-62350000.0,495887000.0,-977832000.0,1260177000.0,0.0,0.0,0.0,0.0,0.0,0.0,0.0,0.0,0.0,0.0067055147003012,1.0683943005669625,2006-08-04,0.06,bmo,48500000.0,2025-04-25,2006-06-30,0.0,15.456031746031746,213095.2380952381
2006-03-31,EXR,USD,1289490,2006-05-10,2006-05-10 06:01:45,2006,Q1,45370000.0,12241000.0,33129000.0,0.7301961649,0,9245000.0,0.0,9245000.0,0.0,34214000.0,34214000.0,0.0,0.0,9276000.0,33160000.0,0.7308794358,11156000.0,0.2458893542,-10418000.0,738000.0,0.0162662552,-12728000.0,738000.0,0.0162662552,0.01,0.01,51593729,55709430,https://www.sec.gov/Archives/edgar/data/1289490/000110465906032832/0001104659-06-032832-index.htm,https://www.sec.gov/Archives/edgar/data/1289490/000110465906032832/a06-9929_110q.htm,0.8793704366668282,0.0143040639687044,0.2913144735089801,-0.6524823976185168,0.2143865197260698,9.779483084077912,9.779483084077912,9.092984924582598,17.304312312839414,886896201.5100001,1768629201.5100002,300.43909265243906,19.54807585430902,59.008396640718566,-26.345538305311315,1.8904683272406373,1.8904683272406373,38.98234960348248,53.33622441224367,117.67326690019962,-52.53770204105276,0.0008321154141189,-0.0379570911936309,1.9030398110589355,0.6250885688120157,26.590259348612783,0.1668325791855203,0.0,20.365853658536587,0.0132788932683992,15.9579945799458,0.2037690103592682,0.0,0.0,3.2397870924817034,1.0732642715450738,5.249460974557999,0.0085078245536698,1.7107014221140764,0.1583221401976831,0.0005167097491507,-17.689107139357965,-55239000.0,504560000.0,-912647000.0,1196076000.0,0.0,0.0,0.0,0.0,0.0,0.0,0.0,0.0,0.0,0.0015730878350005,0.9437968711274968,2006-05-04,0.04637,bmo,181600000.0,2025-04-25,2006-03-31,-0.7142549061893466,15.483064516129032,232929.0322580645
2005-12-31,EXR,USD,1289490,2006-03-13,2006-03-13 07:25:22,2005,Q4,44058000.0,-60112000.0,104170000.0,2.3643833129,0,8213000.0,0.0,8213000.0,0.0,32926000.0,32926000.0,0.0,0.0,9527000.0,20659000.0,0.4689046257,11132000.0,0.252666939,-16098000.0,-4966000.0,-0.1127150574,-4719000.0,-247000.0,-0.0056062463,-0.0066,-0.0066,37465700,37465700,https://www.sec.gov/Archives/edgar/data/1289490/000104746906003235/0001047469-06-003235-index.htm,https://www.sec.gov/Archives/edgar/data/1289490/000104746906003235/a2168325z10-k.htm,1.1759556073955644,-0.0065926967866608,0.7322430916811911,0.1531267265792444,0.7647795183327684,13.782286197775566,13.782286197775566,12.815134910064405,23.135374489199453,576971780.0,1415101780.0,-583.9795344129554,13.095732443597075,21.03126704089816,100.57029457904828,1.201704087243402,1.201704087243402,32.11906532298334,68.49807735127547,51.58204344973391,246.6623287432456,-0.000428097193939,0.0099432939337171,1.8053164989336177,0.6103280401523175,40.56972747954887,0.3909004092769441,0.0,-111.06882591093115,0.0204117435344931,-47.68016194331984,0.186413364201734,0.0,0.0,0.7908799300138514,0.4924644786417904,2.2774220636086917,0.0136411094466385,,0.000411084083857,-0.0001739201460084,-23.359392724545383,-44647000.0,516363000.0,-875176000.0,1168031000.0,0.0,0.0,0.0,0.0,0.0,0.0,0.0,0.0,0.0,-0.0005144461476939,0.5791163651019465,2006-03-13,-0.07,bmo,,2025-04-25,2005-12-31,-0.9058571428571428,14.57,237730.15873015876
2005-09-30,EXR,USD,1289490,2005-11-14,2005-11-14 06:18:07,2005,Q3,43135000.0,1251000.0,41884000.0,0.9709980294,0,9591000.0,0.0,9591000.0,0.0,33014000.0,33014000.0,789000.0,10121000.0,9535000.0,19656000.0,0.4556856381,10121000.0,0.2346354469,-12980000.0,-2859000.0,-0.0662802828,-22172000.0,-2859000.0,-0.0662802828,-0.0763,-0.0763,37465700,37465700,https://www.sec.gov/Archives/edgar/data/1289490/000110465905054839/0001104659-05-054839-index.htm,https://www.sec.gov/Archives/edgar/data/1289490/000110465905054839/a05-20176_110q.htm,1.151319740455937,-0.0763097980285968,-0.4566309984866157,-0.6352210154888338,0.1893198312056093,9.012323271685837,9.012323271685837,8.04135515951924,28.39730740383871,576222466.0,1622933466.0,-50.3867144106331,13.358582728642634,-33.681462824409635,-24.21204529602084,1.9126129483030456,1.9126129483030456,37.62451526602527,82.56682264957264,-94.86400900163666,-68.19334703138787,-0.0049616253594666,-0.0413017565337343,3.4978142892706,0.7371552685975705,53.251475376475376,0.0952080536912751,1.0,5.9839104582021685,0.014969912679524,-3.017138859741168,0.222348440941231,0.0,0.0,-0.39110357727379,0.1551176538773617,0.7017304667016256,0.0,,-0.0555950563987166,-0.001999923052978,-28.954723920812903,-67407000.0,337653000.0,-1084809000.0,1133102000.0,0.0,0.0,0.0,0.0,0.0,0.0,0.0,0.0,0.0,-0.0094896689071446,0.178590017002218,2005-11-14,-0.01667,bmo,10575000.0,2025-04-25,2005-09-30,3.7990401919616072,15.374375,163012.5
2005-06-30,EXR,USD,1289490,2005-08-15,2005-08-15 08:33:03,2005,Q2,24617000.0,822000.0,23795000.0,0.9666084413,0,3320000.0,0.0,3320000.0,0.0,18742000.0,18742000.0,0.0,5875000.0,6213000.0,12088000.0,0.4910427753,5875000.0,0.2386562132,-7095000.0,-1220000.0,-0.0495592477,-14600000.0,-1220000.0,-0.0495592477,-0.0383,-0.0383,31858839,31858839,https://www.sec.gov/Archives/edgar/data/1289490/000119312505167693/0001193125-05-167693-index.htm,https://www.sec.gov/Archives/edgar/data/1289490/000119312505167693/d10q.htm,0.7726898020357866,-0.0382939252745525,0.0373208829110188,-0.4876825549104284,2.983222332741001,10.332862412217846,10.332862412217846,9.696618260320156,17.733540133085203,456537162.87,920590162.87,-93.55269730942624,18.545605186253404,383.9673363078217,-29.38386837034177,1.4778348095480105,1.4778348095480105,37.3965212198887,76.15735960208471,774.2558140201851,-59.251474729355735,-0.0026722906681474,-0.0340322787795135,1.809819922763925,0.6199010987792574,38.38955989410986,2.803598820058997,1.0,-0.9745901639344262,0.0155321419080601,-5.812295081967213,0.134866149408945,0.0,0.0,14.067283431455005,0.6794491611487996,2.692097215515854,0.0,,-0.0773977362317838,-0.0013526848576909,-14.993484225837609,61142000.0,329193000.0,-477675000.0,824711000.0,0.0,0.0,0.0,0.0,0.0,0.0,0.0,0.0,0.0,-0.0039492041706185,0.5250034378214473,2005-08-15,-0.012,bmo,18450000.0,2025-04-25,2005-06-30,2.333333333333333,13.53390625,152157.8125
2005-03-31,EXR,USD,1289490,2005-05-10,2005-05-10 09:16:17,2005,Q1,22918000.0,267000.0,22651000.0,0.9883497687,0,2957000.0,0.0,2957000.0,0.0,17692000.0,17692000.0,0.0,5226000.0,5730000.0,10956000.0,0.4780521861,5226000.0,0.2280303691,-5866000.0,-640000.0,-0.027925648,-14468000.0,-640000.0,-0.027925648,-0.0205,-0.0205,31169950,31169950,https://www.sec.gov/Archives/edgar/data/1289490/000119312505101913/0001193125-05-101913-index.htm,https://www.sec.gov/Archives/edgar/data/1289490/000119312505101913/d10q.htm,0.7352594405829974,-0.0205325962986786,0.1044595836695278,-1.711103161859419,0.3941616845711976,8.233956101950756,8.233956101950756,7.5674166946048995,18.69775216193802,420794325.0,986090325.0,-164.37278320312498,18.36086591325596,129.2365863022113,-7.889647042279929,1.7839641379368822,1.7839641379368822,43.02689261715682,90.00459337349398,302.8532939189189,-18.488615824505484,-0.0015209330591613,-0.1267483823599569,2.448667944174057,0.724556013713804,51.59693318729463,0.3815527950310559,1.0,-5.0875,0.0168514630039271,-11.0796875,0.1290252203508159,0.0,0.0,17.380528255528255,2.4692817872414694,9.876265270506108,0.0,,-0.1429053874474297,-0.0008028571679464,-16.94628961547901,-19914000.0,256652000.0,-528215000.0,735513000.0,0.0,0.0,0.0,0.0,0.0,0.0,0.0,0.0,0.0,-0.0027132900337465,1.815562745528947,2005-05-10,0.05,bmo,57500000.0,2025-04-25,2005-03-31,-1.4,13.48,152900.0
2004-12-31,EXR,USD,1289490,2005-03-15,2005-03-15 16:01:24,2004,Q4,22948000.0,-26151000.0,49099000.0,2.1395764337,0,3317000.0,0.0,3317000.0,0.0,13509000.0,13509000.0,0.0,11149000.0,4729000.0,14168000.0,0.6173958515,5916000.0,0.257800244,-31544000.0,-18462000.0,-0.8045145546,-18145000.0,-317000.0,-0.01381384,-0.0208,-0.0208,15241832,15241832,https://www.sec.gov/Archives/edgar/data/1289490/000119312505051025/0001193125-05-051025-index.htm,https://www.sec.gov/Archives/edgar/data/1289490/000119312505051025/d10k.htm,1.5055932908852427,-0.0207980248043673,0.5932357737573803,-1.2256400674144683,1.596199197051903,17.390297964181734,17.390297964181734,15.982789995323396,34.32172720444629,203173620.56,690821620.56,-160.23156195583596,8.85365263029458,22.469986790533067,-10.875949925592847,0.8340220952599884,0.8340220952599884,30.103783360641447,48.75928998870694,76.40141788984737,-36.979905816605104,-0.0015602419208077,-0.0919459915539736,2.1016514303776166,0.6840186296567462,34.41897233201581,0.7626645768025079,0.5306305498250964,-28.52365930599369,0.0349061063166201,-22.37223974763407,0.1445441868572424,0.0,0.0,3.066025215660252,1.2080791354366394,5.862338760837386,0.0,,0.0001344392026528,-0.0004235227473132,-30.12072302069725,-7571000.0,265060000.0,-459095000.0,689328000.0,0.0,1474500.0,0.0,0.0,0.0,0.0,0.0,0.0,0.0,-0.0013012762359045,1.8188758411718489,2005-03-15,,amc,,2025-04-25,2004-12-31,,13.64078125,106917.1875
2004-09-30,EXR,USD,1289490,2004-11-19,2004-11-19 17:29:33,2004,Q3,18168000.0,2537000.0,15631000.0,0.8603588727,0,2905000.0,0.0,2905000.0,1404000.0,14808000.0,14808000.0,0.0,3360000.0,5057000.0,16379000.0,0.9015301629,3360000.0,0.1849405548,-11380000.0,-5077000.0,-0.27944738,-7962000.0,-5077000.0,-0.27944738,-0.33,-0.33,15241832,15241832,https://www.sec.gov/Archives/edgar/data/1289490/000119312504200885/0001193125-04-200885-index.htm,https://www.sec.gov/Archives/edgar/data/1289490/000119312504200885/d10q.htm,1.1919826960433628,-0.3330964414251515,-0.5426513033341399,-5.263999760658693,2.0998788072195,19.35357901858517,19.35357901858517,17.91123271795674,59.79635518879883,194333358.0,1070373358.0,-9.569300669686823,10.696464002642008,-23.495751178817557,-2.4221125721336607,0.7118438021978022,0.7118438021978022,58.91531032584764,65.35034849502412,-129.41281078466932,-13.34081186045642,-0.0261252110921687,-0.4128627263261719,3.326175824175824,1.2310818872017353,53.48556077904634,0.9817791411042944,1.0,1.6291116801260588,0.2418678938280889,-9.258026393539492,0.1598965213562307,0.0,0.0,-8.700519888767985,3.9609202994275647,14.230175993672136,0.0,,-0.0027893064492671,-0.0068831344902386,-26.93967496820592,-594000.0,294984000.0,-410610000.0,679130000.0,0.0,1748500.0,0.0,0.0,104.61568782026016,0.0,0.0,0.8602916242794167,0.0,-0.0185970695970695,4.721348457324552,2005-03-15,-0.11103,bmo,22700000.0,2025-04-25,2004-09-30,2.000090065747996,13.203142857142858,354320.0
2004-06-30,EXR,USD,1289490,2004-09-27,2004-09-27 11:50:40,2004,Q2,13929000.0,0.0,13929000.0,1.0,0,3273000.0,0.0,3273000.0,2607000.0,12428000.0,12428000.0,0.0,1501000.0,2551000.0,3089000.0,0.2217675354,1501000.0,0.1077607868,-15573000.0,-7036000.0,-0.5051331754,538000.0,-7036000.0,-0.5051331754,-1.11,-1.11,6358292,6358292,https://www.sec.gov/Archives/edgar/data/1289490/000119312504162004/0001193125-04-162004-index.htm,https://www.sec.gov/Archives/edgar/data/1289490/000119312504162004/d10q.htm,2.1906826550274823,-1.1065864858046783,-0.6224942170004146,-10.273828254506084,0.4364379616412709,-1.9119914593415968,-1.9119914593415968,-3.564636540756543,136.07349269269167,79478650.0,940397650.0,-2.823999786810688,5.705983918443535,-20.080507832238503,-1.2166837609454413,-3.506668872711229,-3.506668872711229,67.5136513748295,304.4343314988669,-237.5941510864073,-14.395898138509583,-0.0885269188643742,-0.8219062603604868,-38.106949040370615,1.4777817891259006,278.70475882162515,0.0064177430358815,1.0,0.5625355315520182,1.7282628731112066,-19.5224559408755,0.2349773853112212,0.0,0.0,-15.504295098534614,4.405628544762725,24.055664445315564,0.0,,0.0029344119430953,-0.0120386070394026,-93.395364667115,-429620000.0,-12157000.0,-593835000.0,111241000.0,0.0,274000.0,0.0,0.0,0.0,0.0,0.0,0.0,0.0,0.3104345907787337,9.65133403750567,2004-09-27,,amc,,2025-04-25,2004-06-30,,,
2004-03-31,EXR,USD,1289490,2004-03-31,2004-03-30 19:00:00,2004,Q1,11016000.0,0.0,11016000.0,1.0,0,2970000.0,0.0,2970000.0,0.0,-7585000.0,-7585000.0,0.0,0.0,3215000.0,3048000.0,0.2766884532,18601000.0,1.6885439361,18059000.0,18430000.0,1.6730210603,24633000.0,-6032000.0,-0.547567175,-2.66,-2.66,2268169,2268169,,,4.856780954152887,-2.659413826747478,-1.3098671218943565,-39.332166165748674,0.0,7.388779231177218,7.388779231177218,-5.634500780144689,152.32859632593514,28352112.5,373859112.5,-1.1750709756299735,2.5737211782861293,-9.542952709525412,-0.3178060406671748,-2.218475156494523,-2.218475156494523,33.93782793209876,122.65718914041994,-125.83611999326826,-4.190681886965879,-0.2127531061397982,-3.1465732932598938,-27.034976525821595,0.7248728089039013,113.35531496062993,0.0,0.0,0.4925397877984085,6.648957815753588,-31.251989389920425,0.2696078431372549,0.0,0.0,-29.0276001346348,7.828703703703703,26.82457231726283,0.0,,0.0,-0.0126551206873039,-202.75649653971996,-345507000.0,16759000.0,-459886000.0,94645000.0,1033000.0,1159000.0,0.0,0.0,0.0,0.0,0.0,0.0,0.0,0.4719874804381846,38.02229904385432,2004-03-30,,amc,,2025-04-25,2004-03-31,,,
2003-12-31,EXR,USD,1289490,2003-12-31,2003-12-30 19:00:00,2003,Q4,9578000.0,0.0,9578000.0,1.0,0,0.0,0.0,2428000.0,0.0,12000000.0,12000000.0,0.0,0.0,2219000.0,-203000.0,-0.0211944038,-2422000.0,-0.2528711631,0.0,0.0,0.0,6105000.0,-8527000.0,-0.8902693673,-1.9,-1.9,4491902,4491902,,,2.132281603650302,-1.8983049941873176,-0.0549878425664673,-39.49952603596427,2.6149279303065827,7.446956767979355,7.446956767979355,-1.136266997810727,121.91183155821298,56148775.0,592018775.0,-1.646205435674915,5.862265086656922,-227.322975708502,-0.3164594934283202,-11.000935540752351,-11.000935540752351,61.81027093338901,-2916.348645320197,-2396.837145748988,-3.336670508600672,-0.1518643995349854,-3.159962082877142,-107.29153605015674,1.818585158175092,-2639.753694581281,0.0500206427500488,0.0,0.0289668113052656,0.0,0.0,0.0,0.0,0.0,-717.331983805668,18.49874712883692,79.84722848129788,0.0,,,-0.0283174261594968,-56.62979735532966,-262314000.0,33451000.0,-253859000.0,92060000.0,,,,19.413238671956567,0.0,0.0,4.636011616650532,0.0,0.0,1.6706504702194358,39.44453819339781,2003-12-30,,amc,,2025-04-25,2003-12-31,,,
2003-09-30,EXR,USD,1289490,2003-09-30,2003-09-29 20:00:00,2003,Q3,9134000.0,0.0,9134000.0,1.0,0,0.0,0.0,1912000.0,0.0,8077000.0,8077000.0,0.0,0.0,1688000.0,2745000.0,0.3005255091,1057000.0,0.1157214802,-1057000.0,0.0,0.0,4869000.0,-3812000.0,-0.4173417999,-0.85,-0.85,4491902,4491902,,,2.0334370607373,-0.8486382828476667,-2.0948809657913285,-9.297397850620962,,,,,,56148775.0,,-3.682369818992655,6.147227392161156,-5.9669261424017,-1.344462203385772,0.0,0.0,,,,,-0.0678910626278133,-0.7437918280496769,0.0,0.0,,0.0,0.0,2.4691681973235373,0.0,0.0,0.0,0.0,0.0,-3.438150903294368,3.542040726954237,19.1664691943128,0.0,,0.0,0.0,,,,,,,,,,0.0,0.0,0.0,0.0,0.0,0.0,7.202516884829634,2003-09-29,,amc,,2025-04-25,2003-09-30,,,
2003-06-30,EXR,USD,1289490,2003-06-30,2003-06-29 20:00:00,2003,Q2,9307000.0,0.0,9307000.0,1.0,0,0.0,0.0,2056000.0,0.0,7573000.0,7573000.0,0.0,0.0,1466000.0,3200000.0,0.3438272268,1734000.0,0.1863113785,672000.0,2406000.0,0.2585150962,4107000.0,-2373000.0,-0.2549693779,-0.37,-0.37,6358292,6358292,,,1.4637578771154265,-0.3732134353062111,,,,,,,,79478650.0,,-8.373224820901813,8.539663693993768,0.0,0.0,0.0,0.0,,,0.0,0.0,-0.0298570748244968,,0.0,0.0,,0.0,0.0,0.0,,,0.0,0.0,0.0,0.0,,0.0,,,0.0,0.0,,,,,,,,,,0.0,0.0,0.0,0.0,0.0,0.0,,2003-06-29,,amc,,2025-04-25,2003-06-30,,,
