date,symbol,reportedCurrency,cik,fillingDate,acceptedDate,calendarYear,period,revenue,costOfRevenue,grossProfit,grossProfitRatio,researchAndDevelopmentExpenses,generalAndAdministrativeExpenses,sellingAndMarketingExpenses,sellingGeneralAndAdministrativeExpenses,otherExpenses,operatingExpenses,costAndExpenses,interestIncome,interestExpense,depreciationAndAmortization,ebitda,ebitdaratio,operatingIncome,operatingIncomeRatio,totalOtherIncomeExpensesNet,incomeBeforeTax,incomeBeforeTaxRatio,incomeTaxExpense,netIncome,netIncomeRatio,eps,epsdiluted,weightedAverageShsOut,weightedAverageShsOutDil,link,finalLink,revenuePerShare,netIncomePerShare,operatingCashFlowPerShare,freeCashFlowPerShare,cashPerShare,bookValuePerShare,tangibleBookValuePerShare,shareholdersEquityPerShare,interestDebtPerShare,marketCap,enterpriseValue,peRatio,priceToSalesRatio,pocfratio,pfcfRatio,pbRatio,ptbRatio,evToSales,enterpriseValueOverEBITDA,evToOperatingCashFlow,evToFreeCashFlow,earningsYield,freeCashFlowYield,debtToEquity,debtToAssets,netDebtToEBITDA,currentRatio,interestCoverage,incomeQuality,dividendYield,payoutRatio,salesGeneralAndAdministrativeToRevenue,researchAndDdevelopementToRevenue,intangiblesToTotalAssets,capexToOperatingCashFlow,capexToRevenue,capexToDepreciation,stockBasedCompensationToRevenue,grahamNumber,roic,returnOnTangibleAssets,grahamNetNet,workingCapital,tangibleAssetValue,netCurrentAssetValue,investedCapital,averageReceivables,averagePayables,averageInventory,daysSalesOutstanding,daysPayablesOutstanding,daysOfInventoryOnHand,receivablesTurnover,payablesTurnover,inventoryTurnover,roe,capexPerShare,report_date,epsEstimated,time,revenueEstimated,updatedFromDate,fiscalDateEnding,surprise(%),QuarterAvgPrice,QuarterAvgVolume
2024-12-31,F,USD,37996,2025-02-06,2025-02-05 20:44:08,2024,Q4,48211000000.0,44203000000.0,4008000000.0,0.0831345544,0,0.0,0.0,2594000000.0,0.0,2777000000.0,46887000000.0,396000000.0,292000000.0,1450000000.0,4059000000.0,0.0841924042,1231000000.0,0.0255335919,1083000000.0,2314000000.0,0.047997345,483000000.0,1824000000.0,0.0378336894,0.46,0.45,3978000000,4019500000,https://www.sec.gov/Archives/edgar/data/37996/000003799625000013/0000037996-25-000013-index.htm,https://www.sec.gov/Archives/edgar/data/37996/000003799625000013/f-20241231.htm,12.119406737053795,0.4585218702865761,0.7611865258924082,0.1332327802916038,9.640020110608344,11.27652086475616,11.27652086475616,11.270739064856713,40.51131221719457,39382200000.0,177309200000.0,5.397779605263159,0.8168716682914687,13.006010568031703,74.30603773584906,0.8783807293409167,0.8783807293409167,3.677774781688826,43.6829761024883,58.55653896961691,334.5456603773585,0.0463153404329874,0.0134578565951114,3.58786662205866,0.5640401688663235,33.98053707809805,1.1648433917592342,4.215753424657534,1.6465470364328438,0.0151337406239367,0.3267543859649123,0.0,0.0,0.0,0.8249669749009247,0.0518139013917985,1.7227586206896552,0.0022194105079753,10.783195630212164,0.0041654009468478,0.0063956016213411,-36.28293112116641,17615000000.0,44858000000.0,-115864000000.0,82490000000.0,66358500000.0,25776000000.0,16488000000.0,124.90344527182592,49.12607741556003,30.441146528516164,0.7205565851617146,1.8320208885941645,2.9565246471807907,0.0406825025092004,0.6279537456008044,2025-02-05,0.35,amc,47395600000.0,2025-05-05,2024-12-31,0.1142857142857144,10.66453125,54867523.6875
2024-09-30,F,USD,37996,2024-10-29,2024-10-28 19:24:49,2024,Q3,46196000000.0,42860000000.0,3336000000.0,0.0722140445,0,0.0,0.0,2456000000.0,0.0,2456000000.0,45316000000.0,367000000.0,273000000.0,1394000000.0,2535000000.0,0.0548748809,880000000.0,0.0190492683,-11000000.0,869000000.0,0.0188111525,-27000000.0,892000000.0,0.0193090311,0.22,0.22,3976000000,4018000000,https://www.sec.gov/Archives/edgar/data/37996/000003799624000185/0000037996-24-000185-index.htm,https://www.sec.gov/Archives/edgar/data/37996/000003799624000185/f-20240930.htm,11.61871227364185,0.2243460764587525,1.3838028169014085,0.8827967806841046,9.281941649899396,11.151659959758552,11.151659959758552,11.145623742454728,40.06413480885312,41986560000.0,177559560000.0,11.767533632286996,0.90887869079574,7.631145038167939,11.961982905982904,0.9474570687126256,0.9474570687126256,3.843613299852801,70.04321893491124,32.27182115594329,50.58676923076923,0.0212448936040485,0.083598179989025,3.588446349994358,0.5539929001174024,53.48047337278106,1.147318316886166,3.2234432234432235,6.168161434977579,0.014218835741723,0.6692825112107623,0.0,0.0,0.0,0.3620501635768811,0.0431206165035933,1.4289813486370158,0.0027924495627327,7.50071540033801,0.0039146343208355,0.0031075050427281,-37.08092303822938,16063000000.0,44339000000.0,-117609000000.0,79621000000.0,32904500000.0,26441000000.0,17604000000.0,128.2104511213092,57.58656089594027,37.84997666822212,0.701970855050221,1.5628646441073513,2.3778085991678224,0.0201286246192034,0.5010060362173038,2024-10-28,0.4645,amc,45126403375.0,2025-04-25,2024-09-30,0.0548977395048438,11.44171875,59402365.921875
2024-06-30,F,USD,37996,2024-07-25,2024-07-24 19:23:59,2024,Q2,47808000000.0,43280000000.0,4528000000.0,0.0947121821,0,0.0,0.0,2773000000.0,232000000.0,2773000000.0,46053000000.0,367000000.0,279000000.0,1518000000.0,4226000000.0,0.0883952477,1755000000.0,0.0367093373,555000000.0,2438000000.0,0.0509956493,605000000.0,1831000000.0,0.0382990295,0.46,0.46,3985000000,4022000000,https://www.sec.gov/Archives/edgar/data/37996/000003799624000144/0000037996-24-000144-index.htm,https://www.sec.gov/Archives/edgar/data/37996/000003799624000144/f-20240630.htm,11.9969887076537,0.4594730238393977,1.3821831869510666,0.8552070263488081,8.674027603513174,10.939774153074028,10.939774153074028,10.932747804265995,38.43764115432873,50848600000.0,183790600000.0,6.942736209721463,1.063600234270415,9.231771968046475,14.92036384976526,1.1671356760851104,1.1671356760851104,3.8443482262382864,43.490440132513015,33.36793754538853,53.92916666666667,0.0360088576676644,0.067022494227963,3.509422269148668,0.5527937061167232,31.458116422148603,1.165517441466882,6.290322580645161,3.008192244675041,0.0117800686744571,0.3271436373566357,0.0,0.0,0.0,0.3812636165577342,0.0439257028112449,1.383399209486166,0.0031166331994645,10.631289224794976,0.0058839317000036,0.0066200024585481,-47.63701380175659,17115000000.0,43595000000.0,-112473000000.0,79369000000.0,31792500000.0,26421000000.0,17907500000.0,0.0,52.939463955637706,35.73174676524954,0.0,1.7000549925367272,2.5187685503113544,0.042027222439002,0.5269761606022585,2024-07-24,0.68,amc,47221916143.0,2025-04-25,2024-06-30,-0.3088235294117648,12.37,47846911.23809524
2024-03-31,F,USD,37996,2024-04-25,2024-04-24 19:03:59,2024,Q1,42777000000.0,39053000000.0,3724000000.0,0.0870561283,0,0.0,0.0,2464000000.0,124000000.0,2464000000.0,41517000000.0,410000000.0,292000000.0,1505000000.0,3395000000.0,0.0793650794,1260000000.0,0.029455081,352000000.0,1612000000.0,0.037683802,278000000.0,1332000000.0,0.0311382285,0.33,0.33,3979000000,4023000000,https://www.sec.gov/Archives/edgar/data/37996/000003799624000075/0000037996-24-000075-index.htm,https://www.sec.gov/Archives/edgar/data/37996/000003799624000075/f-20240331.htm,10.750691128424227,0.334757476752953,0.3480774063835134,-0.1781854737371198,8.66122141241518,10.780849459663232,10.780849459663232,10.774063835134456,38.05503895451118,52880910000.0,184288910000.0,9.92509572072072,1.2361995932393577,38.18116245487364,-74.58520451339915,1.233517844646606,1.233517844646606,4.308130771208827,54.28244771723122,133.06058483754512,-259.9279407616361,0.0251886739467985,-0.0134074848560662,3.5252857476090504,0.5508801090613507,38.706332842415314,1.1684882661860745,4.315068493150685,1.03978978978979,0.0250752114515427,0.9954954954954957,0.0,0.0,0.0,1.511913357400722,0.048951539378638,1.391362126245847,0.0029455081001472,9.008369138532192,0.0047091075210804,0.0048552713593666,-35.17875094244785,17389000000.0,42897000000.0,-110849000000.0,79022000000.0,31792500000.0,26688000000.0,17141500000.0,133.7786661056175,63.10808388600107,42.938570660384606,0.6727530077848549,1.426124744376278,2.0960176041219407,0.031070678796361,0.5262628801206333,2024-04-24,0.4273,amc,42932186125.0,2025-04-25,2024-03-31,0.1467353147671424,12.122295081967213,54681621.75409836
2023-12-31,F,USD,37996,2024-02-07,2024-02-06 19:33:55,2023,Q4,45962000000.0,43432000000.0,2530000000.0,0.0550454723,8200000000,275000000.0,2500000000.0,2775000000.0,-1802000000.0,2775000000.0,46207000000.0,433000000.0,370000000.0,1698000000.0,197000000.0,0.0042861494,-245000000.0,-0.0053304904,-1622000000.0,-1867000000.0,-0.0406205126,-1344000000.0,-526000000.0,-0.0114442365,-0.13,-0.13,3998000000,3998000000,https://www.sec.gov/Archives/edgar/data/37996/000003799624000009/0000037996-24-000009-index.htm,https://www.sec.gov/Archives/edgar/data/37996/000003799624000009/f-20231231.htm,11.496248124062031,-0.1315657828914457,0.6233116558279139,0.0492746373186593,10.047773886943473,10.704852426213106,10.704852426213106,10.698599299649825,37.888194097048526,48735620000.0,174980620000.0,-23.163317490494297,1.0603459379487403,19.55682985553772,247.3889340101523,1.1394014915951651,1.1394014915951651,3.80707149384274,888.226497461929,70.21694221508828,888.226497461929,-0.0107929272265336,0.0040422179916865,3.5327659972412504,0.5528776846803996,640.8375634517766,1.1964917118909495,-0.6621621621621622,-4.764818355640536,0.0123318427056021,-1.1425855513307983,0.0059832035159479,0.1784082502937209,0.0,0.9209470304975924,0.0499325529785475,1.3515901060070672,0.0023932814063791,,-0.0003092497797764,-0.0019245545351432,-45.651700850425215,19950000000.0,42798000000.0,-109031000000.0,83988000000.0,0.0,26902500000.0,16988500000.0,0.0,53.86074783569718,32.43207773070547,0.0,1.6709756848261004,2.7750303494984347,-0.0122974773805905,0.5740370185092546,2024-02-06,0.12,amc,40118100000.0,2025-04-25,2023-12-31,1.4166666666666663,11.128253968253969,53744037.31746032
2023-09-30,F,USD,37996,2023-10-27,2023-10-26 19:41:47,2023,Q3,43801000000.0,37548000000.0,6253000000.0,0.1427592977,0,0.0,0.0,2671000000.0,-67000000.0,2671000000.0,40219000000.0,414000000.0,2783000000.0,1604000000.0,3315000000.0,0.0756832036,1129000000.0,0.0257756672,258000000.0,1387000000.0,0.0316659437,214000000.0,1199000000.0,0.0273738043,0.3,0.3,4004000000,4050000000,https://www.sec.gov/Archives/edgar/data/37996/000003799623000068/0000037996-23-000068-index.htm,https://www.sec.gov/Archives/edgar/data/37996/000003799623000068/f-20230930.htm,10.93931068931069,0.2994505494505494,1.1466033966033966,0.5941558441558441,10.26848151848152,11.057942057942055,10.75974025974026,11.054695304695304,36.794455544455545,49729680000.0,167844680000.0,10.368990825688076,1.1353549005730463,10.831993029840993,20.90360655737705,1.1235045071504417,1.1235045071504417,3.831982831442205,50.631879336349925,36.55950337617077,70.55261874737285,0.0241103501973067,0.0478386347951565,3.2655265119851795,0.539188952263003,35.63046757164404,1.210366218534328,0.4056773266259432,3.9138959931798807,0.0120652294565338,0.5004170141784821,0.0,0.0,0.0044540106612751,0.4818122413417556,0.0505011301111846,1.3790523690773069,0.0025570192461359,8.630326072489202,0.004401735128884,0.0044926727093551,-43.33641358641359,21093000000.0,43082000000.0,-102436000000.0,83072000000.0,28628500000.0,27781000000.0,18014500000.0,0.0,66.66586768935763,43.92617449664429,0.0,1.3500161794844137,2.048892284186402,0.0270880871156496,0.5524475524475524,2023-10-26,0.45,amc,38874400000.0,2025-04-25,2023-09-30,-0.1333333333333333,12.983968253968252,49774771.47619048
2023-06-30,F,USD,37996,2023-07-28,2023-07-27 19:35:09,2023,Q2,44954000000.0,37471000000.0,7483000000.0,0.166459047,0,0.0,0.0,2750000000.0,-16000000.0,2750000000.0,40221000000.0,66000000.0,2578000000.0,1596000000.0,4188000000.0,0.0931618988,2461000000.0,0.0547448503,-173000000.0,2288000000.0,0.0508964719,272000000.0,1917000000.0,0.0426435912,0.48,0.47,4003000000,4041000000,https://www.sec.gov/Archives/edgar/data/37996/000003799623000050/0000037996-23-000050-index.htm,https://www.sec.gov/Archives/edgar/data/37996/000003799623000050/f-20230630.htm,11.230077441918562,0.4788908318760929,1.2578066450162375,0.7709218086435173,10.697227079690231,10.893330002498129,10.58955783162628,10.911066699975018,36.82937796652511,60565390000.0,179009390000.0,7.898459833072509,1.3472747697646483,12.02887586891758,19.625855476344785,1.386665521899398,1.386665521899398,3.9820569915914046,42.74340735434575,35.55300695134061,58.006931302657165,0.0316517403751548,0.0509531929043963,3.3163907777548824,0.5445672973897613,28.28175740210124,1.2048903628174032,0.9546159813809154,2.4975198412698414,0.0099231590847512,0.3135106937923839,0.0,0.0,0.0045715832490572,0.3870903674280039,0.0433554299951061,1.2211779448621554,0.0030698046892378,10.842841910387142,0.0100984192541031,0.0072401095269568,-31.91849862603048,20697000000.0,42390000000.0,-100673000000.0,82078000000.0,28628500000.0,26888500000.0,16957500000.0,114.63117853806112,66.64914200314911,42.52008219689894,0.7851267093979776,1.3503549677465854,2.1166468960063267,0.0438903770863383,0.4868848363727204,2023-07-27,0.51,amc,40381400000.0,2025-04-25,2023-06-30,0.4117647058823528,12.650967741935483,59943481.43548387
2023-03-31,F,USD,37996,2023-05-03,2023-05-02 19:08:40,2023,Q1,41474000000.0,36855000000.0,4619000000.0,0.1113709794,0,0.0,0.0,2506000000.0,-73000000.0,2506000000.0,39361000000.0,36000000.0,312000000.0,1625000000.0,4092000000.0,0.0986642234,2113000000.0,0.0509475816,46000000.0,2159000000.0,0.0520567102,496000000.0,1757000000.0,0.0423638906,0.44,0.44,3990000000,4029000000,https://www.sec.gov/Archives/edgar/data/37996/000003799623000029/0000037996-23-000029-index.htm,https://www.sec.gov/Archives/edgar/data/37996/000003799623000029/f-20230331.htm,10.394486215538848,0.4403508771929824,0.7017543859649122,0.2556390977443609,9.903007518796992,10.575689223057644,10.270426065162908,10.618045112781957,35.3390977443609,50274000000.0,168821000000.0,7.153386454183267,1.212181125524425,17.955000000000002,49.28823529411765,1.1866591134400226,1.1866591134400226,4.070526112745334,41.25635386119257,60.293214285714285,165.51078431372548,0.0349484823169033,0.0202888172812984,3.320846905537459,0.5478621495327103,28.97043010752688,1.2003857984463793,6.772435897435898,1.6837041491280818,0.0635119544893981,1.817302219692658,0.0,0.0,0.0047429906542056,0.6357142857142857,0.0429184549356223,1.0953846153846154,0.0024111491536866,10.256825692605114,0.007774015358658,0.006874506029376,-41.85062656641604,19218000000.0,40979000000.0,-99480000000.0,80414000000.0,27287000000.0,25816500000.0,15146000000.0,0.0,63.56043956043956,39.58974358974359,0.0,1.41597510373444,2.273316062176166,0.0414719350422508,0.4461152882205513,2023-05-02,0.4,amc,36082900000.0,2025-04-25,2023-03-31,0.575,12.520967741935484,69201081.70967741
2022-12-31,F,USD,37996,2023-02-03,2023-02-02 19:39:34,2022,Q4,43999000000.0,37816000000.0,6183000000.0,0.140525921,7800000000,342000000.0,2200000000.0,2542000000.0,91000000.0,2542000000.0,40358000000.0,300000000.0,341000000.0,1700000000.0,3184000000.0,0.072365281,3740000000.0,0.0850019319,-395000000.0,1166000000.0,0.0265006023,-93000000.0,1289000000.0,0.0292961204,0.32,0.32,4004000000,4047000000,https://www.sec.gov/Archives/edgar/data/37996/000003799623000012/0000037996-23-000012-index.htm,https://www.sec.gov/Archives/edgar/data/37996/000003799623000012/f-20221231.htm,10.98876123876124,0.3219280719280719,0.2942057942057942,-0.2215284715284715,11.006493506493506,10.78096903096903,10.194055944055943,10.7997002997003,35.16858141858142,46566520000.0,161906520000.0,9.031520558572538,1.058354053501216,39.53015280135824,-52.49889515219842,1.0768817353498914,1.0768817353498914,3.679777267665174,50.85003768844221,137.44186757215618,-182.5327170236753,0.0276808316361196,-0.0190480199078651,3.248554645946071,0.5489753169404886,36.22487437185929,1.20244461420932,10.96774193548387,0.9356632247815728,0.01286331896822,0.4647013188518231,0.0077729039296347,0.1772767562899156,0.0091838489315471,1.7529711375212225,0.0469328848382917,1.214705882352941,0.0013409395668083,8.84456616431126,0.0192679944595175,0.0050841307280285,-30.138986013986013,19610000000.0,40817000000.0,-96241000000.0,83444000000.0,27287000000.0,26328000000.0,14646500000.0,111.6311734357599,60.93849164374868,33.5096255553205,0.8062264081797192,1.4768990431556337,2.6857954545454548,0.0298089820082327,0.5157342657342657,2023-02-02,0.6,amc,41394012401.0,2025-04-25,2022-12-31,-0.1499999999999999,12.847777777777775,56949961.28571428
2022-09-30,F,USD,37996,2022-10-27,2022-10-26 19:18:39,2022,Q3,39392000000.0,34354000000.0,5038000000.0,0.1278939886,0,0.0,0.0,2847000000.0,653000000.0,2847000000.0,37201000000.0,182000000.0,321000000.0,1627000000.0,823000000.0,0.020892567,504000000.0,0.012794476,-1629000000.0,-1125000000.0,-0.0285590983,-195000000.0,-930000000.0,-0.0236088546,-0.23,-0.23,4021000000,4021000000,https://www.sec.gov/Archives/edgar/data/37996/000003799622000073/0000037996-22-000073-index.htm,https://www.sec.gov/Archives/edgar/data/37996/000003799622000073/f-20220930.htm,9.796568017905994,-0.2312857498134792,0.9480228798806268,0.5172842576473514,9.990798308878388,10.467296692365084,10.181298184531212,10.476249689132056,32.35165381745834,45035200000.0,153252200000.0,-12.106236559139784,1.1432575142160846,11.814060860440712,21.65153846153846,1.0690848664688426,1.0690848664688426,3.890439683184403,186.21166464155527,40.20257082896118,73.67894230769231,-0.0206505133762035,0.0461860944327992,3.0804747774480714,0.5255367144691174,131.49088699878493,1.198753424201759,1.5700934579439252,-4.098924731182795,0.0133895264148932,-0.6483870967741936,0.0,0.0,0.0046573977701189,0.4543546694648478,0.0439683184402924,1.0645359557467733,0.0027162875710804,,0.0020709606227197,-0.0037840411117756,-39.05757274309873,17921000000.0,40939000000.0,-96742000000.0,78155000000.0,0.0,25214500000.0,14594500000.0,0.0,70.86773010420912,39.854747627641615,0.0,1.2699715352482348,2.258200223493065,-0.0220771513353115,0.4307386222332753,2022-10-26,0.31,amc,37768375000.0,2025-04-25,2022-09-30,-0.032258064516129,13.9946875,67566686.5
2022-06-30,F,USD,37996,2022-07-28,2022-07-27 18:33:01,2022,Q2,40190000000.0,33191000000.0,6999000000.0,0.174147798,0,0.0,0.0,2759000000.0,627000000.0,2759000000.0,35950000000.0,91000000.0,312000000.0,1619000000.0,2722000000.0,0.0677282906,4995000000.0,0.1242846479,-2077000000.0,791000000.0,0.0196815128,153000000.0,667000000.0,0.0165961682,0.17,0.16,4021000000,4052000000,https://www.sec.gov/Archives/edgar/data/37996/000003799622000048/0000037996-22-000048-index.htm,https://www.sec.gov/Archives/edgar/data/37996/000003799622000048/f-20220630.htm,9.995026112907237,0.1658791345436458,0.7329022631186272,0.3103705545884108,9.127082815220094,11.001492166127829,10.70554588410843,10.984580950012434,32.466053220591895,44753730000.0,155471730000.0,16.774261619190405,1.113553869121672,15.18619952494062,35.86036057692308,1.0132384704204307,1.0132384704204307,3.868418263249565,57.11672667156503,52.75593145571768,124.57670673076925,0.0149037856732835,0.0278859438084825,2.948538567773778,0.5299342841447784,40.67523879500367,1.1621362143154583,16.009615384615383,4.619122257053292,0.0089824915152323,0.6026986506746627,0.0,0.0,0.0048422209110699,0.5765184933831015,0.0422741975615824,1.0494132180358249,0.0025628265737745,6.402931951812025,0.0198002541616967,0.0027272913131478,-39.25142999253917,14017000000.0,43047000000.0,-101049000000.0,75902000000.0,0.0,23317000000.0,14311500000.0,0.0,63.39128076888313,37.897020276581,0.0,1.419753614509368,2.374856897538637,0.0151010889990717,0.4225317085302164,2022-07-27,0.43,amc,36571216000.0,2025-04-25,2022-06-30,0.5813953488372094,13.693548387096774,62025956.661290325
2022-03-31,F,USD,37996,2022-04-28,2022-04-27 18:52:35,2022,Q1,34476000000.0,29036000000.0,5440000000.0,0.157790927,0,0.0,0.0,2740000000.0,663000000.0,2740000000.0,31776000000.0,66000000.0,308000000.0,1547000000.0,-1993000000.0,-0.0578083304,3271000000.0,0.094877596,-5191000000.0,-3848000000.0,-0.1116138763,-729000000.0,-3119000000.0,-0.0904687319,-0.78,-0.78,4008000000,4008000000,https://www.sec.gov/Archives/edgar/data/37996/000003799622000024/0000037996-22-000024-index.htm,https://www.sec.gov/Archives/edgar/data/37996/000003799622000024/f-20220331.htm,8.60179640718563,-0.7781936127744511,-0.2704590818363273,-0.6122754491017964,10.286427145708585,11.248502994011975,10.940618762475047,11.223802395209582,34.25449101796407,67775280000.0,183746280000.0,-5.432452709201668,1.9658684302123213,-62.52332103321034,-27.61828850855746,1.5066195398466156,1.5066195398466156,5.329686738600766,-92.195825388861,-169.50763837638377,-74.87623471882641,-0.0460197287270521,-0.0362078917268951,3.045103923530065,0.5414686978726095,-58.18916206723532,1.1747609350097397,10.62012987012987,0.3475472907983328,0.0059756300527271,-0.1298493106764988,0.0,0.0,0.0048777402702125,-1.263837638376384,0.0397377886065668,0.885585003232062,0.0019433809026569,,0.0125493423621183,-0.0123891766500365,-39.75810878243513,15790000000.0,43850000000.0,-101760000000.0,79195000000.0,22019000000.0,22802500000.0,13356000000.0,0.0,72.08430913348947,45.39984846397576,0.0,1.2485380116959064,1.982385471427596,-0.0693342225186173,0.341816367265469,2022-04-27,0.39,amc,34532842400.0,2025-04-25,2022-03-31,-0.0256410256410256,19.01483870967742,104589867.56451613
2021-12-31,F,USD,37996,2022-02-04,2022-02-03 18:24:07,2021,Q4,37678000000.0,32393000000.0,5285000000.0,0.1402675301,7600000000,148000000.0,3100000000.0,3248000000.0,4213000000.0,3248000000.0,35641000000.0,65000000.0,438000000.0,1516000000.0,13172000000.0,0.3495939275,739000000.0,0.0196135676,10479000000.0,11218000000.0,0.2977334253,-1055000000.0,12282000000.0,0.3259727162,3.07,3.03,3999000000,4055000000,https://www.sec.gov/Archives/edgar/data/37996/000003799622000013/0000037996-22-000013-index.htm,https://www.sec.gov/Archives/edgar/data/37996/000003799622000013/f-20211231.htm,9.421855463865969,3.0712678169542387,0.8829707426856714,0.4398599649912478,12.401350337584397,12.158539634908728,11.84896224056014,12.13278319579895,34.989497374343586,83059230000.0,202004230000.0,1.6906698827552515,2.204449015340517,23.5228632115548,47.21957362137578,1.7118908056637605,1.7118908056637605,5.361331015446679,15.335881415122987,57.20878787878788,114.84038089823764,0.147870381172568,0.0211776584011192,2.8748531503122488,0.5426692862839692,9.03013969025205,1.2013623287444752,1.687214611872146,0.2877047176729406,0.0048158404550583,0.0325679856700863,0.0039280216572004,0.2017092202346196,0.0048164646837979,0.5018408382894364,0.0470300971389139,1.1688654353562005,0.0011412495355379,28.95545022245659,0.0037370841255647,0.0480146366063714,-29.947236809202305,18269000000.0,47384000000.0,-99417000000.0,84344000000.0,22019000000.0,22636000000.0,12786500000.0,105.19188916609164,62.093970919643134,33.52113110857284,0.8555792724465234,1.449416081256432,2.68487360132615,0.2531379459593149,0.4431107776944236,2022-02-03,0.43,amc,41230363400.0,2025-04-25,2021-12-31,-0.3953488372093023,18.40328125,90657792.828125
2021-09-30,F,USD,37996,2021-10-28,2021-10-27 18:22:16,2021,Q3,35683000000.0,30057000000.0,5626000000.0,0.1576661155,0,0.0,0.0,2947000000.0,774000000.0,2947000000.0,33004000000.0,63000000.0,439000000.0,1520000000.0,3844000000.0,0.1077263683,1342000000.0,0.0376089454,543000000.0,1885000000.0,0.0528262758,63000000.0,1832000000.0,0.0513409747,0.46,0.45,3995000000,4036000000,https://www.sec.gov/Archives/edgar/data/37996/000003799621000086/0000037996-21-000086-index.htm,https://www.sec.gov/Archives/edgar/data/37996/000003799621000086/f-20210930.htm,8.931914893617021,0.4585732165206508,1.7541927409261575,1.3602002503128912,11.621026282853569,9.187484355444305,8.839549436795995,9.159699624530663,36.62377972465582,56569200000.0,175013200000.0,7.719596069868996,1.58532634587899,8.072089041095891,10.410231873389767,1.5459022217363976,1.5459022217363976,4.904666087492644,45.528928199791885,24.973344748858448,32.207066617592936,0.0323851141610629,0.0960593397113623,3.986363512147132,0.5773101627769841,30.812695109261185,1.2014421618950275,3.0569476082004554,3.8463227222832055,0.0,0.0,0.0,0.0,0.0055010942824238,0.2246004566210045,0.0441106409214471,1.0355263157894736,0.0022139394109239,9.721565752575072,0.0061388345146287,0.0072904686673007,-40.74918648310388,17935000000.0,35314000000.0,-109005000000.0,82662000000.0,0.0,20758000000.0,13550500000.0,0.0,68.63858668529792,40.44715041421299,0.0,1.311215809449025,2.2251258513473497,0.050064219932774,0.3939924906132666,2021-10-27,0.27,amc,33118284370.0,2025-04-25,2021-09-30,0.8888888888888888,13.6021875,59586782.046875
2021-06-30,F,USD,37996,2021-07-29,2021-07-28 18:35:36,2021,Q2,26752000000.0,22904000000.0,3848000000.0,0.1438397129,0,0.0,0.0,2877000000.0,922000000.0,2877000000.0,25781000000.0,64000000.0,453000000.0,1182000000.0,2370000000.0,0.0885915072,-22000000.0,-0.0008223684,757000000.0,735000000.0,0.0274745813,182000000.0,561000000.0,0.0209703947,0.14,0.14,3992000000,4028000000,https://www.sec.gov/Archives/edgar/data/37996/000003799621000058/0000037996-21-000058-index.htm,https://www.sec.gov/Archives/edgar/data/37996/000003799621000058/f-20210630.htm,6.701402805611222,0.1405310621242484,0.18937875751503,-0.189629258517034,10.279559118236472,8.713426853707414,8.342184368737476,8.683366733466935,37.24423847695391,59321120000.0,184592120000.0,26.435436720142604,2.217446172248804,78.46708994708995,-78.36343461030383,1.7113177936764363,1.7113177936764363,6.900124102870813,77.88697046413502,244.1694708994709,-243.8469220607662,0.0094570028347408,-0.0127610537360049,4.276078929148396,0.5964060965992307,52.856962025316456,1.2132520305723935,-0.0485651214128035,1.3670886075949369,0.0,0.0,0.0,0.0,0.0059630148230408,2.001322751322751,0.0565565191387559,1.2800338409475465,0.0053080143540669,5.239881856687293,-7.829516556634478e-05,0.0022707953855494,-41.56199899799599,17801000000.0,33302000000.0,-112473000000.0,83568000000.0,0.0,21042500000.0,13167500000.0,0.0,73.06016416346489,53.41294097100943,0.0,1.2318614532350884,1.6849849187081587,0.0161839372259404,0.3790080160320641,2021-07-28,0.02171,amc,35053000000.0,2025-04-25,2021-06-30,4.9880239520958085,13.293968253968254,82504924.53968254
2021-03-31,F,USD,37996,2021-04-29,2021-04-28 18:28:44,2021,Q1,36228000000.0,29297000000.0,6931000000.0,0.1913161091,0,0.0,0.0,2843000000.0,738000000.0,2843000000.0,32140000000.0,72000000.0,476000000.0,1742000000.0,6157000000.0,0.1699514188,2464000000.0,0.0680136911,1478000000.0,3942000000.0,0.1088108645,680000000.0,3262000000.0,0.0900408524,0.82,0.81,3980000000,4016000000,https://www.sec.gov/Archives/edgar/data/37996/000003799621000026/0000037996-21-000026-index.htm,https://www.sec.gov/Archives/edgar/data/37996/000003799621000026/f-20210331.htm,9.10251256281407,0.8195979899497488,1.128643216080402,0.7849246231155779,11.58467336683417,8.536180904522613,8.251758793969849,8.499497487437186,38.80452261306532,48755000000.0,180895000000.0,3.736587982832618,1.3457822678591145,10.85373998219056,15.606594110115235,1.4412616767175122,1.4412616767175122,4.993237275035884,29.3803800552217,40.27048085485307,57.90492957746479,0.0669059583632448,0.0640754794380063,4.551436679673643,0.5903174231938624,21.461750852688,1.208840412099863,5.176470588235294,1.377069282648682,6.153215054866168e-05,0.0009196811771919,0.0,0.0,0.004340174603844,0.3045414069456812,0.0377608479629016,0.7853042479908151,0.0011317213205255,12.519538680256764,0.0094234731001659,0.0125612756895801,-43.810804020100505,19683000000.0,32842000000.0,-112913000000.0,84987000000.0,26287500000.0,22848000000.0,11775000000.0,0.0,72.16711608697136,39.14325698877018,0.0,1.2471053975821556,2.299246586093235,0.0964289937330022,0.3437185929648241,2021-04-28,0.21,amc,33353100000.0,2025-04-25,2021-03-31,3.2380952380952386,11.442131147540984,83000720.85245901
2020-12-31,F,USD,37996,2021-02-05,2021-02-04 18:58:09,2020,Q4,35952000000.0,33075000000.0,2877000000.0,0.0800233645,7100000000,730000000.0,2800000000.0,3530000000.0,-1011000000.0,3530000000.0,36605000000.0,93000000.0,476000000.0,1725000000.0,-1611000000.0,-0.0448097463,-2442000000.0,-0.0679238985,-1562000000.0,-3810000000.0,-0.1059746328,-1019000000.0,-2788000000.0,-0.0775478416,-0.7,-0.7,3975836950,3976000000,https://www.sec.gov/Archives/edgar/data/37996/000003799621000012/0000037996-21-000012-index.htm,https://www.sec.gov/Archives/edgar/data/37996/000003799621000012/f-20201231.htm,9.042624346051213,-0.7012360001332549,1.141646414851092,0.7565702612628519,12.56615918316268,7.749563271200042,7.648452484954142,7.719129427578764,41.11687729045328,34947606790.5,172702606790.5,-3.13375240230452,0.9720629392106142,7.6994066513549235,11.618220342586437,1.1387294490224829,1.1387294490224829,4.803699565823877,-107.20211470546244,38.048602509473454,57.41443044896941,-0.079776564292748,0.086071702077685,5.311111111111111,0.6098832227672575,-85.50900062073246,1.2011688204790518,-5.130252100840337,-1.6262988176280904,0.0513053729472371,-0.6431133428981348,0.0203048509123275,0.197485536270583,0.0015041476309674,0.3372989645296321,0.0425845571873609,0.887536231884058,0.0008066310636404,,-0.0080676355350049,-0.0104474647660374,-35.62866178403015,19552000000.0,30409000000.0,-119706000000.0,84988000000.0,26287500000.0,21835000000.0,10695500000.0,131.61298397863817,60.41904761904762,29.409523809523808,0.6838231098430814,1.489596469104666,3.060233160621762,-0.0908439231019876,0.3850761535882401,2021-02-04,-0.07,bmo,221875199999.0,2025-04-25,2020-12-31,-5.857142857142857,8.3728125,63971388.875
2020-09-30,F,USD,37996,2020-10-29,2020-10-28 18:34:06,2020,Q3,37501000000.0,31223000000.0,6278000000.0,0.1674088691,0,0.0,0.0,2266000000.0,459000000.0,2266000000.0,33489000000.0,86000000.0,502000000.0,1520000000.0,4774000000.0,0.1273032719,2351000000.0,0.0626916616,405000000.0,2756000000.0,0.0734913736,366000000.0,2385000000.0,0.063598304,0.6,0.6,3976000000,4005000000,https://www.sec.gov/Archives/edgar/data/37996/000003799620000071/0000037996-20-000071-index.htm,https://www.sec.gov/Archives/edgar/data/37996/000003799620000071/f-20200930.htm,9.431841046277668,0.5998490945674044,2.788732394366197,2.4728370221327967,11.27540241448692,8.340291750503019,8.275402414486921,8.331237424547284,40.0057847082495,26480160000.0,160778160000.0,2.775698113207547,0.7061187701661289,2.388181818181818,2.6932628152969893,0.7994010566037736,0.7994010566037736,4.287303271912749,33.67787180561374,14.500194805194806,16.352538649308382,0.0900674316167274,0.3712968501700896,4.786747169811321,0.6099837272017327,28.13112693757855,1.199723054133256,4.683266932270916,4.639330543933054,0.0,0.0,0.0,0.0,0.0009925252843892,0.1132756132756132,0.0334924402015946,0.8263157894736842,0.0016799552011946,10.603934061430556,0.0093475057092601,0.0091842039393881,-44.43146378269618,18606000000.0,32903000000.0,-115017000000.0,82877000000.0,0.0,18913000000.0,10401500000.0,0.0,61.87554046696346,30.50539666271659,0.0,1.454532749464269,2.950297647169989,0.072,0.3158953722334004,2020-10-28,0.19,amc,47961805263.0,2025-04-25,2020-09-30,2.421052631578948,6.771875,63159105.421875
2020-06-30,F,USD,37996,2020-07-31,2020-07-30 20:47:46,2020,Q2,19371000000.0,17932000000.0,1439000000.0,0.0742863043,0,0.0,0.0,1965000000.0,673000000.0,1965000000.0,19897000000.0,134000000.0,450000000.0,2070000000.0,3604000000.0,0.1860513138,-2759000000.0,-0.1424294048,3843000000.0,1084000000.0,0.0559599401,-34000000.0,1117000000.0,0.0576635176,0.28,0.28,3975000000,3992000000,https://www.sec.gov/Archives/edgar/data/37996/000003799620000057/0000037996-20-000057-index.htm,https://www.sec.gov/Archives/edgar/data/37996/000003799620000057/f0630202010-q.htm,4.873207547169812,0.2810062893081761,2.293081761006289,1.9974842767295595,14.372327044025155,7.762264150943396,7.698364779874214,7.754465408805031,44.511446540880506,24168000000.0,169662000000.0,5.409131602506714,1.2476382220845594,2.6514536478332418,3.0438287153652395,0.7840643654295355,0.7840643654295355,8.758556605234629,47.07602663706992,18.613494240263304,21.36801007556675,0.0462181396888447,0.3285335981463091,5.725506099143525,0.6551791985625506,40.37014428412875,1.3376913127829273,-6.131111111111111,8.152951699463328,0.0,0.0,0.0,0.0,0.0009429549386336,0.1289083927591881,0.0606576841670538,0.5676328502415459,0.0035620257085333,7.002050048177355,-0.0122510403901037,0.004150688189304,-44.34490566037736,31331000000.0,30601000000.0,-114400000000.0,94577000000.0,0.0,17399500000.0,10766000000.0,0.0,82.11019406647334,51.29377648895829,0.0,1.096088019559902,1.7545988258317025,0.0362379963664676,0.2955974842767295,2020-07-30,-1.25,amc,29652530769.0,2025-04-25,2020-06-30,-0.72,5.538095238095238,94019487.50793652
2020-03-31,F,USD,37996,2020-04-29,2020-04-28 19:03:29,2020,Q1,34320000000.0,30522000000.0,3798000000.0,0.1106643357,0,0.0,0.0,2432000000.0,558000000.0,2432000000.0,32954000000.0,162000000.0,250000000.0,2142000000.0,1223000000.0,0.0356351981,-1558000000.0,-0.0453962704,412000000.0,-1146000000.0,-0.0333916084,847000000.0,-1993000000.0,-0.0580710956,-0.5,-0.5,3963000000,3963000000,https://www.sec.gov/Archives/edgar/data/37996/000003799620000041/0000037996-20-000041-index.htm,https://www.sec.gov/Archives/edgar/data/37996/000003799620000041/f0331202010-q.htm,8.66010598031794,-0.5029018420388595,-0.1193540247287408,-0.5685087055261165,11.700731768861973,7.4938178147867776,7.42366893767348,7.481705778450669,42.630078223568006,19141290000.0,161863290000.0,-2.401064977420974,0.5577298951048951,-40.467843551797046,-8.495912117177097,0.6455747048903878,0.6455747048903878,4.716296328671329,132.34937857726902,-342.2056871035941,-71.84344873501998,-0.10412046419024,-0.1177036657403968,5.689477234401349,0.63862578080636,116.6982829108749,1.315173450166148,-6.232,0.2373306573005519,0.0311368773995901,-0.2990466633216257,0.0,0.0,0.0010524323301154,-3.763213530655391,0.0518648018648018,0.830999066293184,0.0011072261072261,,-0.0121541213041032,-0.0075529044385156,-46.03229876356296,29782000000.0,29420000000.0,-110176000000.0,93868000000.0,31569500000.0,19556000000.0,11049000000.0,0.0,54.37094554747396,33.355612345193634,0.0,1.655295840338413,2.698196605374823,-0.0672175379426644,0.4491546807973757,2020-04-28,-0.1,amc,23889937492.0,2025-04-25,2020-03-31,1.3,7.495645161290323,86331510.01612903
2019-12-31,F,USD,37996,2020-02-05,2020-02-05 12:01:22,2019,Q4,39715000000.0,34812000000.0,4903000000.0,0.1234546141,7400000000,-608000000.0,3600000000.0,2992000000.0,-1892000000.0,2992000000.0,37804000000.0,197000000.0,258000000.0,2071000000.0,-110000000.0,-0.0027697344,-457000000.0,-0.0115069873,-711000000.0,-2436000000.0,-0.0613370263,-764000000.0,-1672000000.0,-0.0420999622,-0.42,-0.42,3960000000,3970000000,https://www.sec.gov/Archives/edgar/data/37996/000003799620000010/0000037996-20-000010-index.htm,https://www.sec.gov/Archives/edgar/data/37996/000003799620000010/f1231201910-k.htm,10.029040404040405,-0.4222222222222222,0.7323232323232324,0.158080808080808,8.750252525252526,8.391414141414142,8.273737373737374,8.380050505050505,39.64116161616162,36828000000.0,176045000000.0,-5.506578947368421,0.9273070628226112,12.699310344827586,58.83067092651757,1.1097785143890313,1.1097785143890313,4.4327080448193374,-1600.409090909091,60.7051724137931,281.2220447284345,-0.045400238948626,0.016997936352775,4.722645773692934,0.6061840278180686,-1265.6090909090908,1.1621795133086048,-1.7713178294573644,-1.7344497607655502,0.0161561855110242,-0.3558612440191387,-0.0153090771748709,0.1863275840362583,0.001802449939467,0.7841379310344827,0.0572579629862772,1.098020280057943,-0.0002517940324814,,-0.001460853737344,-0.0064788372192148,-34.82544191919192,15915000000.0,32764000000.0,-111260000000.0,82080000000.0,31569500000.0,21450500000.0,11618500000.0,143.08221075160515,53.44622543950362,27.885211995863497,0.6290090118627156,1.6839355681323465,3.227517151863527,-0.0503842097333132,0.5742424242424242,2020-02-04,0.17,amc,49643750000.0,2025-04-25,2019-12-31,-0.2941176470588236,8.98921875,36135966.359375
2019-09-30,F,USD,37996,2019-10-24,2019-10-23 18:35:03,2019,Q3,36990000000.0,32282000000.0,4708000000.0,0.1272776426,0,0.0,0.0,2601000000.0,95000000.0,2601000000.0,34883000000.0,202000000.0,276000000.0,2018000000.0,2275000000.0,0.0615031089,-261000000.0,-0.0070559611,242000000.0,-19000000.0,-0.0005136523,-442000000.0,425000000.0,0.0114895918,0.11,0.11,3970000000,4007000000,https://www.sec.gov/Archives/edgar/data/37996/000003799619000078/0000037996-19-000078-index.htm,https://www.sec.gov/Archives/edgar/data/37996/000003799619000078/f0930201910-q.htm,9.317380352644836,0.1070528967254408,1.1919395465994962,0.7372795969773299,9.403274559193957,8.91360201511335,8.840302267002519,8.904030226700252,39.207556675062975,36365200000.0,171220200000.0,21.39129411764706,0.9831089483644228,7.684953508030431,12.424051930304064,1.02874763076749,1.02874763076749,4.62882400648824,75.26162637362637,36.1834742180896,58.49682268534335,0.0116869974591092,0.0804890389713242,4.395541599479476,0.6018740533861178,59.27692307692307,1.168205718207232,-0.9456521739130436,11.134117647058824,0.0164442928954054,1.4070588235294117,0.0,0.0,0.0011272210321625,0.3814454775993237,0.0487969721546363,0.8944499504459861,0.0018653690186536,4.631095997356432,0.0271548871196605,0.0016481428338749,-45.141939546599495,16667000000.0,35096000000.0,-107016000000.0,81814000000.0,0.0,22604000000.0,12444000000.0,0.0,61.97013815748714,34.712533300291184,0.0,1.4523123987763182,2.592723476026022,0.0120229709468443,0.4546599496221662,2019-10-23,0.26,amc,28286470588.0,2025-04-25,2019-09-30,0.3076923076923077,9.4990625,36046114.984375
2019-06-30,F,USD,37996,2019-07-25,2019-07-24 19:05:43,2019,Q2,38853000000.0,33657000000.0,5196000000.0,0.1337348467,0,0.0,0.0,2725000000.0,307000000.0,2725000000.0,36382000000.0,206000000.0,244000000.0,2259000000.0,2708000000.0,0.0696986076,2471000000.0,0.0635986925,115000000.0,205000000.0,0.0052762978,55000000.0,148000000.0,0.0038092297,0.04,0.04,3984000000,4013000000,https://www.sec.gov/Archives/edgar/data/37996/000003799619000067/0000037996-19-000067-index.htm,https://www.sec.gov/Archives/edgar/data/37996/000003799619000067/f0630201910-q.htm,9.752259036144578,0.03714859437751,1.6222389558232932,1.1403112449799198,9.550200803212851,9.070281124497992,9.003765060240964,9.060491967871489,39.570281124498,40437600000.0,175724600000.0,68.30675675675677,1.04078449540576,6.25678477487235,8.901078582434515,1.1202482200736903,1.1202482200736903,4.522806475690423,64.89091580502216,27.18932384341637,38.680299361655294,0.0036599600371931,0.1123459354660019,4.36058398204837,0.600357001190004,49.9582717872969,1.203561331787581,10.12704918032787,43.66891891891892,0.0148129463667477,4.047297297297297,0.0,0.0,0.0010107405486223,0.2970756614575274,0.0494170334337116,0.849933598937583,0.0021619952127248,2.7519360770084718,0.0083309470689855,0.0005650601903641,-45.62788654618474,20017000000.0,35871000000.0,-107697000000.0,86661000000.0,0.0,23152500000.0,12385000000.0,0.0,61.44932703449505,33.25697477493537,0.0,1.464621409921671,2.706199244190721,0.0041000637172064,0.4819277108433735,2019-07-24,0.3,amc,43015821428.0,2025-04-25,2019-06-30,0.0666666666666667,9.856984126984129,37551557.365079366
2019-03-31,F,USD,37996,2019-04-26,2019-04-25 20:29:16,2019,Q1,40342000000.0,33942000000.0,6400000000.0,0.1586435972,0,0.0,0.0,2843000000.0,375000000.0,2843000000.0,36785000000.0,183000000.0,265000000.0,2142000000.0,4017000000.0,0.0995736453,3557000000.0,0.0881711368,-1947000000.0,1610000000.0,0.0399087799,427000000.0,1146000000.0,0.0284071191,0.29,0.29,3973000000,3997000000,https://www.sec.gov/Archives/edgar/data/37996/000003799619000026/0000037996-19-000026-index.htm,https://www.sec.gov/Archives/edgar/data/37996/000003799619000026/f0331201910-q.htm,10.154039768436949,0.2884470173672288,0.8920211427133149,0.4809967279134156,9.496602063931538,9.204379562043796,9.137931034482758,9.161339038509942,39.96602063931538,35677540000.0,173349540000.0,7.783058464223386,0.8843770760001983,10.067025959367946,18.669565672422817,0.9802060552777626,0.9802060552777626,4.29699915720589,43.15398058252427,48.91352708803612,90.71142857142856,0.0321210487045911,0.0535631100126298,4.355184350788505,0.6020943402676228,34.272342544187204,1.2212682769531529,13.422641509433962,3.0924956369982546,0.0167332164717634,0.5209424083769634,0.0,0.0,0.0010027309224744,0.4607787810383747,0.040478905359179,0.7623716153127917,0.0021069852758911,7.710876780031785,0.011938325282539,0.0043571328089058,-46.01447269066197,21958000000.0,36305000000.0,-105517000000.0,87596000000.0,32906000000.0,22422500000.0,11776500000.0,0.0,61.84815273112958,32.70196217076189,0.0,1.455176848874598,2.752128435903673,0.0314852464421122,0.4110244147998993,2019-04-25,0.26,amc,24755318181.0,2025-04-25,2019-03-31,0.6923076923076923,8.588524590163933,43912094.75409836
2018-12-31,F,USD,37996,2019-02-21,2019-02-21 16:10:10,2018,Q4,41793000000.0,28702000000.0,13091000000.0,0.3132342737,8200000000,-1004000000.0,4000000000.0,2996000000.0,-392000000.0,2996000000.0,31698000000.0,190000000.0,295000000.0,-333000000.0,-28000000.0,-0.0006699687,10095000000.0,0.2415476276,-649000000.0,-17000000.0,-0.0004067667,95000000.0,-116000000.0,-0.0027755844,-0.0292,-0.0292,3968000000,3976000000,https://www.sec.gov/Archives/edgar/data/37996/000003799619000012/0000037996-19-000012-index.htm,https://www.sec.gov/Archives/edgar/data/37996/000003799619000012/f1231201810-k.htm,10.532510080645162,-0.0292338709677419,0.3419858870967742,-0.1912802419354838,8.556199596774194,9.08921370967742,8.977822580645162,9.055443548387096,38.93850806451613,30355200000.0,167850200000.0,-65.42068965517242,0.7263225899074007,22.36934414148858,-39.99367588932806,0.8447957252588223,0.8447957252588223,4.0162275979230975,-5994.65,123.69211495946942,-221.14650856389983,-0.0038214210415348,-0.0250039531941809,4.291801180006679,0.6011265299758323,-4910.535714285715,1.1996463288304784,34.220338983050844,-11.698275862068966,0.0196671410499683,-5.146551724137931,-0.0240231617735027,0.1962051061182494,0.0017229281983316,1.5593220338983051,0.0506304883592946,0.2319666739750054,-0.0001914196157251,,0.3101137500658276,-0.0004529516044639,-33.15372983870968,19080000000.0,35624000000.0,-105825000000.0,84819000000.0,32906000000.0,22396500000.0,12015000000.0,141.72421218864403,67.479618145077,35.1822172670894,0.6350361636175773,1.333736059479554,2.5581105169340463,-0.0032283201603027,0.5332661290322581,2019-01-23,0.31,amc,44579200000.0,2025-04-25,2018-12-31,-0.032258064516129,8.912380952380953,49690603.41269841
2018-09-30,F,USD,37996,2018-10-25,2018-10-24 19:14:10,2018,Q3,37666000000.0,33920000000.0,3746000000.0,0.0994530877,0,0.0,0.0,2882000000.0,531000000.0,2882000000.0,36802000000.0,164000000.0,348000000.0,649000000.0,1432000000.0,0.038018372,864000000.0,0.0229384591,230000000.0,1094000000.0,0.0290447619,101000000.0,991000000.0,0.0263102002,0.25,0.25,3976000000,4000000000,https://www.sec.gov/Archives/edgar/data/37996/000003799618000084/0000037996-18-000084-index.htm,https://www.sec.gov/Archives/edgar/data/37996/000003799618000084/f0930201810-q.htm,9.473340040241448,0.2492454728370221,1.3025653923541247,0.8043259557344065,9.140342052313883,9.234909456740445,9.166247484909457,9.20271629778672,38.67681086519115,37056320000.0,171925320000.0,9.348213925327952,0.983813518823342,7.155111025294459,11.587342088805505,1.0127444657010112,1.0127444657010112,4.56446981362502,120.0595810055866,33.19662483104847,53.760262664165104,0.026743076484659,0.0863010682118461,4.193249521727248,0.5924754600990091,94.1822625698324,1.2120633245382586,2.4827586206896552,5.226034308779012,0.0161106121708793,0.6024217961654894,0.0,0.0,0.0010541924422511,0.3825062753427302,0.0525938512186056,0.314244923857868,0.0,7.1839436201924265,0.0036479563290196,0.0038307955762235,-45.14612676056338,20093000000.0,36445000000.0,-107405000000.0,85668000000.0,0.0,23008000000.0,12687500000.0,0.0,61.75029481132076,33.98879716981132,0.0,1.4574829201220298,2.6479313036690084,0.0270839027056572,0.4982394366197183,2018-10-24,0.28,amc,36367172413.0,2025-04-25,2018-09-30,0.0357142857142855,9.99809523809524,39905675.9047619
2018-06-30,F,USD,37996,2018-07-26,2018-07-25 19:41:30,2018,Q2,38920000000.0,35556000000.0,3364000000.0,0.0864337102,0,0.0,0.0,2778000000.0,588000000.0,2778000000.0,38334000000.0,199000000.0,301000000.0,847000000.0,1650000000.0,0.0423946557,586000000.0,0.0150565262,763000000.0,1349000000.0,0.0346608428,280000000.0,1066000000.0,0.027389517,0.27,0.27,3977000000,3999000000,https://www.sec.gov/Archives/edgar/data/37996/000003799618000063/0000037996-18-000063-index.htm,https://www.sec.gov/Archives/edgar/data/37996/000003799618000063/f0630201810-q.htm,9.786271058586877,0.268041237113402,1.2501885843600704,0.7701785265275333,9.171737490570782,9.194870505406085,9.126225798340458,9.16293688710083,38.507417651496105,44025390000.0,180040390000.0,10.324903846153846,1.131176515930113,8.854664119066774,14.373290891283055,1.2081279328229193,1.2081279328229193,4.625909301130524,109.11538787878789,36.21085880933226,58.77910218739797,0.0242133005522495,0.0695734892978801,4.194259213523229,0.5922333859012163,82.43333333333334,1.2125636457553683,1.946843853820598,4.664165103189493,0.0135830710415058,0.5609756097560976,0.0,0.0,0.0010578156300977,0.3839501206757844,0.049049331963001,0.0,0.0,7.433775025062095,0.0021689155745508,0.0041348921281894,-44.94656776464672,20164000000.0,36295000000.0,-106486000000.0,85382000000.0,0.0,24111500000.0,12468000000.0,0.0,57.56749915626055,31.80475869051637,0.0,1.563382139559425,2.829765220851572,0.0292527647430092,0.4800100578325371,2018-07-25,0.31,amc,44685925925.0,2025-04-25,2018-06-30,-0.129032258064516,11.44953125,36696323.109375
2018-03-31,F,USD,37996,2018-04-26,2018-04-25 19:38:26,2018,Q1,41959000000.0,35753000000.0,6206000000.0,0.1479062895,0,0.0,0.0,2747000000.0,663000000.0,2747000000.0,38500000000.0,147000000.0,289000000.0,1092000000.0,2208000000.0,0.0526227984,3459000000.0,0.0824376177,798000000.0,1919000000.0,0.0457351224,174000000.0,1736000000.0,0.041373722,0.44,0.43,3974000000,3997000000,https://www.sec.gov/Archives/edgar/data/37996/000003799618000036/0000037996-18-000036-index.htm,https://www.sec.gov/Archives/edgar/data/37996/000003799618000036/f0331201810-q.htm,10.55837946653246,0.4368394564670357,0.8842476094614997,0.4365878208354303,10.0832913940614,9.193256165072974,9.124308002013086,9.159536990437848,39.91519879214897,44031920000.0,184425920000.0,6.341002304147465,1.0494034652875426,12.53042686397268,25.378628242074928,1.2096681318681315,1.2096681318681315,4.395384065397174,83.52623188405798,52.48318725099602,106.29736023054755,0.0394259437244617,0.0394032329273854,4.349835164835165,0.5925008419713356,63.58423913043478,1.2341456577023968,11.96885813148789,2.024193548387097,0.025277117145925,0.6411290322580645,0.0,0.0,0.0010253339819631,0.506260671599317,0.0423985319001882,0.0,0.0,9.488311815535628,0.0142753751029996,0.0065029443054286,-46.41155007549069,23386000000.0,36260000000.0,-107432000000.0,88109000000.0,31524500000.0,24381000000.0,11324000000.0,0.0,64.14007216177663,31.141162979330403,0.0,1.4031789638932497,2.8900654757093203,0.0476923076923076,0.4476597886260695,2018-04-25,0.41,amc,40007418604.0,2025-04-25,2018-03-31,0.048780487804878,11.280819672131148,51146474.39344262
2017-12-31,F,USD,37996,2018-02-08,2018-02-08 11:41:16,2017,Q4,41326000000.0,34987000000.0,6339000000.0,0.1533901176,8000000000,-1012000000.0,4100000000.0,3088000000.0,930000000.0,3088000000.0,38075000000.0,140000000.0,296000000.0,1349000000.0,2217000000.0,0.0536466147,3251000000.0,0.0786671829,1020000000.0,1889000000.0,0.0457097227,-524000000.0,2409000000.0,0.0582926003,0.61,0.61,3972000000,3972000000,https://www.sec.gov/Archives/edgar/data/37996/000003799618000015/0000037996-18-000015-index.htm,https://www.sec.gov/Archives/edgar/data/37996/000003799618000015/f1231201710-k.htm,10.404330312185298,0.6064954682779456,0.7922960725075529,0.2603222557905337,9.800352467270896,8.81570996978852,8.743202416918429,8.783987915407854,38.91817724068479,49610280000.0,185405280000.0,5.148430884184308,1.2004616948168223,15.764308865586273,47.97899419729207,1.4219054170249357,1.4219054170249357,4.486407588443111,83.62890392422192,58.91492850333651,179.3087814313346,0.0485584842496353,0.0208424544267841,4.422098022355976,0.5984569912493019,61.25169147496617,1.2251797040169132,10.983108108108109,1.3063511830635115,0.0120136391086686,0.2474055624740556,-0.0244882156511639,0.1935827324202681,0.0011171104077452,0.6714331108992692,0.0511300392005033,0.2341793195167904,0.0059526690219232,10.948406251245878,0.0193307821535214,0.0093546132339235,-33.09157854984894,21302000000.0,34728000000.0,-106890000000.0,85152000000.0,31524500000.0,23424000000.0,10770000000.0,137.30847408411168,59.8902449481236,26.436390659387776,0.6554584529492934,1.5027489047332705,3.4043981706723754,0.0690455717970765,0.5319738167170192,2018-01-24,0.42,amc,44504923076.0,2025-04-25,2017-12-31,-0.0714285714285713,12.312539682539684,34495114.746031746
2017-09-30,F,USD,37996,2017-10-26,2017-10-26 11:35:06,2017,Q3,36451000000.0,30288000000.0,6163000000.0,0.1690762942,0,0.0,0.0,2919000000.0,650000000.0,2919000000.0,33207000000.0,122000000.0,298000000.0,1084000000.0,2068000000.0,0.0567336973,3244000000.0,0.0889961867,759000000.0,1757000000.0,0.0482016954,186000000.0,1564000000.0,0.0429069161,0.4,0.39,3972000000,3996000000,https://www.sec.gov/Archives/edgar/data/37996/000003799617000092/0000037996-17-000092-index.htm,https://www.sec.gov/Archives/edgar/data/37996/000003799617000092/f0930201710-q.htm,9.1769889224572,0.3937562940584088,1.258308157099698,0.8373615307150051,9.587361530715006,8.3987915407855,-5.277693856998993,8.368076535750252,37.615810674723065,47544840000.0,179067840000.0,7.599878516624042,1.304349400565142,9.512773109243698,14.294900781719784,1.4304362476683314,1.4304362476683314,4.912563166991303,86.58986460348163,35.827899159663865,53.83879735417919,0.0328952626615212,0.069955015097327,4.4861905048438535,0.5934262734157669,63.599129593810446,1.1948024419196202,10.885906040268456,3.1956521739130435,0.0125355348761295,0.3810741687979539,0.0,0.0,0.2161911546405702,0.3345338135254102,0.0458697978107596,0.0,0.0,8.610291116743284,0.0139387434182017,0.0079411018024879,-43.85712487411883,18380000000.0,-20963000000.0,-105181000000.0,136177000000.0,0.0,23567000000.0,11177500000.0,0.0,70.0257527733756,33.467709984152144,0.0,1.285241449545956,2.689159193820474,0.0470545760876105,0.4209466263846928,2017-10-26,0.32,bmo,27974023255.0,2025-04-25,2017-09-30,0.3437499999999999,11.278730158730156,33967763.93650793
2017-06-30,F,USD,37996,2017-07-26,2017-07-26 12:17:15,2017,Q2,39853000000.0,33349000000.0,6504000000.0,0.1631997591,0,0.0,0.0,2756000000.0,648000000.0,2756000000.0,36105000000.0,109000000.0,291000000.0,1029000000.0,4777000000.0,0.1198655057,3748000000.0,0.0940456176,707000000.0,2259000000.0,0.0566833112,209000000.0,2042000000.0,0.0512383008,0.51,0.51,3977000000,3996000000,https://www.sec.gov/Archives/edgar/data/37996/000003799617000068/0000037996-17-000068-index.htm,https://www.sec.gov/Archives/edgar/data/37996/000003799617000068/f0630201710-q.htm,10.020870002514458,0.5134523510183555,1.411868242393764,1.0201156650741765,9.833794317324616,8.136535076690974,-4.825748051294946,8.107618808146844,36.7865225044003,44502630000.0,174288630000.0,5.448412095984329,1.116669510450907,7.92566874443455,10.969344343110674,1.3801832899144026,1.3801832899144026,4.373287581863348,36.48495499267322,31.039827248441675,42.959977816120286,0.0458849285986019,0.0911631514811596,4.5282533184468425,0.5900092536842999,27.168934477705672,1.204031856117244,12.879725085910652,2.7497551420176296,0.0134149374991994,0.292360430950049,0.0,0.0,0.208312960411203,0.2774710596616206,0.0390936692344365,0.0,0.0,9.67805293484086,0.0166774024433221,0.0104227278759481,-42.86019612773448,19240000000.0,-19192000000.0,-101571000000.0,133182000000.0,0.0,23412500000.0,10813500000.0,0.0,63.60370625805872,29.93433086449369,0.0,1.415011880515954,3.0065813198701767,0.0633296117107058,0.3917525773195876,2017-07-26,0.43,bmo,30601410714.0,2025-04-25,2017-06-30,0.302325581395349,11.166031746031749,40691338.03174603
2017-03-31,F,USD,37996,2017-04-27,2017-04-27 12:23:59,2017,Q1,39146000000.0,32708000000.0,6438000000.0,0.1644612476,0,0.0,0.0,2764000000.0,592000000.0,2764000000.0,35472000000.0,93000000.0,293000000.0,1031000000.0,2544000000.0,0.0649874828,3674000000.0,0.0938537782,779000000.0,2243000000.0,0.0572983191,649000000.0,1587000000.0,0.0405405405,0.4,0.4,3976000000,3999000000,https://www.sec.gov/Archives/edgar/data/37996/000003799617000036/0000037996-17-000036-index.htm,https://www.sec.gov/Archives/edgar/data/37996/000003799617000036/f0331201710-q.htm,9.845573440643864,0.3991448692152917,1.090543259557344,0.6614688128772636,10.057595573440643,7.730885311871227,-5.019114688128773,7.700955734406438,36.78822937625755,46280640000.0,174434640000.0,7.290586011342156,1.1822571910284576,10.673579335793358,17.59720152091255,1.5115007021783862,1.5115007021783862,4.456001634905227,68.56707547169812,40.22939114391144,66.32495817490495,0.0342907963243377,0.0568272176011394,4.767529965054378,0.598036002523618,50.375,1.240120914746342,12.53924914675768,2.7321991178323883,0.0171778091227779,0.500945179584121,0.0,0.0,0.2076822863323146,0.393450184501845,0.0435804424462269,0.0,0.0,8.316275116448121,0.0129224776300432,0.0082057911065149,-42.278546277666,21924000000.0,-19956000000.0,-100128000000.0,133200000000.0,28795500000.0,22276500000.0,9716500000.0,0.0,63.99443561208268,28.988320900085608,0.0,1.4063722750139742,3.1046986236355005,0.0518305627224925,0.4290744466800805,2017-04-27,0.35,bmo,35131025641.0,2025-04-25,2017-03-31,0.1142857142857144,12.423064516129031,39003929.03225806
2016-12-31,F,USD,37996,2017-02-09,2017-02-09 08:44:28,2016,Q4,38654000000.0,33509000000.0,5145000000.0,0.1331039478,7300000000,138000000.0,4300000000.0,4438000000.0,377000000.0,4438000000.0,37947000000.0,60000000.0,249000000.0,834000000.0,-868000000.0,-0.022455632,707000000.0,0.0182904745,562000000.0,-1117000000.0,-0.0288973974,-336000000.0,-783000000.0,-0.0202566358,-0.2,-0.2,3929243507,3974000000,https://www.sec.gov/Archives/edgar/data/37996/000003799617000013/0000037996-17-000013-index.htm,https://www.sec.gov/Archives/edgar/data/37996/000003799617000013/f1231201610-k.htm,9.837517051599724,-0.1992750000362856,0.697335249169122,0.1679712643984016,9.881545883025366,7.452579599058176,7.389463123950898,7.423820882577843,36.449509872537405,47661723739.91,174726723739.91,-15.217664029345466,1.2330347115411084,17.39478968609854,72.21473293925759,1.633929507710319,1.633929507710319,4.520275359339525,-201.2980688247811,63.76887727733942,264.73746021198485,-0.0164282770021669,0.0138475898102557,4.901268426465546,0.6008379876529202,-146.38824884792626,1.2013712741329847,2.8393574297188757,-3.499361430395913,0.0125047932225945,-0.7611749680715197,0.0035701350442386,0.1888549697314637,0.0010422313837722,0.7591240875912408,0.0538107311015677,0.2602276992368322,0.0054328141977544,,0.0025049805114524,-0.0032940265793868,-31.09981597788513,18180000000.0,29035000000.0,-100207000000.0,79329000000.0,28795500000.0,21840000000.0,9558500000.0,134.09194391266104,57.19776776388433,23.898654092930258,0.671181260960914,1.5734879789631857,3.7659024499887614,-0.0268426465546794,0.5293639847707204,2017-01-26,0.32,bmo,39942466666.0,2025-04-25,2016-12-31,-0.0625,12.12936507936508,33392898.73015873
2016-09-30,F,USD,37996,2016-10-27,2016-10-27 12:20:41,2016,Q3,35943000000.0,30446000000.0,5497000000.0,0.1529365941,0,0.0,0.0,2535000000.0,361000000.0,2535000000.0,32981000000.0,75000000.0,238000000.0,838000000.0,1625000000.0,0.0452104721,2962000000.0,0.0824082575,485000000.0,1387000000.0,0.0385888768,426000000.0,957000000.0,0.0266254904,0.24,0.24,3974000000,4000000000,https://www.sec.gov/Archives/edgar/data/37996/000003799616000158/0000037996-16-000158-index.htm,https://www.sec.gov/Archives/edgar/data/37996/000003799616000158/f0930201610-q.htm,9.044539506794164,0.2408152994464016,4.276295923502768,3.040261701056869,8.597131353799698,7.95042778057373,-4.534222445898339,7.922496225465526,34.59033719174635,47966180000.0,171850180000.0,12.530350052246604,1.3345068580808503,2.8225361892432623,3.970052971362357,1.5235097192224625,1.5235097192224625,4.7811863227888605,105.75395692307691,10.11240320112981,14.223653368647575,0.0199515575349131,0.2518858078754656,4.3585313174946005,0.5840238675876628,76.23630769230769,1.1606382024487598,12.445378151260504,17.757575757575758,0.0579575025570099,2.90491118077325,0.0,0.0,0.2111566501959883,0.2890431917147228,0.1366608240825751,0.0,0.0,6.551855597478894,0.0106308177812305,0.0051632326044381,-41.2917715148465,14327000000.0,-18019000000.0,-99853000000.0,125394000000.0,0.0,22734000000.0,10024000000.0,0.0,66.16829797017671,30.207909084937267,0.0,1.360167977126519,2.979352187102456,0.0303963918180663,1.2360342224458984,2016-10-27,0.2,bmo,27648461538.0,2025-04-25,2016-09-30,0.3,12.62109375,34833738.984375
2016-06-30,F,USD,37996,2016-07-28,2016-07-28 13:16:14,2016,Q2,39485000000.0,32348000000.0,7137000000.0,0.1807521844,0,0.0,0.0,2661000000.0,202000000.0,2661000000.0,35009000000.0,88000000.0,212000000.0,835000000.0,3087000000.0,0.0781815879,4476000000.0,0.1133595036,-1601000000.0,2875000000.0,0.0728124604,903000000.0,1970000000.0,0.0498923642,0.5,0.49,3973000000,3997000000,https://www.sec.gov/Archives/edgar/data/37996/000003799616000133/0000037996-16-000133-index.htm,https://www.sec.gov/Archives/edgar/data/37996/000003799616000133/f0630201610-q.htm,9.938333752831614,0.4958469670274352,2.9786055877170905,2.1716586961993456,9.891014346841178,7.865341052101686,-4.07198590485779,7.838157563553989,35.26956959476466,49940610000.0,172791610000.0,6.337640862944163,1.2647995441306823,4.220095487578164,5.788202364394993,1.6036932018881862,1.6036932018881862,4.37613296188426,55.97395853579527,14.601285279702552,20.026843996291145,0.0394468549743385,0.1727652105170521,4.492919302527215,0.5837582089303148,39.79624230644639,1.2388936113099498,21.11320754716981,6.007106598984771,0.0437319448040382,1.1086294416243654,0.0,0.0,0.1978779862982835,0.2709143146864965,0.081195390654679,0.0,0.0,9.351302034308189,0.0157337726071649,0.0102470208217382,-41.33337528316134,21359000000.0,-16178000000.0,-97662000000.0,130194000000.0,52766000000.0,22578000000.0,9799500000.0,0.0,64.22529986397923,27.346667491035,0.0,1.401316929474961,3.2910774239495373,0.0632606531582158,0.8069468915177448,2016-07-28,0.6,bmo,45559615384.0,2025-04-25,2016-06-30,-0.1333333333333332,13.18234375,32158997.1875
2016-03-31,F,USD,37996,2016-04-28,2016-04-28 12:09:12,2016,Q1,37718000000.0,30939000000.0,6779000000.0,0.1797285116,0,0.0,0.0,3823000000.0,308000000.0,3964000000.0,34903000000.0,76000000.0,200000000.0,925000000.0,3851000000.0,0.1020997932,2815000000.0,0.0746328013,836000000.0,3651000000.0,0.0967972851,1196000000.0,2452000000.0,0.0650087491,0.62,0.61,3970000000,3996000000,https://www.sec.gov/Archives/edgar/data/37996/000003799616000107/0000037996-16-000107-index.htm,https://www.sec.gov/Archives/edgar/data/37996/000003799616000107/f0331201610-q.htm,9.500755667506295,0.617632241813602,1.030730478589421,0.6501259445843829,9.942821158690176,7.485138539042821,7.485138539042821,7.457178841309824,35.5654911838791,53595000000.0,178673000000.0,5.464416802610114,1.4209396044328968,13.0975073313783,20.76520728399845,1.810336091876372,1.810336091876372,4.737075136539583,46.39652038431576,43.663978494623656,69.2262688880279,0.0457505364306371,0.0481574773766209,4.762540111467658,0.5941935538248879,32.4793560114256,1.6170570658419876,14.075,1.66884176182708,0.0296296296296296,0.6476345840130505,0.0,0.0,0.0,0.3692570869990225,0.0400604485921841,0.0,0.0,10.179900142961657,0.0100614368844029,0.0103334344762482,-21.175062972292192,59061000000.0,29716000000.0,-52797000000.0,118459000000.0,58287000000.0,21172000000.0,9044500000.0,251.8129275147145,64.20634151071462,28.420440221080188,0.3574081795095326,1.4017306995288148,3.166734902763562,0.0828238473230873,0.3806045340050378,2016-04-28,0.48,bmo,26624470588.0,2025-04-25,2016-03-31,0.4166666666666668,12.581147540983608,42730730.75409836
2015-12-31,F,USD,37996,2016-02-11,2016-02-11 08:13:33,2015,Q4,40251000000.0,33852000000.0,6399000000.0,0.1589774167,6700000000,-359000000.0,4300000000.0,3941000000.0,366000000.0,4059000000.0,37911000000.0,101000000.0,212000000.0,1072000000.0,3332000000.0,0.082780552,2340000000.0,0.0581352016,780000000.0,3120000000.0,0.0775136021,469000000.0,2655000000.0,0.0659610941,0.67,0.67,3969000000,3969000000,https://www.sec.gov/Archives/edgar/data/37996/000003799616000092/0000037996-16-000092-index.htm,https://www.sec.gov/Archives/edgar/data/37996/000003799616000092/f1231201510-k.htm,10.141345427059711,0.6689342403628118,0.527084908037289,0.0639959687578735,8.862685815066767,7.243890148652054,7.212648022171832,7.216427311665407,33.52632905013857,55923210000.0,174505210000.0,5.265838983050847,1.389362003428486,26.731935946462716,220.17011811023625,1.952489700439913,1.952489700439913,4.335425455268192,52.37251200480192,83.41549235181644,687.0283858267717,0.0474758154977155,0.0045419424242635,4.638433070316319,0.5906591085917529,35.588835534213686,1.7901356107405677,11.037735849056604,0.7879472693032015,0.0106395895371528,0.224105461393597,-0.0089190330675014,0.1664554917890238,0.0005512948760698,0.878585086042065,0.0456634617773471,0.2299512073063931,0.0049439765471665,10.421832599975057,0.010714632148477,0.0118104456830708,-37.42932728647014,64208000000.0,28627000000.0,-50704000000.0,121588000000.0,54811500000.0,21329000000.0,8907500000.0,24.689572929865097,53.89578163771712,22.11715703651188,3.6452635392139103,1.669889502762431,4.069239091236928,0.0926960407792752,0.4630889392794154,2016-01-28,0.51,bmo,35393120689.0,2025-04-25,2015-12-31,0.1372549019607842,14.48078125,26575777.015625
2015-09-30,F,USD,37996,2015-10-27,2015-10-27 13:10:57,2015,Q3,38144000000.0,32085000000.0,6059000000.0,0.1588454279,0,0.0,0.0,3731000000.0,234000000.0,3851000000.0,35936000000.0,78000000.0,206000000.0,626000000.0,3845000000.0,0.1008022232,2208000000.0,0.057885906,219000000.0,2859000000.0,0.0749528104,950000000.0,1909000000.0,0.0500471896,0.55,0.55,3969000000,3999000000,https://www.sec.gov/Archives/edgar/data/37996/000003799615000064/0000037996-15-000064-index.htm,https://www.sec.gov/Archives/edgar/data/37996/000003799615000064/f0930201510-q.htm,9.61048122952885,0.4809775762156714,3.546989166036785,2.197026958931721,8.023935500125976,6.9483497102544725,6.9483497102544725,6.9198790627362055,31.90501385739481,53859330000.0,165598330000.0,7.053343373493976,1.412000052432886,3.8257799403324335,6.176528669724771,1.961016930638995,1.961016930638995,4.341399171560402,43.06848634590377,11.76291589714448,18.990634174311925,0.0354441839510443,0.161903239420171,4.603131257964682,0.5761492223067843,29.060858257477243,1.628405507000128,10.718446601941748,7.374541644840231,0.033141890179473,0.935044525929806,0.0,0.0,0.0,0.3805938343514704,0.1404677013422818,-2.551428571428572,0.0,8.653721733119209,0.0085890376054837,0.0086997735051109,-20.489355001259764,53997000000.0,27578000000.0,-51929000000.0,111041000000.0,97034000000.0,22115000000.0,9467000000.0,232.599884647651,62.79382889200561,26.636746143057504,0.3869305444253963,1.4332618600911284,3.3787910699241785,0.0695066448206808,1.3499622071050643,2015-10-27,0.46,bmo,39839288888.0,2025-04-25,2015-09-30,-0.0217391304347826,14.289375,31465556.234375
2015-06-30,F,USD,37996,2015-07-28,2015-07-28 11:48:20,2015,Q2,37263000000.0,31209000000.0,6054000000.0,0.1624667901,0,0.0,0.0,3718000000.0,224000000.0,3824000000.0,35033000000.0,82000000.0,190000000.0,810000000.0,3718000000.0,0.0997772589,2230000000.0,0.0598448863,220000000.0,2868000000.0,0.0769664278,982000000.0,1885000000.0,0.0505863725,0.54,0.54,3974000000,4007000000,https://www.sec.gov/Archives/edgar/data/37996/000003799615000046/0000037996-15-000046-index.htm,https://www.sec.gov/Archives/edgar/data/37996/000003799615000046/f0630201510-q.htm,9.376698540513337,0.4743331655762456,1.9182184197282337,1.0291897332662303,7.876698540513336,6.6552591847005536,6.6552591847005536,6.626572722697534,31.13135379969804,59649740000.0,170278740000.0,7.911106100795756,1.6007766417089335,7.824969172241899,14.584288508557457,2.265122655122655,2.265122655122655,4.56964656629901,45.79847767616998,22.33749704840614,41.632943765281176,0.0316011436093434,0.0685669375926869,4.69074200653148,0.571760512856118,29.75497579343733,1.5811116656414304,11.736842105263158,4.044031830238727,0.0199497935783123,0.6312997347480106,0.0,0.0,0.0,0.4634658271021907,0.0948125486407428,3.533,0.0,8.409641631529981,0.0087277809806217,0.0087250341364067,-20.624245093105184,50068000000.0,26448000000.0,-53370000000.0,106966000000.0,93829500000.0,22105000000.0,9478500000.0,230.6263585862652,62.99336729789484,27.217148899355955,0.3902416035690722,1.4287218458157849,3.306738715829625,0.0715804663173084,0.8890286864620031,2015-07-28,0.37,bmo,29334702127.0,2025-04-25,2015-06-30,0.2702702702702702,15.503492063492065,24554478.777777776
2015-03-31,F,USD,37996,2015-04-28,2015-04-28 11:46:33,2015,Q1,33900000000.0,29349000000.0,4551000000.0,0.1342477876,0,0.0,0.0,3609000000.0,202000000.0,3682000000.0,33031000000.0,51000000.0,165000000.0,690000000.0,2425000000.0,0.0715339233,869000000.0,0.0256342183,162000000.0,1405000000.0,0.0414454277,480000000.0,924000000.0,0.0272566372,0.29,0.29,3963000000,4001000000,https://www.sec.gov/Archives/edgar/data/37996/000003799615000029/0000037996-15-000029-index.htm,https://www.sec.gov/Archives/edgar/data/37996/000003799615000029/f0331201510-q.htm,8.554125662376988,0.2331566994700984,0.6088821599798133,0.1546807973757254,8.352258390108503,6.324249306081252,6.324249306081252,6.294978551602322,31.02220539994953,63962820000.0,174370820000.0,17.305957792207792,1.886808849557522,26.507592208868623,104.34391517128874,2.563948370545557,2.563948370545557,5.143682005899705,71.90549278350515,72.26308329879818,284.4548450244698,0.0144458921604769,0.009583692526377,4.921473523870605,0.5781121982916929,45.52907216494845,1.5968983982560894,5.266666666666667,2.6114718614718613,0.0092710108778818,0.6417748917748918,0.0,0.0,0.0,0.7459593866556155,0.0530973451327433,1.6363636363636365,0.0,5.746618092613238,0.0034576550652856,0.0043508150715247,-20.26810497098158,50383000000.0,25063000000.0,-52520000000.0,103909000000.0,92495500000.0,21200500000.0,8692500000.0,244.70442477876105,68.58632321373811,29.19043238270469,0.3677906522588204,1.312214969149602,3.0832020170185945,0.0370385216659317,0.4542013626040878,2015-04-28,0.26,bmo,38321739130.0,2025-04-25,2015-03-31,-0.1153846153846153,15.781639344262294,28386224.47540984
2014-12-31,F,USD,37996,2015-02-13,2015-02-13 07:03:25,2014,Q4,35870000000.0,31716000000.0,4154000000.0,0.1158070811,6700000000,-515000000.0,4300000000.0,3785000000.0,223000000.0,3873000000.0,35589000000.0,135000000.0,191000000.0,-40000000.0,281000000.0,0.0078338444,281000000.0,0.0078338444,-337000000.0,-56000000.0,-0.0015611932,-105000000.0,52000000.0,0.0014496794,0.0135,0.0135,3860855106,3861000000,https://www.sec.gov/Archives/edgar/data/37996/000003799615000013/0000037996-15-000013-index.htm,https://www.sec.gov/Archives/edgar/data/37996/000003799615000013/f1231201410-k.htm,9.290687947407266,0.0134685189089818,0.5615336345129343,0.0036261397062643,8.068160846438147,6.520317211821313,6.4858688846118016,6.424742529563346,30.91594911565169,59843254143.0,168257254143.0,287.7079526105769,1.6683371659604127,27.602977003228784,4274.518153071429,2.412548040435396,2.412548040435396,4.690751439726792,598.7802638540925,77.60943456780443,12018.375295928572,0.0008689367038052,0.0002339444971783,4.80431364644225,0.5714895433205293,385.8149466192171,1.7090133651365682,1.4712041884816751,41.69230769230769,0.0080543748314258,9.26923076923077,-0.0143574017284638,0.1867856147198215,0.0006378070945249,0.9935424354243544,0.0600501812099247,0.2916723087339201,0.0050181209924728,1.3953367839009982,-0.0014414057920037,0.0002495273376392,-20.37262415721436,54694000000.0,25041000000.0,-51518000000.0,108170000000.0,91922000000.0,20595000000.0,8581000000.0,232.88848620016725,56.85300794551646,22.32122587968217,0.3864510498928021,1.5830296980284502,4.032036613272311,0.0020963515420278,0.5579074948066699,2015-01-29,0.22,bmo,31731153846.0,2025-04-25,2014-12-31,0.1818181818181818,14.73578125,32915750.515625
2014-09-30,F,USD,37996,2014-10-31,2014-10-31 11:26:10,2014,Q3,34920000000.0,30870000000.0,4050000000.0,0.1159793814,0,0.0,0.0,3484000000.0,231000000.0,3558000000.0,34428000000.0,77000000.0,204000000.0,696000000.0,1688000000.0,0.0483390607,492000000.0,0.0140893471,529000000.0,1021000000.0,0.0292382589,188000000.0,835000000.0,0.0239117984,0.22,0.21,3861000000,4010000000,https://www.sec.gov/Archives/edgar/data/37996/000003799614000057/0000037996-14-000057-index.htm,https://www.sec.gov/Archives/edgar/data/37996/000003799614000057/f0930201410-q.htm,9.044289044289044,0.2162652162652162,1.3905723905723906,0.9033929033929032,8.796425796425796,6.864542864542864,6.864542864542864,6.769230769230769,30.923853923853923,57104190000.0,162977190000.0,17.097062874251495,1.6352860824742268,10.63590799031477,16.371614105504587,2.184886363636364,2.184886363636364,4.667158934707904,96.55046800947868,30.355222574036137,46.7251118119266,0.0146223946088719,0.0610813322104735,4.560491276400367,0.5707520291138938,62.720971563981045,1.5462668693289117,2.411764705882353,6.429940119760479,0.0084582234683654,0.578443113772455,0.0,0.0,0.0,0.3503445706835537,0.0538659793814433,1.71,0.0,5.739238278358818,0.0024805738737531,0.0039983719204156,-19.54189329189329,47440000000.0,26504000000.0,-48047000000.0,100498000000.0,91952000000.0,21608500000.0,9330500000.0,234.60051546391756,61.67638483965015,27.10204081632653,0.383630870639934,1.4592294965729142,3.3207831325301207,0.0319482705846342,0.4871794871794871,2014-10-24,0.19,bmo,27645000000.0,2025-04-25,2014-09-30,0.263157894736842,17.0875,26493281.15625
2014-06-30,F,USD,37996,2014-07-31,2014-07-31 11:43:21,2014,Q2,37411000000.0,31930000000.0,5481000000.0,0.1465077116,0,0.0,0.0,3476000000.0,228000000.0,3580000000.0,35510000000.0,60000000.0,207000000.0,355000000.0,2325000000.0,0.0621474967,1901000000.0,0.0508139317,217000000.0,2118000000.0,0.0566143648,803000000.0,1311000000.0,0.0350431691,0.33,0.32,3940000000,4088000000,https://www.sec.gov/Archives/edgar/data/37996/000003799614000043/0000037996-14-000043-index.htm,https://www.sec.gov/Archives/edgar/data/37996/000003799614000043/f0630201410-q.htm,9.49517766497462,0.332741116751269,1.2055837563451777,0.7203045685279188,9.053045685279187,6.889340101522842,6.889340101522842,6.795939086294417,30.181218274111675,67925599999.99999,175059600000.0,12.953012967200609,1.8156584961642297,14.300126315789472,23.934319943622267,2.536809082760681,2.536809082760681,4.6793616850658895,75.29445161290323,36.85465263157895,61.684143763213534,0.0193005288138787,0.0417810074552157,4.433335823125187,0.562739102609685,46.07913978494624,1.5760585109422318,9.183574879227054,3.6231884057971016,0.0072726630313166,0.3768115942028985,0.0,0.0,0.0,0.4025263157894737,0.0511079628986127,1.912,0.0,7.132950870524209,0.0072637455229351,0.0062148901372395,-18.728489847715736,50408000000.0,27144000000.0,-45888000000.0,101771000000.0,91370000000.0,22135500000.0,9119500000.0,223.4398973563925,62.18540557469464,26.396805512057625,0.4027928810603042,1.4472849243042336,3.409503470368393,0.0489617567971317,0.4852791878172589,2014-07-24,0.36,bmo,33669899999.0,2025-04-25,2014-06-30,0.1111111111111112,16.265555555555554,27426880.888888888
2014-03-31,F,USD,37996,2014-05-01,2014-05-01 14:32:11,2014,Q1,35876000000.0,31699000000.0,4177000000.0,0.1164288103,0,0.0,0.0,3372000000.0,203000000.0,3411000000.0,35110000000.0,81000000.0,208000000.0,704000000.0,1841000000.0,0.0513156428,766000000.0,0.0213513212,493000000.0,1259000000.0,0.0350930985,270000000.0,989000000.0,0.0275671758,0.25,0.24,3946000000,4094000000,https://www.sec.gov/Archives/edgar/data/37996/000003799614000023/0000037996-14-000023-index.htm,https://www.sec.gov/Archives/edgar/data/37996/000003799614000023/f0331201410-q.htm,9.091738469336036,0.2506335529650279,0.5625950329447542,0.1784085149518499,9.257222503801318,6.877344145970604,6.877344145970604,6.784845413076533,29.704004054738977,61557600000.0,165578600000.0,15.56056622851365,1.7158434608094548,27.728648648648647,87.43977272727273,2.299241773428454,2.299241773428454,4.615302709332144,89.93948940793047,74.58495495495495,235.196875,0.016066253395194,0.0114364432661442,4.3702237328652,0.5650128934431771,56.5024443237371,1.6176614803209874,3.682692307692307,2.24469160768453,0.0080087592758652,0.4984833164812942,0.0,0.0,0.0,0.6828828828828829,0.0422566618352101,1.516,0.0,6.1855859079356,0.0037325184680769,0.0047758858809553,-18.14045869234668,51647000000.0,27138000000.0,-44680000000.0,100118000000.0,88585000000.0,20870000000.0,8291000000.0,225.42897758947487,63.05593236379697,25.19511656519133,0.3992388244065835,1.4273042460263856,3.572120802343926,0.0369402009487169,0.3841865179929042,2014-04-25,0.31,bmo,44486240000.0,2025-04-25,2014-03-31,-0.1935483870967742,15.474918032786883,38337430.80327869
2013-12-31,F,USD,37996,2014-02-18,2014-02-18 14:09:05,2013,Q4,37036000000.0,33362000000.0,3674000000.0,0.0992007776,6400000000,0.0,0.0,3080000000.0,236000000.0,3149000000.0,36511000000.0,48000000.0,212000000.0,579000000.0,525000000.0,0.0141753969,525000000.0,0.0141753969,443000000.0,968000000.0,0.0261367318,-2061000000.0,3039000000.0,0.0820552975,0.77,0.77,3941000000,3942000000,https://www.sec.gov/Archives/edgar/data/37996/000003799614000010/0000037996-14-000010-index.htm,https://www.sec.gov/Archives/edgar/data/37996/000003799614000010/f1231201310k.htm,9.397614818573969,0.7711240801826947,0.0799289520426287,-0.4118244100482111,9.27886323268206,6.786856127886323,6.765287997970058,6.69449378330373,29.15503679269221,60809630000.0,161029630000.0,5.0024374794340245,1.6419059833675342,193.04644444444443,-37.46742452248922,2.3048792783231624,2.3048792783231624,4.347921751809051,306.7231047619048,511.2051746031746,-99.21727048675292,0.0499756370824818,-0.0266898515909404,4.347041655611568,0.56768930731688,190.89523809523808,1.7750333868422117,2.4764150943396226,0.1036525172754195,0.006495681687259,0.1299769661072721,0.0,0.1728048385354789,0.0004207379248215,6.152380952380953,0.0523274651690247,0.5627177700348432,0.0042931202073658,10.777356847628472,0.0099888996940788,0.0150489499408243,-17.603463587921848,57454000000.0,26662000000.0,-43694000000.0,105139000000.0,86210000000.0,20585500000.0,8253500000.0,212.1668106706988,52.68838798633176,20.79371740303339,0.4241945274828482,1.7081562644001844,4.328230409963674,0.115187810332411,0.4917533620908398,2014-01-28,0.28,bmo,33934193548.0,2025-04-25,2013-12-31,0.107142857142857,16.76828125,40164343.4375
2013-09-30,F,USD,37996,2013-10-31,2013-10-31 11:37:29,2013,Q3,35976000000.0,30792000000.0,5184000000.0,0.144096064,0,0.0,0.0,3436000000.0,254000000.0,3482000000.0,34274000000.0,50000000.0,204000000.0,493000000.0,2808000000.0,0.0780520347,1702000000.0,0.0473093173,389000000.0,2091000000.0,0.0581220814,818000000.0,1272000000.0,0.0353569046,0.32,0.31,3942000000,4096000000,https://www.sec.gov/Archives/edgar/data/37996/000003799613000055/0000037996-13-000055-index.htm,https://www.sec.gov/Archives/edgar/data/37996/000003799613000055/f09302013-10q.htm,9.126331811263318,0.3226788432267884,0.974124809741248,0.5728056823947235,9.548959918822932,5.286402841197361,5.264586504312532,5.192034500253678,28.11415525114155,66501540000.00001,162371540000.0,13.070271226415096,1.8484973315543696,17.318109375000002,29.451523472099208,3.2492079933551574,3.2492079933551574,4.513329441850122,57.824622507122506,42.284255208333335,71.90945084145261,0.0191273765990983,0.0339541009125502,5.404895685738017,0.5501638724629608,34.14173789173789,1.5806788574447392,8.343137254901961,3.018867924528302,0.0059246748270791,0.3097484276729559,0.0,0.0,0.0004277096150116,0.4119791666666667,0.0439737602846342,1.582,0.0,6.139673684085112,0.0065259889582767,0.0063288305097395,-18.86282343987823,48363000000.0,20753000000.0,-48582000000.0,96244000000.0,84234000000.0,21300500000.0,8495500000.0,212.9194462975317,63.250194855806704,25.718043647700704,0.422695068792518,1.422920517560074,3.499488578247528,0.0621488249377046,0.4013191273465246,2013-10-24,0.38,bmo,30210000000.0,2025-04-25,2013-09-30,0.1842105263157895,16.89125,36990447.609375
2013-06-30,F,USD,37996,2013-07-31,2013-07-31 11:29:24,2013,Q2,38095000000.0,33229000000.0,4866000000.0,0.1277332983,0,0.0,0.0,3375000000.0,229000000.0,3428000000.0,36657000000.0,57000000.0,207000000.0,561000000.0,2618000000.0,0.0687229295,1438000000.0,0.0377477359,381000000.0,1819000000.0,0.0477490484,585000000.0,1233000000.0,0.0323664523,0.31,0.3,3933000000,4084000000,https://www.sec.gov/Archives/edgar/data/37996/000003799613000042/0000037996-13-000042-index.htm,https://www.sec.gov/Archives/edgar/data/37996/000003799613000042/f06302013-10q.htm,9.68599033816425,0.3135011441647597,1.545385202135774,1.140096618357488,9.332824815662343,4.970505975082634,4.949656750572083,4.8764302059496565,27.47622679888126,61905420000.0,156400420000.0,12.551788321167884,1.6250274314214463,10.185162882527148,13.805847457627118,3.227770999530737,3.227770999530737,4.105536684604279,59.74042016806722,25.732217834814083,34.87966547725245,0.0199174805695527,0.0724330761345291,5.623703008498879,0.5497018500586107,36.09434682964095,1.5742739199137643,6.946859903381642,4.929440389294404,0.0063483940501494,0.3187347931873479,0.0,0.0,0.0004179195759645,0.2622573214873314,0.0418427615172594,1.449090909090909,0.0,5.864916461690505,0.0063086080820975,0.0062867107195301,-18.64766081871345,46882000000.0,19467000000.0,-48142000000.0,92678000000.0,83282000000.0,20780500000.0,8307500000.0,196.9321433258958,56.77239760450209,22.18784796412772,0.4570102091006154,1.5852774199704212,4.0562744140625,0.0642890661661192,0.4052885837782863,2013-07-24,0.37,bmo,31181133333.0,2025-04-25,2013-06-30,0.2162162162162162,14.33703125,41284127.5625
2013-03-31,F,USD,37996,2013-05-01,2013-05-01 11:57:24,2013,Q1,35810000000.0,30711000000.0,5099000000.0,0.1423903937,0,0.0,0.0,3285000000.0,208000000.0,3325000000.0,34036000000.0,58000000.0,206000000.0,468000000.0,2875000000.0,0.0802848366,1774000000.0,0.0495392349,349000000.0,2123000000.0,0.0592851159,511000000.0,1611000000.0,0.0449874337,0.41,0.4,3923000000,4072000000,https://www.sec.gov/Archives/edgar/data/37996/000003799613000027/0000037996-13-000027-index.htm,https://www.sec.gov/Archives/edgar/data/37996/000003799613000027/f03312013-10q.htm,9.12821820035687,0.4106551108845271,0.0537853683405556,-0.3242416517970941,8.75375987764466,4.5786387968391535,4.557226612286516,4.485087942900841,27.418302319653325,50606700000.0,144142700000.0,7.853305400372439,1.4132002234012846,239.8421800947868,-39.78514150943396,2.876197783461211,2.876197783461211,4.025208042446244,50.136591304347824,683.1407582938389,-113.31973270440253,0.0318337295259323,-0.0251350117672165,6.101506109690253,0.5562198849800528,32.534260869565216,1.694569802477402,8.611650485436893,0.1309745499689633,0.0077460099156831,0.2433271260086902,0.0,0.0,0.0004352106108491,7.028436018957346,0.0414130131248254,1.483,0.0,6.437472054049867,0.0084373327396579,0.0083503519484154,-18.88612031608463,51867000000.0,17878000000.0,-48506000000.0,95011000000.0,41603500000.0,19954000000.0,7892500000.0,209.1211951968724,60.36924880336037,24.68398945003419,0.4303724446260531,1.4908252427184463,3.646088092128695,0.0915601023017902,0.3780270201376497,2013-04-24,0.37,bmo,32171048780.0,2025-04-25,2013-03-31,0.108108108108108,13.247833333333334,42729069.333333336
2012-12-31,F,USD,37996,2013-02-19,2013-02-19 07:12:51,2012,Q4,36424000000.0,34527000000.0,1897000000.0,0.0520810455,5500000000,0.0,0.0,3408000000.0,3221000000.0,3494000000.0,38021000000.0,90000000.0,0.0,765000000.0,-832000000.0,-0.0228420821,-1597000000.0,-0.0438447178,3438000000.0,1841000000.0,0.0505435976,246000000.0,1598000000.0,0.0438721722,0.42,0.42,3814000000,3814000000,https://www.sec.gov/Archives/edgar/data/37996/000003799613000014/0000037996-13-000014-index.htm,https://www.sec.gov/Archives/edgar/data/37996/000003799613000014/f12312012-10k.htm,9.550078657577346,0.4189826953329837,-0.09465128474043,-0.588883062401678,9.42396434189827,4.276612480335606,4.253801782905087,4.18117461982171,27.54535920293655,49391300000.0,138790300000.0,7.727049436795994,1.3560097737755326,-136.81800554016618,-21.99078361531612,3.0972157772621807,3.0972157772621807,3.81040797276521,-166.8152644230769,-384.4606648199446,-61.794434550311664,0.032353876087489,-0.0454735955522531,6.587947576346648,0.5513292819883078,-107.45072115384616,1.7111047556790324,0.0,-0.2259073842302878,0.0038670778052005,0.1195244055068836,0.0,0.1509993410937843,0.0004565634938127,-5.221606648199446,0.0517515923566879,0.7238863287250384,0.0038436195914781,6.278247826192606,-0.0088756287819113,0.0083899048129072,-35.296014682747774,52215000000.0,16224000000.0,-48600000000.0,93695000000.0,333500000.0,20050500000.0,7785000000.0,0.0,50.32930749847945,19.19019897471544,0.0,1.7882224984462398,4.689894050529747,0.1002069354737568,0.494231777661248,2013-01-29,0.25,bmo,28815322580.0,2025-04-25,2012-12-31,0.24,10.99483870967742,48729689.22580645
2012-09-30,F,USD,37996,2012-11-02,2012-11-02 11:33:11,2012,Q3,32172000000.0,26543000000.0,5629000000.0,0.1749658088,0,0.0,0.0,2909000000.0,0.0,2909000000.0,29452000000.0,85000000.0,130000000.0,214000000.0,2693000000.0,0.0837063285,2720000000.0,0.0845455676,-474000000.0,2246000000.0,0.0698122591,613000000.0,1631000000.0,0.0506962576,0.43,0.41,3814000000,3972000000,https://www.sec.gov/Archives/edgar/data/37996/000003799612000049/0000037996-12-000049-index.htm,https://www.sec.gov/Archives/edgar/data/37996/000003799612000049/f09302012-10q.htm,8.435238594651285,0.4276350288411117,0.8985317252228632,0.5527005768222338,13.542737283691665,5.0356581017304665,5.01232302045097,4.939958049292081,26.4116413214473,37873020000.0,124938020000.0,5.805183936235438,1.1772044013427825,11.05136270790779,17.96632827324478,2.0101385276789983,2.0101385276789983,3.8834396369513855,46.39362049758633,36.45696527575139,59.26851043643264,0.0430649575872217,0.055659675410094,5.339631654370787,0.5447476716482564,32.33011511325659,2.6908580282781327,20.923076923076923,2.1011649294911097,0.0050431679332675,0.1171060698957694,0.0,0.0,0.0004819146632012,0.3848847388386344,0.0409983836876787,1.64875,0.0,6.894289652666566,0.01328812207874,0.0088357503886971,-28.636012060828527,87299000000.0,19117000000.0,-26545000000.0,111735000000.0,672500000.0,20227000000.0,7748500000.0,1.8659082431928384,70.50333421241005,27.831066571224053,48.23388305847077,1.2765353724811237,3.2337962962962963,0.0865665304389363,0.3458311484006293,2012-10-30,0.3,bmo,24129000000.0,2025-04-25,2012-09-30,0.3333333333333335,9.57031746031746,36774690.42857143
2012-06-30,F,USD,37996,2012-08-03,2012-08-03 11:11:00,2012,Q2,33211000000.0,27769000000.0,5442000000.0,0.1638613712,0,0.0,0.0,2979000000.0,0.0,2959000000.0,30728000000.0,65000000.0,986000000.0,248000000.0,1783000000.0,0.0536870314,2483000000.0,0.0747643853,12000000.0,1595000000.0,0.0480262564,557000000.0,1040000000.0,0.0313149258,0.27,0.26,3815000000,4014000000,https://www.sec.gov/Archives/edgar/data/37996/000003799612000036/0000037996-12-000036-index.htm,https://www.sec.gov/Archives/edgar/data/37996/000003799612000036/f06302012-10q.htm,8.705373525557011,0.272608125819135,1.0233289646133683,0.7111402359108782,13.309829619921365,4.476802096985583,4.451900393184797,4.465530799475753,22.72424639580603,36585850000.0,107191850000.0,8.79467548076923,1.1016184396736022,9.37137551229508,13.485385182454849,2.147561047194177,2.147561047194177,3.227600794917347,60.118816601233874,27.456928790983607,39.5104496866937,0.0284262904920891,0.0741543520240748,5.03093449166471,0.4729027345560485,39.59955131800336,1.7634046956859195,2.5182555780933065,3.753846153846154,0.0052205975807586,0.1836538461538461,0.0,0.0,0.0005241784192985,0.3050717213114754,0.0358616121164674,0.0,0.0,5.233559935238723,0.0137440008570556,0.0057413837839031,-28.630930537352555,59015000000.0,16984000000.0,-27837000000.0,81918000000.0,1041000000.0,19649500000.0,7160000000.0,1.8373430489897928,63.72177608124168,23.623825128740684,48.98377581120944,1.4123900106810436,3.8097132665660585,0.0610471941770368,0.3121887287024901,2012-07-25,0.28,bmo,30996933333.0,2025-04-25,2012-06-30,0.0714285714285712,10.885079365079363,46144688.50793651
2012-03-31,F,USD,37996,2012-05-04,2012-05-04 11:53:31,2012,Q1,32445000000.0,26854000000.0,5591000000.0,0.1723223917,0,0.0,0.0,2886000000.0,0.0,2886000000.0,29740000000.0,103000000.0,1011000000.0,198000000.0,2223000000.0,0.0685159501,2705000000.0,0.0833718601,-667000000.0,2038000000.0,0.0628139929,640000000.0,1396000000.0,0.0430266605,0.37,0.35,3803000000,4055000000,https://www.sec.gov/Archives/edgar/data/37996/000003799612000023/0000037996-12-000023-index.htm,https://www.sec.gov/Archives/edgar/data/37996/000003799612000023/f03312012-10q.htm,8.531422561135946,0.3670786221404155,0.5456218774651591,0.2582171969497765,13.016828819353142,4.378122534840915,4.352616355508808,4.36655272153563,26.68971864317644,47461440000.0,132707440000.0,8.499541547277937,1.4628275543227,22.87298313253012,48.33140529531568,2.858089847043237,2.858089847043237,4.09022777007243,59.6974538911381,63.955392771084334,135.13995926680244,0.0294133511330461,0.0206904805248218,6.051427194989762,0.5519154194699987,38.34727845254161,2.6748611901351804,2.675568743818002,1.4863896848137537,0.0040032497960449,0.1361031518624642,0.0,0.0,0.0005327474941644,0.5267469879518072,0.0336877793188472,0.0,0.0,6.005375385586446,0.0125988928750247,0.0076712569651276,-29.280436497501977,85366000000.0,16553000000.0,-29090000000.0,108613000000.0,39972500000.0,18681000000.0,6466000000.0,3.8945908460471568,65.81589334922171,23.56408728681016,23.10897435897436,1.3674508605764335,3.8193713554259694,0.0840660002408767,0.2874046805153826,2012-04-27,0.35,bmo,29117307692.0,2025-04-25,2012-03-31,0.1142857142857144,12.40032258064516,50430940.25806452
2011-12-31,F,USD,37996,2012-02-21,2012-02-21 15:45:59,2011,Q4,34576000000.0,29699000000.0,4877000000.0,0.1410515965,0,0.0,0.0,3076000000.0,0.0,3104000000.0,32803000000.0,180000000.0,1034000000.0,-40000000.0,1733000000.0,0.0501214715,1773000000.0,0.0512783434,-320000000.0,1453000000.0,0.0420233688,-12161000000.0,13615000000.0,0.3937702453,3.58,3.58,3800000000,3800000000,https://www.sec.gov/Archives/edgar/data/37996/000003799612000007/0000037996-12-000007-index.htm,https://www.sec.gov/Archives/edgar/data/37996/000003799612000007/f12312011-10k.htm,9.098947368421053,3.582894736842105,-0.0618421052631578,-0.366578947368421,9.412105263157894,3.9660526315789473,3.939736842105263,3.9547368421052633,26.453157894736844,40888000000.0,123228000000.0,0.7507895703268455,1.1825543729754744,-173.99148936170212,-29.352476669059584,2.7207878626563744,2.7207878626563744,3.563975011568718,71.1067512983266,-524.3744680851064,-88.46231155778895,0.3329827822343963,-0.034068675405987,6.620175672078786,0.5578307578442147,47.5129832660127,1.6458281990196884,1.7147001934235977,-0.0172603745868527,0.0,0.0,0.0,0.0,0.000560701549779,-4.927659574468085,0.0334914391485423,0.0,0.0,17.855296997989885,0.114078777492675,0.076382343700911,-17.277565789473684,47170000000.0,14971000000.0,-43069000000.0,69641000000.0,40274000000.0,18324000000.0,6556500000.0,204.43920638593244,53.7108993568807,17.88242028351123,0.4402286703759819,1.6756375535996388,5.032875783765464,0.9059755123768964,0.3047368421052631,2012-01-27,0.25,bmo,42396250000.0,2025-04-25,2011-12-31,-0.1999999999999999,10.915873015873016,59303655.17460317
2011-09-30,F,USD,37996,2011-11-04,2011-11-04 12:14:42,2011,Q3,33047000000.0,27617000000.0,5430000000.0,0.1643114352,0,0.0,0.0,2861000000.0,0.0,2866000000.0,30483000000.0,101000000.0,1096000000.0,381000000.0,2942000000.0,0.0890247224,2564000000.0,0.0775864678,-723000000.0,1846000000.0,0.055859836,194000000.0,1649000000.0,0.0498986292,0.43,0.41,3800000000,4031000000,https://www.sec.gov/Archives/edgar/data/37996/000003799611000016/0000037996-11-000016-index.htm,https://www.sec.gov/Archives/edgar/data/37996/000003799611000016/f09302011-10q.htm,8.69657894736842,0.4339473684210526,0.998157894736842,0.7052631578947368,11.978421052631578,1.5857894736842104,1.5594736842105263,1.5742105263157895,23.99105263157895,36746000000.0,110356000000.0,5.570952092177077,1.1119314915120888,9.687846032164511,13.711194029850748,6.142761618187897,6.142761618187897,3.3393651466093743,37.5105370496261,29.094648035855524,41.177611940298505,0.0448756327219289,0.0729331083655363,15.05683717820127,0.5534595059604277,25.02039428959891,1.684172895677608,2.339416058394161,2.3001819284414795,0.0,0.0,0.0,0.0,0.0006144770800049,0.2934352755075138,0.0336793052319423,0.0,0.0,3.920497620557597,0.0235787643983039,0.0101389572060993,-27.91703947368421,52630000000.0,5926000000.0,-27159000000.0,75034000000.0,2145500000.0,19174000000.0,7124000000.0,5.465851665809302,61.670710069884485,23.50291487127494,16.465869456900847,1.4593637708729656,3.829312257348863,0.2756603142761618,0.2928947368421052,2011-10-26,0.44,bmo,31610173913.0,2025-04-25,2011-09-30,0.0454545454545455,11.380625,69833727.0
2011-06-30,F,USD,37996,2011-08-05,2011-08-05 12:01:58,2011,Q2,35527000000.0,29253000000.0,6274000000.0,0.1765980803,0,0.0,0.0,2907000000.0,0.0,2928000000.0,32181000000.0,105000000.0,1127000000.0,293000000.0,3733000000.0,0.1050750134,3346000000.0,0.0941818898,-740000000.0,2606000000.0,0.0733526614,206000000.0,2398000000.0,0.0674979593,0.63,0.59,3799000000,4102000000,https://www.sec.gov/Archives/edgar/data/37996/000003799611000004/0000037996-11-000004-index.htm,https://www.sec.gov/Archives/edgar/data/37996/000003799611000004/f06302011-10q.htm,9.351671492498026,0.631218741774151,0.9815740984469598,0.693866807054488,12.02316399052382,1.4082653329823638,1.3811529349828902,1.397473019215583,24.835483021847853,52388210000.0,128139210000.0,5.46165658882402,1.4746026965406591,14.048862965942613,19.874131259484063,9.867811263891504,9.867811263891504,3.606812002139218,34.32606750602732,34.36288817377313,48.61123292867982,0.0457736578516425,0.0503166647610216,17.559427387455266,0.5546148995157241,20.29225823734262,1.7043206796402206,2.968944099378882,1.555045871559633,0.0,0.0,0.0,0.0,0.0006127815523006,0.2931080718691338,0.0307653334083936,0.0,0.0,4.455053436175951,0.0307925636388276,0.0142752540435639,-29.43643063964201,55049000000.0,5247000000.0,-29528000000.0,78415000000.0,2268500000.0,19704000000.0,7225000000.0,5.786021898837504,59.76002461286022,21.64701056301918,15.554728546409809,1.5060234761120264,4.1576179647527,0.4516858165379544,0.2877072913924717,2011-07-26,0.6,bmo,32794153846.0,2025-04-25,2011-06-30,0.0833333333333334,14.556190476190476,63940162.984126985
2011-03-31,F,USD,37996,2011-05-10,2011-05-10 16:46:52,2011,Q1,33114000000.0,26776000000.0,6338000000.0,0.1913994081,0,0.0,0.0,2734000000.0,0.0,2734000000.0,29510000000.0,109000000.0,1174000000.0,330000000.0,3950000000.0,0.1192848946,3604000000.0,0.1088361418,-828000000.0,2776000000.0,0.083831612,220000000.0,2551000000.0,0.0770369028,0.68,0.61,3771000000,4266000000,https://www.sec.gov/Archives/edgar/data/37996/000115752311002989/0001157523-11-002989-index.htm,https://www.sec.gov/Archives/edgar/data/37996/000115752311002989/a6708785.htm,8.781225139220366,0.6764783876955714,0.6621585786263591,0.4158048263060196,12.22619994696367,0.6536727658446035,0.6276849642004774,0.643330681516839,25.860249270750465,56225610000.0,131252610000.0,5.51015386123089,1.6979407501358943,22.51726471766119,35.85816964285714,23.17626133553174,23.17626133553174,3.963659177387208,33.2285088607595,52.56412094513416,83.70702168367347,0.0453707838830027,0.027887647639572,39.71352019785655,0.5755685789558579,18.994177215189872,1.702778700887037,3.06984667802385,0.9788318306546452,0.0,0.0,0.0,0.0,0.0005854556099192,0.3720464557468962,0.0280545992631515,0.0,0.0,3.1292146457571586,0.0331765052034373,0.0152486954026767,-30.078029700344736,54984000000.0,2367000000.0,-31704000000.0,78489000000.0,39855500000.0,18173000000.0,6665500000.0,6.123391918825875,67.17060053779504,24.920077681505827,14.697736351531292,1.3398718975180144,3.611545724305368,1.051525144270404,0.2463537523203394,2011-04-26,0.5,bmo,26704838709.0,2025-04-25,2011-03-31,0.24,15.999193548387098,90266956.12903224
2010-12-31,F,USD,37996,2011-02-28,2011-02-28 07:33:42,2010,Q4,32428000000.0,27251000000.0,5177000000.0,0.159645985,0,0.0,0.0,3029000000.0,0.0,3029000000.0,30280000000.0,47000000.0,1554000000.0,201000000.0,1834000000.0,0.0565560627,2148000000.0,0.0662390527,-1868000000.0,280000000.0,0.0086345134,92000000.0,190000000.0,0.0058591341,0.0551,0.0551,3446000000,3446000000,https://www.sec.gov/Archives/edgar/data/37996/000115752311001210/0001157523-11-001210-index.htm,https://www.sec.gov/Archives/edgar/data/37996/000115752311001210/a6622311.htm,9.410330818340103,0.0551363900174114,0.3595473012188044,0.0269878119558908,10.322112594312246,-0.1863029599535693,-0.2159024956471271,-0.1952988972721996,30.627394080092863,57858340000.0,147041340000.0,76.1293947368421,1.7842093252744542,46.69761097659403,622.132688172043,-85.97078751857354,-85.97078751857354,4.534394350561243,80.17521264994548,118.67743341404358,1581.0896774193548,0.0032838826692919,0.0016073741486534,-154.5141158989599,0.6314281030075234,48.62758996728462,2.433259006198474,1.382239382239382,6.521052631578947,0.0,0.0,0.0,0.0,0.0006193567191095,0.9249394673123488,0.0353398297767361,0.0,0.0,,0.0109875710149974,0.0011544186894309,-19.93818920487522,70062000000.0,-744000000.0,-46384000000.0,93343000000.0,41781000000.0,8181000000.0,6386000000.0,214.97532996176145,54.03764999449562,19.541668195662545,0.418652689199308,1.665505439432832,4.605543349670441,-0.2823179791976226,0.3325594892629135,2011-01-28,0.48,bmo,51884800000.0,2025-04-25,2010-12-31,-0.375,15.48890625,81459966.25
2010-09-30,F,USD,37996,2010-11-08,2010-11-08 12:13:47,2010,Q3,29893000000.0,24233000000.0,5660000000.0,0.1893419864,0,0.0,0.0,2654000000.0,0.0,2654000000.0,26887000000.0,108000000.0,1433000000.0,226000000.0,3356000000.0,0.1122670859,3006000000.0,0.1005586592,-1155000000.0,1887000000.0,0.0631251464,199000000.0,1687000000.0,0.0564346168,0.49,0.43,3446000000,4174000000,https://www.sec.gov/Archives/edgar/data/37996/000115752310006707/0001157523-10-006707-index.htm,https://www.sec.gov/Archives/edgar/data/37996/000115752310006707/a6499435.htm,8.674695298897273,0.4895531050493326,1.0972141613464887,0.8305281485780616,16.58676726639582,-0.5049332559489262,-0.54062681369704,-0.5145095763203714,34.34503772489843,42179040000.0,141107040000.0,6.250598695909899,1.4110005686950122,11.155524993387992,14.73761006289308,-23.78964467005076,-23.78964467005076,4.720404107985147,42.0461978545888,37.320031737635546,49.30364779874214,0.0399961687131807,0.0678536069099723,-65.94472645234066,0.6602740035464597,29.47794994040525,1.858601758859343,2.0976971388695045,2.241256668642561,0.0,0.0,0.0,0.0,0.0006946091552875,0.2430573922242793,0.0307429833071287,0.0,0.0,,0.0231853631798651,0.0095334972168065,-32.98157283807313,65999000000.0,-1863000000.0,-35951000000.0,89078000000.0,5780000000.0,0.0,6465500000.0,18.37754658281203,0.0,25.45908471918458,4.897280471821756,0.0,3.535083880379285,-0.9514946418499718,0.2666860127684272,2010-10-26,0.38,bmo,23665291666.0,2025-04-25,2010-09-30,0.263157894736842,11.9975,65450083.375
2010-06-30,F,USD,37996,2010-08-06,2010-08-06 11:50:07,2010,Q2,35067000000.0,27828000000.0,7239000000.0,0.2064333989,0,0.0,0.0,3137000000.0,0.0,3006000000.0,30834000000.0,127000000.0,1636000000.0,251000000.0,4483000000.0,0.1278409901,4233000000.0,0.1207117803,-1386000000.0,2847000000.0,0.0811874412,251000000.0,2599000000.0,0.0741152651,0.76,0.61,3411000000,4610000000,https://www.sec.gov/Archives/edgar/data/37996/000115752310004856/0001157523-10-004856-index.htm,https://www.sec.gov/Archives/edgar/data/37996/000115752310004856/a6384925.htm,10.28056288478452,0.761946643213134,1.106420404573439,0.8252711814717092,15.962767516857229,-1.038111990618587,-1.0917619466432131,-1.047786572852536,34.985341542069776,34382880000.0,133759880000.0,3.307318199307426,0.9804910599709128,9.11046104928458,12.214166962699824,-9.620279798545049,-9.620279798545049,3.8144089885077137,29.83713584653134,35.44246952835188,47.516831261101245,0.0755899447632077,0.0818721410190187,-32.93200895355344,0.6547927677329625,22.16752174882891,1.854681080218597,2.587408312958435,1.4520969603693727,0.0,0.0,0.0,0.0,0.0010180806675938,0.2541070482246952,0.0273476487866084,0.0,0.0,,0.0321446926254748,0.0144737061932314,-35.682204632072704,64278000000.0,-3724000000.0,-43806000000.0,86671000000.0,5939000000.0,0.0,6184000000.0,14.002908717597744,0.0,19.65071151358344,6.427236070381231,0.0,4.579986833443055,-0.7271964185786234,0.2811492231017297,2010-07-23,0.4,bmo,26037247497.0,2025-04-25,2010-06-30,0.7000000000000001,12.127777777777776,111884729.77777778
2010-03-31,F,USD,37996,2010-05-07,2010-05-07 13:14:03,2010,Q1,31566000000.0,25139000000.0,6427000000.0,0.2036051448,0,0.0,0.0,3089000000.0,0.0,3048000000.0,28187000000.0,173000000.0,1701000000.0,315000000.0,3836000000.0,0.1215231578,3379000000.0,0.1070455553,-1203000000.0,2135000000.0,0.0676360641,50000000.0,2085000000.0,0.0660520814,0.62,0.5,3365000000,4569000000,https://www.sec.gov/Archives/edgar/data/37996/000115752310002965/0001157523-10-002965-index.htm,https://www.sec.gov/Archives/edgar/data/37996/000115752310002965/a6257555.htm,9.38068350668648,0.6196136701337296,0.7973254086181278,0.4799405646359584,18.44190193164933,-1.6157503714710253,-1.672808320950966,-1.6270430906389302,39.29806835066865,42298050000.0,148479050000.0,5.071708633093525,1.339987644934423,15.765206857994782,26.19074303405573,-7.725671232876713,-7.725671232876713,4.7037651270354175,38.70673879040668,55.34068207230712,91.93749226006192,0.0492930525166053,0.0381814291675384,-23.842374429223742,0.6799935405900983,27.680135557872784,1.88288106272019,1.9864785420340976,1.286810551558753,0.0,0.0,0.0,0.0,0.001000166694449,0.3980618710398807,0.0338338718874738,0.0,0.0,,0.025015665826753,0.0108720590689137,-37.85601783060921,69918000000.0,-5629000000.0,-48294000000.0,92936000000.0,45502500000.0,7150500000.0,5871000000.0,18.310207184945828,0.0,22.525955686383707,4.915291186546248,0.0,3.9953909726637,-0.3808219178082191,0.3173848439821694,2010-04-27,0.31,bmo,21272739130.0,2025-04-25,2010-03-31,0.4838709677419355,12.061803278688524,120501878.09836066
2009-12-31,F,USD,37996,2010-02-25,2010-02-25 14:03:27,2009,Q4,35449000000.0,29732000000.0,5717000000.0,0.1612739428,0,0.0,0.0,3290000000.0,0.0,3290000000.0,33022000000.0,5409000000.0,637000000.0,5446000000.0,1697000000.0,0.0478715902,2427000000.0,0.0684645547,-1367000000.0,1060000000.0,0.0299021129,109000000.0,886000000.0,0.0249936529,0.27,0.27,3259000000,3259000000,https://www.sec.gov/Archives/edgar/data/37996/000115752310001218/0001157523-10-001218-index.htm,https://www.sec.gov/Archives/edgar/data/37996/000115752310001218/a6182308.htm,10.877262964099415,0.2718625345197913,0.1264191469776004,-0.2325866830316048,18.440625958883093,-1.9990794722307457,-2.0632095734888,-2.399509051856397,41.03221847192391,32590000000.0,144236000000.0,9.195823927765236,0.9193489238060312,79.10194174757282,-42.99472295514512,-4.167519181585678,-4.167519181585678,4.068831278738469,84.99469652327637,350.0873786407767,-190.2849604221636,0.0271862534519791,-0.0232586683031604,-17.018797953964196,0.6830228380805748,65.79021803182086,2.956906229689008,3.8100470957613815,0.4650112866817156,0.0,0.0,0.0,0.0,0.0010726199640749,2.8398058252427183,0.0330051623459053,0.0,0.0,,0.0134069190638286,0.0045519700371453,-23.045335992635778,99358000000.0,-6724000000.0,-51234000000.0,124345000000.0,83746000000.0,7150500000.0,6005000000.0,214.7442805156704,43.28972151217543,16.49737656397148,0.4191031294704609,2.079015453464793,5.455412844036697,-0.1132992327365728,0.3590058300092053,2010-01-28,0.26,bmo,30370249037.0,2025-04-25,2009-12-31,0.6538461538461537,8.3790625,79195852.5
2009-09-30,F,USD,37996,2009-11-06,2009-11-06 14:06:44,2009,Q3,30892000000.0,25176000000.0,5716000000.0,0.1850317234,0,0.0,0.0,3076000000.0,0.0,3076000000.0,28252000000.0,131000000.0,1748000000.0,172000000.0,2850000000.0,0.092256895,2640000000.0,0.0854590185,-1338000000.0,1215000000.0,0.039330571,139000000.0,997000000.0,0.0322737278,0.31,0.29,3259000000,3587000000,https://www.sec.gov/Archives/edgar/data/37996/000114036109025042/0001140361-09-025042-index.htm,https://www.sec.gov/Archives/edgar/data/37996/000114036109025042/form10q.htm,9.478981282602025,0.3059220619822031,1.795335992635778,1.487572875115066,20.610309911015648,-2.230745627493096,-2.299785210187174,-2.661859466093894,41.243019331083154,23497390000.0,130362390000.0,5.892023570712136,0.7606302602615563,4.015961374124081,4.846821369636964,-2.7086328530259367,-2.7086328530259367,4.219940113945358,45.74118947368421,22.28036062211588,26.88993193069307,0.0424302443803333,0.2063207871172075,-15.292564841498558,0.6531712504800449,37.49649122807018,1.7821441980590036,1.5102974828375286,5.868605817452357,0.0,0.0,0.0,0.0,0.0011077959292192,0.1714236882584173,0.0324679528680564,0.0,0.0,,0.017612397425474,0.0049142107935193,-23.8555538508745,68745000000.0,-7495000000.0,-53738000000.0,93782000000.0,44432000000.0,0.0,6581500000.0,241.54506020976305,0.0,23.4509056244042,0.3726012857470238,0.0,3.837804878048781,-0.1149279538904899,0.3077631175207119,2009-11-02,-0.12,bmo,13971692307.0,2025-04-25,2009-09-30,-3.166666666666667,7.11078125,77812623.9375
2009-06-30,F,USD,37996,2009-08-05,2009-08-05 12:00:40,2009,Q2,27189000000.0,23446000000.0,3743000000.0,0.1376659679,0,0.0,0.0,3165000000.0,0.0,3584000000.0,27030000000.0,187000000.0,1686000000.0,246000000.0,2346000000.0,0.0862848946,159000000.0,0.0058479532,2082000000.0,2371000000.0,0.0872043841,25000000.0,2261000000.0,0.0831586303,0.75,0.69,3002000000,3352000000,https://www.sec.gov/Archives/edgar/data/37996/000114036109017928/0001140361-09-017928-index.htm,https://www.sec.gov/Archives/edgar/data/37996/000114036109017928/form10q.htm,9.056962025316457,0.7531645569620253,1.871419053964024,1.530979347101932,20.633577614923382,-3.1372418387741505,-3.2155229846768822,-3.578614257161892,45.00632911392405,18222140000.0,127634140000.0,2.014831932773109,0.6702026554856744,3.2435279458882165,3.9647824194952137,-1.696187284743554,-1.696187284743554,4.694330059950715,54.40500426257459,22.718786044855825,27.77070060922541,0.1240798281650783,0.2522206502639097,-12.419528995625058,0.6664818422498626,46.63768115942029,1.800979926563423,0.094306049822064,2.4847412649270235,0.0,0.0,0.0,0.0,0.001173884809431,0.1819152723389106,0.0375887307366949,0.0,0.0,,0.0012062742364909,0.0113075441974444,-46.60168221185876,69151000000.0,-9653000000.0,-54124000000.0,94187000000.0,5760000000.0,0.0,6589000000.0,19.71201588877855,0.0,25.346327731809264,4.565743073047859,0.0,3.5508102377707105,-0.2104626268267709,0.3404397068620919,2009-07-23,-0.48,bmo,61280000000.0,2025-04-25,2009-06-30,-0.5625000000000001,5.249365079365079,105718174.22222222
2009-03-31,F,USD,37996,2009-05-08,2009-05-08 16:04:54,2009,Q1,24778000000.0,21662000000.0,3116000000.0,0.1257567197,0,0.0,0.0,3727000000.0,0.0,4129000000.0,25791000000.0,113000000.0,1936000000.0,-14000000.0,-1027000000.0,-0.0414480588,-1013000000.0,-0.0408830414,-503000000.0,-1620000000.0,-0.0653805795,-204000000.0,-1427000000.0,-0.0575914117,-0.6,-0.6,2397000000,2397000000,https://www.sec.gov/Archives/edgar/data/37996/000114036109011558/0001140361-09-011558-index.htm,https://www.sec.gov/Archives/edgar/data/37996/000114036109011558/form10q.htm,10.33708802670004,-0.5953274926992074,1.7359198998748435,1.166040884438882,26.436378806841887,-6.874009178139341,-6.968710888610763,-7.332916145181477,61.69336670838548,6304110000.0,131154110000.0,-1.1044341275402942,0.2544236822988134,1.5150468637346792,2.255495527728086,-0.3586567673664448,-0.3586567673664448,5.293167729437404,-127.70604673807206,31.51985340062485,46.92454740608229,-0.226360263383729,0.4433615530185862,-8.303066507367582,0.7184567822225723,-121.56767283349562,1.874026768282643,-0.5232438016528925,-2.915907498248073,0.0,0.0,0.0,0.0,0.0011174889481819,0.3282864695986541,0.0551295504076196,0.0,0.0,,-0.0065190508016833,-0.0070327785635783,-62.06998331247392,74315000000.0,-16704000000.0,-60270000000.0,98321000000.0,52607000000.0,6572500000.0,7596500000.0,20.21349584308661,0.0,27.317422214015327,4.4524707996406105,0.0,3.294600760456274,0.0811856403254252,0.5698790154359616,2009-04-24,-1.23,bmo,39999600000.0,2025-04-25,2009-03-31,-0.3902439024390244,2.149508196721312,41911355.54098361
2008-12-31,F,USD,37996,2009-02-26,2009-02-26 06:17:07,2008,Q4,29192000000.0,26653000000.0,2539000000.0,0.0869758838,0,0.0,0.0,4456000000.0,0.0,4456000000.0,31109000000.0,0.0,2754000000.0,54000000.0,-1863000000.0,-0.0638188545,-1917000000.0,-0.0656686763,-3233000000.0,-5150000000.0,-0.1764181968,874000000.0,-5976000000.0,-0.2047136202,-2.62,-2.62,2279000000,2279000000,https://www.sec.gov/Archives/edgar/data/37996/000114036109005071/0001140361-09-005071-index.htm,https://www.sec.gov/Archives/edgar/data/37996/000114036109005071/form10k.htm,12.809126810004388,-2.6222027204914435,-1.5129442738043002,-2.311978938130759,28.60816147433085,-7.07152259763054,-7.770513383062747,-7.595875383940324,69.08380868802107,5218910000.0,137857910000.0,-0.2183278949129853,0.1787787750068512,-1.513604988399072,-0.9904934522679826,-0.3014794061579343,-0.3014794061579343,4.722455124691696,-73.99780461621042,-39.98199245939675,-26.16396090339723,-1.145066690170936,-1.0095977895767507,-8.935821154179424,0.7085119636510205,-71.19645732689212,2.516684560253025,-0.696078431372549,0.5769745649263721,0.0,0.0,0.0,0.0,0.0072963614378366,-0.5281322505800464,0.06238010413812,0.0,0.0,,-0.0127696151486365,-0.0275728424112395,-39.57887231241773,104539000000.0,-17709000000.0,-60979000000.0,134697000000.0,54061500000.0,16751500000.0,10333000000.0,307.22149904083307,44.38712340074289,29.100664090346307,0.2929482483517145,2.027615062761506,3.0927129264330477,0.3452140257639651,0.799034664326459,2009-01-29,-1.3,bmo,27700437956.0,2025-04-25,2008-12-31,0.0538461538461538,2.425625,91966458.0625
2008-09-30,F,USD,37996,2008-11-07,2008-11-07 16:50:59,2008,Q3,32045000000.0,24999000000.0,7046000000.0,0.2198782961,0,0.0,0.0,4574000000.0,0.0,4574000000.0,29573000000.0,114000000.0,2626000000.0,13000000.0,2239000000.0,0.0698704946,2472000000.0,0.0771415197,-2743000000.0,-540000000.0,-0.0168513029,-462000000.0,-129000000.0,-0.004025589,-0.0566,-0.0566,2279000000,2279000000,https://www.sec.gov/Archives/edgar/data/37996/000114036108024745/0001140361-08-024745-index.htm,https://www.sec.gov/Archives/edgar/data/37996/000114036108024745/form10q.htm,14.060991663010093,-0.0566037735849056,0.4795963141728828,-0.2869679684071961,31.145239139973672,-0.2329969284774023,-1.025010969723563,-0.8727512066695919,69.95129442738043,11850800000.0,143749800000.0,-22.96666666666667,0.3698174442190669,10.842451967063129,-18.120489296636087,-5.958169934640523,-5.958169934640523,4.485872991106257,64.20267976775347,131.5185727355901,-219.80091743119263,-0.0108853410740203,-0.0551861477706146,-78.83006535947712,0.647730981347985,58.90978115230013,2.300351787150764,0.9413556740289414,-8.472868217054264,0.0,0.0,0.0,0.0,0.0074566748600582,1.5983531564501372,0.0545170853487283,0.0,0.0,,0.002248870526192,-0.0005369183384666,-69.87121544537078,108305000000.0,-2336000000.0,-51002000000.0,140363000000.0,8487500000.0,22287000000.0,12517500000.0,23.79965673271961,73.29173166926677,43.37453498139925,3.7815671465659664,1.2279693486590038,2.074950199203187,0.0648567119155354,0.766564282580079,2008-11-07,-0.94,bmo,22779572519.0,2025-04-25,2008-09-30,0.3936170212765958,4.8465625,61495495.0
2008-06-30,F,USD,37996,2008-08-08,2008-08-08 09:48:42,2008,Q2,41512000000.0,39995000000.0,1517000000.0,0.03654365,0,0.0,0.0,7305000000.0,0.0,7305000000.0,47300000000.0,376000000.0,2412000000.0,598000000.0,-6617000000.0,-0.1593996917,-5788000000.0,-0.1394295625,-2264000000.0,-9030000000.0,-0.2175274619,-444000000.0,-8667000000.0,-0.2087830025,-3.87,-3.87,2237000000,2237000000,https://www.sec.gov/Archives/edgar/data/37996/000114036108018630/0001140361-08-018630-index.htm,https://www.sec.gov/Archives/edgar/data/37996/000114036108018630/form10q.htm,18.556995976754585,-3.874385337505588,0.5006705409029951,-0.2315601251676352,22.323647742512293,-0.100134108180599,-1.013857845328565,-0.7523468931604828,75.29593205185516,10759970000.0,146718970000.0,-0.3103718126225914,0.2592014357294276,9.60711607142857,-20.772142857142857,-6.393327391562686,-6.393327391562686,3.5343748795529004,-22.17303460782832,130.99908035714284,-283.2412548262548,-0.8054855171529289,-0.0481413981637495,-98.64824717765894,0.6258080566308704,-20.546924588181955,1.85116515005642,-2.399668325041459,-0.1292108906322104,0.0,0.0,0.0,0.0,0.0077045726110736,1.4625,0.0394584698400462,0.0,0.0,,-0.0326224499642566,-0.0329227017355927,-90.61857398301296,82220000000.0,-2268000000.0,-86704000000.0,116413000000.0,7683500000.0,24090000000.0,12354000000.0,18.43057429177105,54.49281160145018,29.22440305038129,4.883190212916127,1.6515939874463166,3.07961807961808,5.149732620320855,0.7322306660706303,2008-07-24,-0.27,bmo,30442133333.0,2025-04-25,2008-06-30,1.296296296296296,6.97234375,66195379.4375
2008-03-31,F,USD,37996,2008-05-07,2008-05-07 13:45:37,2008,Q1,43513000000.0,35798000000.0,7715000000.0,0.1773033346,0,0.0,0.0,5081000000.0,0.0,5081000000.0,40879000000.0,196000000.0,2542000000.0,0.0,2861000000.0,0.0657504654,2634000000.0,0.0605336336,-2348000000.0,320000000.0,0.0073541241,97000000.0,100000000.0,0.0022981638,0.03,0.03,2188000000,2208000000,https://www.sec.gov/Archives/edgar/data/37996/000114036108011356/0001140361-08-011356-index.htm,https://www.sec.gov/Archives/edgar/data/37996/000114036108011356/form10q.htm,19.88711151736745,0.0457038391224862,0.4826325411334552,-0.1983546617915905,22.43601462522852,3.920018281535649,2.976691042047532,3.25,78.49497257769653,12515360000.0,147969360000.0,31.2884,0.2876234688483901,11.851666666666668,-28.83723502304148,1.76,1.76,3.400578218003815,51.71945473610626,140.1225,-340.9432258064516,0.0079901816647703,-0.0346773884251032,23.79482491913936,0.5980813889782371,47.34498427123384,1.8408213009440004,1.036191974822974,10.455445544554456,0.0,0.0,0.0,0.0,0.0072955290142199,1.4109848484848484,0.0342426401305357,0.0,0.0,1.8281392823939344,0.0098638233444927,0.0003560632225858,-97.91407678244973,81410000000.0,6513000000.0,-96104000000.0,120481000000.0,67524500000.0,22398000000.0,10921000000.0,14.201273182727,60.24805855075702,29.467847365774624,6.337459947567725,1.4938240694374896,3.0541762648238207,0.0140627197299957,0.6809872029250457,2008-04-24,-0.16,bmo,34633599999.0,2025-04-25,2008-03-31,-2.25,6.143606557377049,52804342.885245904
2007-12-31,F,USD,37996,2008-02-27,2008-02-27 16:16:58,2007,Q4,44116000000.0,38452000000.0,5664000000.0,0.1283887932,0,0.0,0.0,5341000000.0,0.0,5341000000.0,43793000000.0,489000000.0,2717000000.0,616000000.0,939000000.0,0.0212847946,323000000.0,0.0073216067,-4795000000.0,-4472000000.0,-0.1013691178,-1761000000.0,-2811000000.0,-0.0637183788,-1.49,-1.49,1882000000,1882000000,https://www.sec.gov/Archives/edgar/data/37996/000114036108005181/0001140361-08-005181-index.htm,https://www.sec.gov/Archives/edgar/data/37996/000114036108005181/form10k.htm,23.441020191285865,-1.493623804463337,2.0414452709883104,1.081296493092455,39.20616365568544,3.74548352816153,2.6461211477151965,2.990435706695006,90.99202975557915,12665860000.0,145912860000.0,-1.1264549982212737,0.2871035451990207,3.2966840187402395,6.224009828009828,2.250508173418621,2.250508173418621,3.3074816393145343,155.3917571884984,37.97836022904737,71.70165110565111,-0.2219351863987127,0.1606681267596515,29.944918265813783,0.6034791451816203,141.9030883919063,2.7623438700686385,0.1188811188811188,-1.3667733902525792,0.0,0.0,0.0,0.0,0.0074087601695886,0.4703279541905257,0.0409601958473116,0.0,0.0,,0.0008485349103886,-0.0101408755569184,-51.66378852284804,135311000000.0,4980000000.0,-60125000000.0,173619000000.0,68476000000.0,23365000000.0,11503500000.0,261.5030827817572,48.75897222511183,23.68901487568917,0.3441642027413931,1.8458141321044548,3.7992293251654976,-0.4994669509594883,0.9601487778958556,2008-01-24,-0.19,bmo,41910200000.0,2025-04-25,2007-12-31,0.0526315789473684,7.80703125,44368728.296875
2007-09-30,F,USD,37996,2007-11-08,2007-11-08 16:07:22,2007,Q3,41078000000.0,33238000000.0,7840000000.0,0.1908564195,0,0.0,0.0,4904000000.0,0.0,4904000000.0,38142000000.0,0.0,2949000000.0,51000000.0,2793000000.0,0.0679925994,2936000000.0,0.0714737816,-3092000000.0,-156000000.0,-0.0037976532,162000000.0,-380000000.0,-0.0092506938,-0.19,-0.19,2003000000,2003000000,https://www.sec.gov/Archives/edgar/data/37996/000114036107021358/0001140361-07-021358-index.htm,https://www.sec.gov/Archives/edgar/data/37996/000114036107021358/form10-q.htm,20.5082376435347,-0.1897154268597104,4.006490264603095,3.218671992011982,40.28407388916625,1.2765851223165252,-1.962056914628058,0.580629056415377,82.9565651522716,16484690000.0,152260690000.0,-10.845190789473683,0.4013021568722917,2.0541669781931464,2.5569551729486584,14.174282029234735,14.174282029234735,3.706623740201568,54.51510562119584,18.973294704049845,23.617293314720023,-0.0230516922065261,0.3910901569880902,140.33791917454857,0.5910024152402747,48.61296097386323,1.996027157085836,0.9955917260088164,-21.11842105263158,0.0,0.0,0.0,0.0,0.0234897506182942,0.1966355140186916,0.0384147232095038,0.0,0.0,,0.0354273719295769,-0.0014090983253978,-89.81390414378433,106802000000.0,-3930000000.0,-59576000000.0,151120000000.0,8376500000.0,25696500000.0,12750000000.0,19.212473830274117,70.12515795174198,34.891991094530354,4.684456608507241,1.2834195690786934,2.57938848362564,-0.3267411865864144,0.7878182725911134,2007-11-08,-0.46,bmo,1889588000000.0,2025-04-25,2007-09-30,-0.5875652173913044,8.295238095238096,49662232.190476194
2007-06-30,F,USD,37996,2007-08-07,2007-08-07 15:07:19,2007,Q2,44242000000.0,36303000000.0,7939000000.0,0.1794448714,0,0.0,0.0,4952000000.0,0.0,4952000000.0,41255000000.0,0.0,0.0,0.0,2987000000.0,0.067515031,2987000000.0,0.067515031,-2061000000.0,926000000.0,0.0209303377,123000000.0,750000000.0,0.0169522174,0.4,0.31,1875000000,2419354839,https://www.sec.gov/Archives/edgar/data/37996/000114036107015530/0001140361-07-015530-index.htm,https://www.sec.gov/Archives/edgar/data/37996/000114036107015530/form10q.htm,23.59573333333333,0.4,2.2661333333333333,1.5509333333333333,28.37013333333333,-0.3706666666666666,-3.7541333333333338,-1.0378666666666667,90.68586666666668,17662500000.0,155698500000.0,5.887499999999999,0.399224718593192,4.156860437750058,6.073762035763411,-9.076310380267214,-9.076310380267214,3.5192464174314,52.12537663207231,36.64356319133914,53.54143741403026,0.0424628450106157,0.1646426043878273,-87.37718396711202,0.6089722009326046,46.2122530967526,1.749384780117596,0.0,5.934357541899441,0.0,0.0,0.0,0.0,0.0227205982422336,0.3156036714521064,0.0303105646218525,0.0,0.0,,0.014993972057673,0.0027485212955429,-114.35946666666666,79784000000.0,-7039000000.0,-93663000000.0,123431000000.0,7712000000.0,24987500000.0,12569500000.0,16.241580398716152,63.205520204941735,31.27179571936204,5.541332665330661,1.4239262600509903,2.8779927065165687,-0.3854059609455293,0.7152,2007-07-26,-0.35,bmo,119113076923.0,2025-04-25,2007-06-30,-1.3714285714285714,8.397142857142857,38021446.253968254
2007-03-31,F,USD,37996,2007-05-09,2007-05-09 13:25:09,2007,Q1,43019000000.0,34774000000.0,8245000000.0,0.1916594993,0,0.0,0.0,5972000000.0,0.0,5972000000.0,40746000000.0,0.0,0.0,0.0,2273000000.0,0.0528371185,2273000000.0,0.0528371185,238000000.0,-44000000.0,-0.0010228039,182000000.0,-282000000.0,-0.006555243,-0.15,-0.15,1880000000,1880000000,https://www.sec.gov/Archives/edgar/data/37996/000114036107009438/0001140361-07-009438-index.htm,https://www.sec.gov/Archives/edgar/data/37996/000114036107009438/form10q.htm,22.88244680851064,-0.15,0.5234042553191489,-0.1659574468085106,26.606382978723403,-1.370744680851064,-4.726063829787234,-1.9734042553191489,88.925,14833200000.0,155145200000.0,-13.15,0.3448057834910156,15.07439024390244,-47.542307692307695,-3.998167115902965,-3.998167115902965,3.606434366210279,68.25569731632204,157.66788617886178,-497.2602564102564,-0.0190114068441064,-0.021033896933905,-45.061725067385446,0.61415451305977,61.72987241531016,1.7315990701070143,0.0,-3.48936170212766,0.0,0.0,0.0,0.0,0.0231732853311781,1.3170731707317074,0.0301262232966828,0.0,0.0,,0.0694474787371189,-0.0010605411016088,-113.25771276595744,76158000000.0,-8885000000.0,-94531000000.0,120104000000.0,63808000000.0,22847000000.0,12051500000.0,15.565215369952812,63.357681026053946,32.41646057399206,5.782123655913979,1.4205065359477125,2.776367265469062,0.076010781671159,0.6893617021276596,2007-04-26,-0.6,bmo,286793333333.0,2025-04-25,2007-03-31,-0.8500000000000001,8.057868852459016,50840519.67213115
2006-12-31,F,USD,37996,2007-02-28,2007-02-28 16:51:44,2006,Q4,40318000000.0,38529000000.0,1789000000.0,0.0443722407,0,0.0,0.0,5257000000.0,0.0,5257000000.0,43786000000.0,0.0,0.0,0.0,-3468000000.0,-0.0860161714,-3468000000.0,-0.0860161714,-2220000000.0,-5688000000.0,-0.1410784265,-147000000.0,-5625000000.0,-0.139515849,-2.99,-2.99,1881003584,1881003584,https://www.sec.gov/Archives/edgar/data/37996/000095012407001201/0000950124-07-001201-index.htm,https://www.sec.gov/Archives/edgar/data/37996/000095012407001201/k12522e10vk.htm,21.434302594077355,-2.9904249241451737,-3.9159946651117066,-4.769794207898755,29.57038491214273,-1.2259413111251147,-4.91386623535535,-1.842101753273427,91.46659871542276,14126336915.84,157281336915.84,-0.6278371962595556,0.3503729578808472,-1.9177758506434968,-1.5744914083637984,-4.076864910776335,-4.076864910776335,3.901020311420209,-45.35217327446367,-21.35234006459951,-17.530242634400356,-0.3981924000193307,-0.6351257267508329,-49.653391053391054,0.6176504376171227,-41.27883506343714,2.2791697830964845,0.0,1.309511111111111,0.0,0.0,0.0,0.0,0.0249036093540211,-0.218028780885148,0.0398333250657274,0.0,0.0,,-0.0146669622500814,-0.0207093075912037,-68.7489386516767,102615000000.0,-9243000000.0,-98025000000.0,148057000000.0,117969000000.0,21976000000.0,11787500000.0,268.26330671164243,49.5538425601495,27.04508292455034,0.3354912794567967,1.816206278872443,3.3277768181032994,1.6233766233766234,0.8537995427870487,2007-01-25,-1.01,bmo,37005481818.0,2025-04-25,2006-12-31,0.0891089108910891,8.064920634920636,46613402.87301587
2006-09-30,F,USD,37996,2006-11-14,2006-11-14 08:07:31,2006,Q3,37110000000.0,37554000000.0,-444000000.0,-0.0119644301,0,0.0,0.0,4593000000.0,0.0,4593000000.0,42147000000.0,554000000.0,1936000000.0,0.0,-5037000000.0,-0.1357316087,-5037000000.0,-0.1357316087,-1327000000.0,-6357000000.0,-0.171301536,-1157000000.0,-5248000000.0,-0.1414174077,-2.8,-2.8,1873000000,1873000000,https://www.sec.gov/Archives/edgar/data/37996/000114036106016173/0001140361-06-016173-index.htm,https://www.sec.gov/Archives/edgar/data/37996/000114036106016173/form10-q.htm,19.81313400961025,-2.801922050186866,3.479444741057128,2.4975974372664176,21.690870261612385,5.434063000533903,2.01922050186866,4.892151628403631,83.47357180993059,15152570000.0,144051570000.0,-0.7218259336890244,0.4083150094314201,2.3250836274359368,3.239112868747328,1.6536691040052385,1.6536691040052385,3.8817453516572353,-28.59868374032162,22.10396961792236,30.7934095767422,-0.3463438875385495,0.3087265064606202,16.85146785987122,0.5773091806404577,-25.590430811991265,1.682127408768968,-2.601756198347108,-1.1748692987200289,0.0062035681075883,-0.0179115853658536,0.0,0.0,0.0239134092311143,0.282185054472917,0.0495553759094583,0.0,0.0,,-0.0246187629137618,-0.0201019653807997,-66.11852642819007,68283000000.0,3782000000.0,-88901000000.0,143466000000.0,115755000000.0,23166500000.0,12056500000.0,280.7485852869847,54.4927304681259,28.751397986898866,0.3205715174236796,1.6515964464772628,3.1302825706426605,-0.5727381861835643,0.98184730379071,2006-10-23,-0.61,bmo,36496693548.0,2025-04-25,2006-09-30,0.0163934426229508,7.524285714285714,38490662.93650793
2006-06-30,F,USD,37996,2006-08-04,2006-08-04 15:13:31,2006,Q2,41965000000.0,36167000000.0,5798000000.0,0.1381627547,0,0.0,0.0,4692000000.0,0.0,4692000000.0,40859000000.0,0.0,0.0,0.0,1106000000.0,0.0263552961,1106000000.0,0.0263552961,-412000000.0,-557000000.0,-0.0132729656,-320000000.0,-254000000.0,-0.0060526629,-0.14,-0.14,1864705882,1864705882,https://www.sec.gov/Archives/edgar/data/37996/000003799606000060/0000037996-06-000060-index.htm,https://www.sec.gov/Archives/edgar/data/37996/000003799606000060/body10q063006.htm,22.504889594164965,-0.1362145110667914,5.713501578368486,4.874227130260106,21.78252366342887,8.405078865944178,4.977192429964138,7.839842272777258,82.30681389570476,12922411762.26,138415411762.26,-12.718909214822837,0.3079330814311927,1.2129164409855453,1.4217638642600947,0.8839463548984198,0.8839463548984198,3.298353670016919,125.1495585553888,12.99187270154496,15.228893361454508,-0.0196557736027116,0.7033516782482115,10.498529311170394,0.5541762352499386,113.46564195298372,1.9743308382646865,0.0,-41.94488188976378,0.0145483678634243,-0.7401574803149606,0.0,0.0,0.0230801450091713,0.1468931856579688,0.0372929822471106,0.0,0.0,,0.002690965520753,-0.0009388074927186,-68.52984228426432,99448000000.0,9281000000.0,-59759000000.0,147479000000.0,114279000000.0,23800000000.0,12039000000.0,248.23829381627547,58.71512704952028,30.150136865098016,0.3625548605591457,1.5328247510065691,2.985061076262793,-0.0173746494288255,0.83927444810838,2006-07-20,0.12,bmo,167512000000.0,2025-04-25,2006-06-30,-1.25,7.013968253968254,27573945.111111112
2006-03-31,F,USD,37996,2006-11-17,2006-11-17 16:54:17,2006,Q1,41055000000.0,38347000000.0,2708000000.0,0.0659602972,0,0.0,0.0,4627000000.0,0.0,4627000000.0,42974000000.0,0.0,0.0,0.0,-1187000000.0,-0.0289124345,-1919000000.0,-0.0467421751,-429000000.0,-1971000000.0,-0.0480087687,-843000000.0,-1187000000.0,-0.0289124345,-0.63,-0.63,1872368421,1872368421,https://www.sec.gov/Archives/edgar/data/37996/000114036106016720/0001140361-06-016720-index.htm,https://www.sec.gov/Archives/edgar/data/37996/000114036106016720/form10-qa.htm,21.926774420855285,-0.6339564300951217,-0.1036120871427579,-1.0852565003818766,20.86715390079739,7.034406184315795,3.791454673332156,6.435165144242731,80.70206605989324,14904052631.16,144829052631.16,-3.139016982131424,0.3630264920511509,-76.82501356268041,-7.334671570452755,1.2369534925022825,1.2369534925022825,3.527683659265863,-122.01268123939344,-746.5415084080413,-71.27414007438976,-0.0796427675998896,-0.1363387563293814,12.540791766951614,0.5615662489408197,-109.45661331086774,1.9513650934011275,0.0,0.1634372367312552,0.0124798271049532,-0.1566975568660488,0.0,0.0,0.0225661151496231,-9.474226804123711,0.0447692120326391,0.0,0.0,,-0.0064770403638993,-0.0045132393423674,-67.4255657081497,94677000000.0,7099000000.0,-61711000000.0,141690000000.0,114370500000.0,23457500000.0,11116500000.0,247.29996346364632,56.3394789683678,28.074686416147287,0.3639305026150164,1.5974588627369295,3.2057348269520145,-0.0985143995352311,0.9816444132391186,2006-04-21,0.25,bmo,42488541666.0,2025-04-25,2006-03-31,-0.04,8.185322580645161,22249134.967741936
2005-12-31,F,USD,37996,2006-11-14,2006-11-14 08:02:52,2005,Q4,46549000000.0,39141000000.0,7408000000.0,0.1591441277,0,0.0,0.0,6102000000.0,7643000000.0,6102000000.0,45243000000.0,0.0,7643000000.0,0.0,1306000000.0,0.0280564566,1306000000.0,0.0280564566,-1208000000.0,98000000.0,0.0021053084,-385000000.0,150000000.0,0.0032224108,0.0809,0.0809,1844975610,1853000000,https://www.sec.gov/Archives/edgar/data/37996/000114036106016171/0001140361-06-016171-index.htm,https://www.sec.gov/Archives/edgar/data/37996/000114036106016171/form10-ka.htm,25.230143828297003,0.081301887779427,0.8542118342691803,-0.2596240283089704,23.058841412001104,7.630995186977024,4.408730367985732,7.02285706638691,87.79248848715133,14243211709.2,137076211709.2,23.738686182,0.3059831942512191,9.037570881472082,-29.735306282254697,1.0992677092845566,1.0992677092845566,2.944772427102623,104.95881447871362,86.97729169365482,-286.17163196075154,0.0105313326139154,-0.0336300554804365,11.911090530215327,0.57271148451068,94.05283307810107,2.0893830253679924,0.1708753107418553,4.451977401129944,0.0130588524412551,1.24,0.0,0.0,0.0220613338479122,1.3039340101522845,0.0441470278631119,0.0,0.0,3.5842516073516326,0.0370594883048391,0.0005691929981671,-65.45899541728902,104352000000.0,8134000000.0,-55255000000.0,151004000000.0,106486500000.0,22950500000.0,10979000000.0,224.1463833809534,52.67877673028283,23.61692343067372,0.401523319905806,1.7084679179397644,3.810826599162691,0.0115767538782125,1.1138358625781508,2006-01-23,0.011,bmo,1005458400000.0,2025-04-25,2005-12-31,22.63636363636364,8.333809523809524,18005984.015873015
2005-09-30,F,USD,37996,2005-11-07,2005-11-07 16:29:20,2005,Q3,40856000000.0,33532000000.0,7324000000.0,0.1792637556,0,0.0,0.0,6165000000.0,0.0,6165000000.0,39697000000.0,0.0,0.0,0.0,1159000000.0,0.0283679264,1159000000.0,0.0283679264,-552000000.0,-377000000.0,-0.0092275308,-140000000.0,-284000000.0,-0.0069512434,-0.15,-0.15,1858064516,1858064516,https://www.sec.gov/Archives/edgar/data/37996/000003799605000278/0000037996-05-000278-index.htm,https://www.sec.gov/Archives/edgar/data/37996/000003799605000278/body10q093005.htm,21.9884722237492,-0.1528472222328366,3.1037673613266503,2.0865798612560127,20.12470486250866,8.097135417228968,4.829218750335363,7.527725694967203,76.28260417196407,18320516127.76,131858516127.76,-16.12721490119718,0.4484167840160563,3.176784485479452,4.725436194934227,1.3098245605033243,1.3098245605033243,3.2273966156197376,113.76921149936152,22.864316998050978,34.01045038116069,-0.0155017466767582,0.2116206755837741,10.13355258454279,0.5282916192996515,97.96203623813632,1.8389157915929344,0.0,-20.306338028169016,0.0100979687859164,-0.6514084507042254,0.0,0.0,0.0226318045435062,0.3277267209987862,0.0462600352457411,0.0,0.0,,0.004189246455399,-0.0010830476350282,-73.857500005129,79171000000.0,8973000000.0,-79706000000.0,127130000000.0,103208500000.0,23422000000.0,11618500000.0,213.76982572939104,61.70792079207921,31.36794703566742,0.421013581748109,1.4584837545126357,2.869170873620262,-0.0203045685279187,1.017187500070638,2005-10-20,-0.1,bmo,40510000000.0,2025-04-25,2005-09-30,-0.0,10.22484375,10535737.578125
2005-06-30,F,USD,37996,2005-08-04,2005-08-04 15:12:07,2005,Q2,44548000000.0,36713000000.0,7835000000.0,0.1758777049,0,0.0,0.0,6110000000.0,0.0,6110000000.0,42823000000.0,0.0,0.0,0.0,1725000000.0,0.0387222771,1725000000.0,0.0387222771,-999000000.0,726000000.0,0.0162970279,-301000000.0,946000000.0,0.0212355212,0.51,0.47,1854901961,2012765957,https://www.sec.gov/Archives/edgar/data/37996/000003799605000225/0000037996-05-000225-index.htm,https://www.sec.gov/Archives/edgar/data/37996/000003799605000225/e080405body.txt,24.01636363357104,0.5099999999406977,4.938266384203796,4.545792811310743,21.284682872789308,8.09153276861515,4.490803382141661,7.65700845576927,85.41745242135738,18994196080.64,147302196080.64,5.01960784372093,0.4263759558372991,2.073602192209607,2.252632362504744,1.337336906332465,1.337336906332465,3.3065950453587147,85.39257743805219,16.081025772995634,17.469425531385202,0.0498046874942087,0.4439250792295647,11.15546011406041,0.5723321557323161,74.38144927536231,1.9870811341598136,0.0,9.682875264270614,0.0096871696606072,0.1945031712473573,0.0,0.0,0.0241263717606941,0.0794759825327511,0.0163419233186675,0.0,0.0,9.373589068213713,0.0136269947529637,0.0035016934722659,-72.53092229600591,96501000000.0,8330000000.0,-67560000000.0,145461000000.0,113242500000.0,24011000000.0,11516000000.0,220.96951602765552,58.47438237136709,28.31422112058399,0.407296,1.5391355385066867,3.1786147186147184,0.0666056466943603,0.3924735728930527,2005-07-19,0.33,bmo,42320599999.0,2025-04-25,2005-06-30,0.4242424242424241,10.1084375,15664198.890625
2005-03-31,F,USD,37996,2005-05-10,2005-05-10 16:18:57,2005,Q1,45136000000.0,35553000000.0,9583000000.0,0.2123138958,0,0.0,0.0,6280000000.0,0.0,6280000000.0,41833000000.0,0.0,0.0,0.0,3303000000.0,0.0731788373,3303000000.0,0.0731788373,-192000000.0,1549000000.0,0.0343185041,314000000.0,1212000000.0,0.0268521801,0.66,0.6,1836363636,2020000000,https://www.sec.gov/Archives/edgar/data/37996/000003799605000158/0000037996-05-000158-index.htm,https://www.sec.gov/Archives/edgar/data/37996/000003799605000158/e051005body.txt,24.57900990585723,0.660000000130693,2.81861386194428,1.2699009903504754,18.690742577958563,8.993861387919576,5.175990100034849,8.533168318521419,87.8159406114487,20805999995.88,158722999995.88,4.291666665816832,0.4609624245808224,4.019706336143741,8.921955401320755,1.3277600507900449,1.3277600507900449,3.516549982184509,48.05419315648804,30.66518547061051,68.06303601881646,0.0582524271960011,0.1120830529876853,10.291129546904914,0.574728783839651,41.75507114744172,3.5166753658141503,0.0,4.270627062706271,0.0087955397498912,0.1509900990099009,0.0,0.0,0.0249868134061328,0.5494590417310664,0.0630095710740872,0.0,0.0,11.256888982091615,0.0117027919206183,0.0044301969829335,-74.15497526220891,139829000000.0,9505000000.0,-68682000000.0,190235000000.0,116272500000.0,23080000000.0,11124000000.0,233.51426799007444,61.18217871909544,29.065901611678346,0.385415421398685,1.47101659150151,3.0964117749520987,0.0773452456924058,1.5487128715938046,2005-04-20,0.39,bmo,28683241935.0,2025-04-25,2005-03-31,0.5897435897435896,12.918360655737704,9976498.573770491
2004-12-31,F,USD,37996,2005-03-10,2005-03-10 16:23:23,2004,Q4,45262000000.0,37219000000.0,8043000000.0,0.1776987318,0,0.0,0.0,7264000000.0,0.0,7264000000.0,44483000000.0,0.0,0.0,0.0,779000000.0,0.0172109054,779000000.0,0.0172109054,-1097000000.0,-318000000.0,-0.0070257611,-380000000.0,104000000.0,0.0022977332,0.0569,0.0569,1829000000,1829000000,https://www.sec.gov/Archives/edgar/data/37996/000095012405001427/0000950124-05-001427-index.htm,https://www.sec.gov/Archives/edgar/data/37996/000095012405001427/k91869e10vk.htm,24.74685620557682,0.0568616730453799,3.581738655002734,2.7091306724986333,18.63094587206124,9.25205030071077,5.2766539092400215,8.77255330781848,94.57244395844724,26776560000.0,176238560000.0,64.36673076923077,0.5915902964959568,4.087400396885972,5.403947527749748,1.668841383608601,1.668841383608601,3.893742212010075,226.236919127086,26.9025431231873,35.56782240161453,0.0038839940604767,0.1850499093236771,10.78049236522281,0.5910494987254573,191.86392811296537,3.989596780317412,0.0,26.099601593625497,0.0068343357025697,1.7596153846153846,0.0,0.0,0.0248450388513398,0.243626927186689,0.0352613671512527,0.0,0.0,3.35014869881214,-0.0006328934450018,0.0003644225479443,-81.84622744669218,157480000000.0,9651000000.0,-65576000000.0,209302000000.0,120129500000.0,22195000000.0,10873500000.0,229.5336043480182,53.176872027727775,26.03347752492007,0.392099449906874,1.6924650993588286,3.457087126137841,0.0064817700218136,0.8726079825041007,2005-01-20,0.27,bmo,43585629629.0,2025-04-25,2004-12-31,0.037037037037037,13.97390625,8244295.609375
2004-09-30,F,USD,37996,2004-11-08,2004-11-08 16:48:41,2004,Q3,38996000000.0,30957000000.0,8039000000.0,0.2061493487,0,0.0,0.0,5860000000.0,0.0,5860000000.0,36817000000.0,0.0,0.0,0.0,2179000000.0,0.0558775259,2179000000.0,0.0558775259,-1427000000.0,752000000.0,0.0192840291,210000000.0,266000000.0,0.0068212124,0.15,0.15,1829000000,1829000000,https://www.sec.gov/Archives/edgar/data/37996/000003799604000282/0000037996-04-000282-index.htm,https://www.sec.gov/Archives/edgar/data/37996/000003799604000282/e110304body.txt,21.320940404592672,0.1454346637506834,2.703116457080372,0.0508474576271186,17.12957900492072,8.136686714051395,4.301804264625479,7.69218151995626,90.05303444505194,25697450000.0,172988450000.0,24.151738721804517,0.6589765616986357,5.19770428802589,276.31666666666666,1.8265299594853937,1.8265299594853937,4.4360562621807365,79.38891693437357,34.98957322006473,1860.0908602150537,0.0103512216192657,0.003619036130044,11.707086502238964,0.5705561213532032,67.59568609453878,3.777355847220174,0.0,18.586466165413533,0.0071213291591189,0.6879699248120301,0.0,0.0,0.0242969675555463,0.9811893203883496,0.1243973740896502,0.0,0.0,5.017067992307992,0.0066992392593715,0.0009443876391729,-78.38026243849097,150666000000.0,7868000000.0,-68882000000.0,200584000000.0,126347500000.0,22139000000.0,10797500000.0,288.0849317878757,65.11968213974222,31.92460509739316,0.3124078702813561,1.3820706281530426,2.819142154630726,0.0189068164048617,2.6522689994532533,2004-10-19,0.14,bmo,42895600000.0,2025-04-25,2004-09-30,1.0,14.3728125,7828028.59375
2004-06-30,F,USD,37996,2004-08-30,2004-08-30 17:02:20,2004,Q2,42802000000.0,33834000000.0,8968000000.0,0.2095229195,0,0.0,0.0,5762000000.0,0.0,5762000000.0,39596000000.0,0.0,0.0,182000000.0,3388000000.0,0.0791551797,3206000000.0,0.0749030419,-1670000000.0,1502000000.0,0.0350918181,268000000.0,1165000000.0,0.0272183543,0.64,0.57,1745312500,1959649123,https://www.sec.gov/Archives/edgar/data/37996/000003799604000226/0000037996-04-000226-index.htm,https://www.sec.gov/Archives/edgar/data/37996/000003799604000226/e082604body.txt,24.523974932855864,0.6675022381378692,3.4268934646374216,2.561718889883617,19.284798567591764,8.219731423455684,4.102417188898836,7.769955237242614,96.31570277529096,27314140625.0,179767140625.0,5.861403567596567,0.6381510355824495,4.566818362313994,6.109179294341311,2.0141686177273064,2.0141686177273064,4.199970576725387,53.05995886216056,30.05636860474837,40.20736761910087,0.0426519002005028,0.1636881079797838,12.395914755549,0.5725257396641157,44.99793388429752,3.802184732489205,0.0,5.2373029772329245,0.0066998263834266,0.1570815450643777,0.0,0.0,0.0244743931637904,0.2524661427854874,0.0352787252932106,0.0,0.0,10.80256481117037,0.0110225408754837,0.0040673539854832,-82.73518352730528,153145000000.0,7160000000.0,-71470000000.0,202656000000.0,120379000000.0,24212000000.0,10403500000.0,268.875052567637,58.19914878524561,28.23372938464267,0.3347279680302805,1.5464143699437818,3.1876766534765406,0.0859081188702898,0.8651745747538049,2004-07-20,0.5,bmo,33385560000.0,2025-04-25,2004-06-30,0.2199999999999999,14.819677419354838,11365250.387096774
2004-03-31,F,USD,37996,2004-05-06,2004-05-06 16:33:12,2004,Q1,44691000000.0,34071000000.0,10620000000.0,0.2376317379,0,0.0,0.0,4331000000.0,0.0,8595000000.0,42666000000.0,0.0,0.0,1731000000.0,4497000000.0,0.1006242868,2025000000.0,0.0453111365,-1634000000.0,2889000000.0,0.064643888,829000000.0,1952000000.0,0.043677698,1.07,0.94,1824299065,2076595745,https://www.sec.gov/Archives/edgar/data/37996/000003799604000131/0000037996-04-000131-index.htm,https://www.sec.gov/Archives/edgar/data/37996/000003799604000131/e050704body.txt,24.497628079418,1.07000000024667,3.85792008285659,3.156280738432544,20.21433914400433,7.466977460737777,3.535056353273963,7.061342214742625,93.97910862822263,24755738312.05,178011738312.05,3.170560746932633,0.5539311788066948,3.5174393736928105,4.299364069477249,1.921730966623972,1.921730966623972,3.983167490368307,39.58455377185901,25.292943778353223,30.91555024523272,0.0788504053239992,0.2325925378358544,13.30895823629871,0.5479100952673142,34.0796086279742,2.884667661196751,0.0,3.5635443037974683,0.0073922254991249,0.09375,0.0,0.0,0.022923597595467,0.1818698493890309,0.0286411134232843,0.7394569612940497,0.0,13.038474368541731,0.0056969013944908,0.0063845932438443,-94.6381288640303,113702000000.0,6449000000.0,-125255000000.0,162043000000.0,112794000000.0,23476000000.0,9687000000.0,227.33503389944283,70.11974993396143,26.92524434269613,0.3958914666879268,1.283518553399887,3.3425880506229766,0.151529265641981,0.701639344424046,2004-04-21,0.44,bmo,30166425000.0,2025-04-25,2004-03-31,1.181818181818182,14.503870967741936,11294653.532258064
2003-12-31,F,USD,37996,2004-03-12,2004-03-12 17:27:39,2003,Q4,45750000000.0,38616000000.0,7134000000.0,0.1559344262,0,0.0,0.0,4590000000.0,0.0,6430000000.0,45046000000.0,0.0,0.0,1840000000.0,2544000000.0,0.0556065574,704000000.0,0.0153879781,-1812000000.0,-1108000000.0,-0.0242185792,-537000000.0,-793000000.0,-0.0173333333,-0.43,-0.43,1831000000,1831000000,https://www.sec.gov/Archives/edgar/data/37996/000095012404000885/0000950124-04-000885-index.htm,https://www.sec.gov/Archives/edgar/data/37996/000095012404000885/k83502e10vk.htm,24.98634625887493,-0.4330966684871655,0.3560895685417804,-0.6870562534134352,21.468596395412344,6.723102129983616,2.756963407973785,6.363189513926816,98.199890770071,29296000000.0,187330000000.0,-9.235813366960908,0.6403497267759563,44.93251533742332,-23.28775834658187,2.5144622779160586,2.5144622779160586,4.094644808743169,73.63600628930817,287.31595092024537,-148.91096979332272,-0.0270685417804478,-0.0429410158383397,15.432495064801303,0.5691440871106609,62.12028301886792,2.092261326074276,0.0,-1.776566757493188,0.0062807209175314,-0.23203026481715,0.0,0.0,0.0229868321093947,2.9294478527607364,0.0417486338797814,1.0380434782608696,0.0,,0.0015528756507812,-0.0025691866078313,-95.67708902239214,89880000000.0,5048000000.0,-131442000000.0,139135000000.0,112314500000.0,20574500000.0,9633000000.0,221.70688524590165,47.56137352392791,21.39760720944686,0.4059413847259563,1.892291860636056,4.206077769306176,-0.0680628272251308,1.0431458219552157,2004-01-22,0.28,bmo,40848214285.0,2025-04-25,2003-12-31,0.107142857142857,13.00296875,11615562.765625
2003-09-30,F,USD,37996,2003-11-13,2003-11-13 11:33:26,2003,Q3,36888000000.0,28437000000.0,8451000000.0,0.2290988939,0,0.0,0.0,4408000000.0,0.0,6503000000.0,34940000000.0,0.0,0.0,2095000000.0,4043000000.0,0.1096020386,1948000000.0,0.0528085014,-1508000000.0,423000000.0,0.0114671438,141000000.0,-25000000.0,-0.0006777272,-0.0137,-0.0137,1831000000,1831000000,https://www.sec.gov/Archives/edgar/data/37996/000003799603000207/0000037996-03-000207-index.htm,https://www.sec.gov/Archives/edgar/data/37996/000003799603000207/e111303body.txt,20.14636810486073,-0.0136537411250682,3.1245221190606225,1.8651010376843256,26.421627525942107,4.794647733478973,0.9426542872747132,4.472965592572365,98.43582741671216,19719870000.0,172068870000.0,-197.1987,0.5345876707872479,3.446927110644992,5.774486090775988,2.407798534798535,2.407798534798535,4.664629960962915,42.55970071728914,30.07671211326691,50.38619912152269,-0.0012677568361251,0.1731755838147006,22.006837606837607,0.5807919362738779,37.68216670789018,2.0344456203114905,0.0,-228.84,0.0092799800404363,-7.32,0.0,0.0,0.0227275656724497,0.4030763852473343,0.0625135545434829,1.1007159904534607,0.0,,0.0063800554488391,-8.24334350012365e-05,-89.66821409066084,110455000000.0,1726000000.0,-84317000000.0,159585000000.0,111842500000.0,21287000000.0,9266500000.0,273.0839297332466,65.64616520730034,31.917923831627807,0.3295690086484168,1.3709864043968758,2.819732275656916,-0.003052503052503,1.2594210813762972,2003-10-16,-0.11,bmo,111670036363.0,2025-04-25,2003-09-30,-2.363636363636364,11.15015625,8414768.890625
2003-06-30,F,USD,37996,2003-08-01,2003-08-01 12:48:46,2003,Q2,40670000000.0,31684000000.0,8986000000.0,0.2209491025,0,0.0,0.0,6647000000.0,0.0,6647000000.0,38331000000.0,0.0,0.0,0.0,2339000000.0,0.0575116794,2339000000.0,0.0575116794,-1621000000.0,718000000.0,0.0176542906,195000000.0,417000000.0,0.0102532579,0.23,0.22,1832000000,1895454545,https://www.sec.gov/Archives/edgar/data/37996/000003799603000085/0000037996-03-000085-index.htm,https://www.sec.gov/Archives/edgar/data/37996/000003799603000085/e080103.txt,22.199781659388645,0.2276200873362445,3.284388646288209,2.1724890829694323,20.750545851528383,7.507096069868996,3.724344978165939,4.412663755458516,92.48799126637554,20133680000.0,171887680000.0,12.070551558752998,0.4950499139414802,3.3461326242313447,5.058713567839196,2.490559129143988,2.490559129143988,4.226399803294812,73.48767849508337,28.567006814026925,43.187859296482415,0.0207115639068466,0.1976787154658264,20.959673428995547,0.5533771624715453,64.87986318939718,1.959694366612594,0.0,14.533816425120772,0.0090892474699111,0.4388489208633093,0.0,0.0,0.0226330795685018,0.338540801063653,0.0500860585197934,0.0,0.0,4.753866369763283,0.0086181921838885,0.001393441801249,-90.81836790393012,104123000000.0,6823000000.0,-79817000000.0,150687000000.0,103409000000.0,21156000000.0,8200500000.0,247.31079419719697,62.0148971089509,23.996970079535416,0.3639145646357722,1.4512641993404178,3.750473484848485,0.051583374567046,1.1118995633187774,2003-07-16,0.18,bmo,31632222222.0,2025-04-25,2003-06-30,0.2222222222222222,10.01936507936508,12620922.873015871
2003-03-31,F,USD,37996,2003-05-08,2003-05-08 16:10:21,2003,Q1,40888000000.0,31084000000.0,9804000000.0,0.2397769517,0,0.0,0.0,4112000000.0,0.0,9001000000.0,40085000000.0,0.0,0.0,2567000000.0,3370000000.0,0.08242027,803000000.0,0.0196390139,531000000.0,1337000000.0,0.0326990804,336000000.0,896000000.0,0.0219135199,0.49,0.45,1832000000,1991111111,https://www.sec.gov/Archives/edgar/data/37996/000003799603000024/0000037996-03-000024-index.htm,https://www.sec.gov/Archives/edgar/data/37996/000003799603000024/e050903fs.txt,22.31877729257642,0.4890829694323144,4.260371179039302,3.4437772925764194,20.29203056768559,6.7696506550218345,3.0982532751091703,3.6746724890829694,86.79585152838428,13776640000.0,153549640000.0,3.843928571428571,0.3369360203482684,1.7651044202434334,2.18364875574576,2.046440879382056,2.046440879382056,3.755371747211896,45.563691394658754,19.6732402306214,24.33818988746236,0.0650376289138716,0.4579491080553749,23.62002376708259,0.5495914614757158,41.47566765578635,1.8928498931882112,0.0,8.681868743047831,0.0132833550125429,0.2042410714285714,0.0,0.0,0.0232472936915015,0.1916720051249199,0.0365877519076501,0.5827814569536424,0.0,6.359044266607088,0.003234495714122,0.003170581532778,-89.77879366812228,92368000000.0,5676000000.0,-81101000000.0,137245000000.0,97078000000.0,19708000000.0,7466500000.0,209.2420759146938,59.2973877235877,23.026959207309226,0.4301238152344284,1.5177734375,3.9084622155161575,0.1330956625074272,0.8165938864628821,2003-04-16,0.22,bmo,34930490607.0,2025-04-25,2003-03-31,1.0454545454545454,8.680819672131147,10795606.655737706
2002-12-31,F,USD,37996,2003-03-14,2003-03-14 17:04:13,2002,Q4,41684000000.0,28097000000.0,13587000000.0,0.3259524038,0,0.0,0.0,18696000000.0,0.0,3424000000.0,31521000000.0,0.0,0.0,0.0,10163000000.0,0.2438105748,10163000000.0,0.2438105748,-9969000000.0,194000000.0,0.0046540639,-22000000.0,-130000000.0,-0.0031187026,-0.0714,-0.0714,1822000000,1822000000,https://www.sec.gov/Archives/edgar/data/37996/000003799603000013/0000037996-03-000013-index.htm,https://www.sec.gov/Archives/edgar/data/37996/000003799603000013/e10k.txt,22.8781558726674,-0.0713501646542261,0.1882546652030735,-0.1042810098792535,16.751372118551043,6.180021953896817,2.548298572996707,3.0680570801317235,89.0351262349067,16944600000.000002,166916600000.0,-32.58576923076923,0.4065012954610882,49.40116618075802,-89.18210526315791,3.0312343470483007,3.0312343470483007,4.004332597639382,16.42394962117485,486.6373177842565,-878.5084210526315,-0.0076720607155081,-0.0112130118149735,29.020035778175316,0.5606292572842544,14.756666338679524,1.9360107628681047,0.0,0.3024691358024691,0.0110949801116579,-1.446153846153846,0.0,0.0,0.0228679451335201,1.553935860058309,0.0127866807408118,0.0,0.0,,0.0598665965898417,-0.0004597863761759,-93.17494511525796,93924000000.0,4643000000.0,-83828000000.0,138476000000.0,103810000000.0,17690000000.0,7242000000.0,213.9561942232031,60.65558600562338,22.358258888849345,0.4206468540289621,1.4837874947190537,4.025358166189112,-0.0232558139534883,0.2925356750823271,2003-01-21,0.06,bmo,41683999999.0,2025-04-25,2002-12-31,0.3333333333333334,9.235,12860030.03125
2002-09-30,F,USD,37996,2002-11-14,2002-11-13 18:24:45,2002,Q3,39580000000.0,31941000000.0,7639000000.0,0.1930015159,0,0.0,0.0,3269000000.0,0.0,8381000000.0,40322000000.0,0.0,0.0,2655000000.0,1788000000.0,0.0451743305,-742000000.0,-0.0187468418,600000000.0,-142000000.0,-0.0035876705,68000000.0,-326000000.0,-0.0082364831,-0.18,-0.18,1821000000,1821000000,https://www.sec.gov/Archives/edgar/data/37996/000095012402003511/0000950124-02-003511-index.htm,https://www.sec.gov/Archives/edgar/data/37996/000095012402003511/k72915e10vq.htm,21.735310269082923,-0.1790225151015925,2.973640856672158,2.088962108731466,18.05875892366831,5.475013728720484,1.9110378912685333,5.475013728720484,89.07523338824822,17845800000.0,163978800000.0,-13.685429447852762,0.4508792319353208,3.295623268698061,4.691324921135647,1.789949849548646,1.789949849548646,4.142971197574533,91.71073825503356,30.28232686980609,43.106940063091486,-0.0182676035817951,0.2131593988501496,16.269408224674024,0.5677573364695341,81.72986577181209,3.4266346281028173,0.0,-16.61042944785276,0.0104226204485088,-0.5705521472392638,0.0,0.0,0.0227164538530465,0.2975069252077562,0.0407023749368367,0.6067796610169491,0.0,,-0.0045618618860743,-0.0011675966848849,-86.59816035145525,110077000000.0,3480000000.0,-120287000000.0,151739000000.0,56410000000.0,16878000000.0,7513000000.0,246.77235977766549,46.33417864187095,21.1439842209073,0.3647085924902096,1.9424106056920456,4.2565298507462686,-0.0326980942828485,0.8846787479406919,2002-10-16,0.03562,bmo,13112666666.0,2025-04-25,2002-09-30,2.3688938798427848,11.9684375,10500364.53125
2002-06-30,F,USD,37996,2002-08-12,2002-08-12 17:06:47,2002,Q2,42332000000.0,32320000000.0,10012000000.0,0.2365113862,0,0.0,0.0,4343000000.0,0.0,6990000000.0,39310000000.0,0.0,0.0,2647000000.0,5669000000.0,0.1339176037,3022000000.0,0.0713880752,-2075000000.0,947000000.0,0.0223707833,282000000.0,570000000.0,0.013464991,0.31,0.29,1813000000,1955172414,https://www.sec.gov/Archives/edgar/data/37996/000003799602000044/0000037996-02-000044-index.htm,https://www.sec.gov/Archives/edgar/data/37996/000003799602000044/e081202.txt,23.34914506343078,0.314396028681743,3.9536679536679538,2.507446221731936,15.822393822393822,8.640375068946497,4.842801985659128,5.512410369553226,90.90678433535577,28137760000.0,179848760000.0,12.341122807017545,0.6646924312576774,3.92546875,6.189564452265728,2.815465279167501,2.815465279167501,4.248529717471416,31.72495325454225,25.0905078125,39.56197976242851,0.0202574760748545,0.1615622565548927,16.49129477686612,0.5677544257314212,26.76150996648439,1.047462648119526,0.0,-1.0709696698042732,0.0065747948664001,0.3245614035087719,0.0,0.0,0.0237175799456407,0.3657924107142857,0.0619389587073608,0.9905553456743484,0.0,6.24454148794456,0.0086989906568451,0.002011248879699,-131.80239933811362,2211000000.0,8780000000.0,-225831000000.0,44258000000.0,3982500000.0,16751500000.0,7295000000.0,9.131389965038268,48.20792079207921,20.94616336633663,9.856111757857974,1.866913123844732,4.2967295931933,0.0570342205323193,1.4462217319360176,2002-07-17,0.26,bmo,35399419354.0,2025-04-25,2002-06-30,0.1923076923076922,16.278125,7664116.328125
2002-03-31,F,USD,37996,2002-05-10,2002-05-10 13:19:59,2002,Q1,39857000000.0,30074000000.0,9783000000.0,0.2454524927,0,0.0,0.0,4856000000.0,0.0,9872000000.0,39946000000.0,0.0,0.0,2666000000.0,2577000000.0,0.0646561457,-89000000.0,-0.0022329829,43000000.0,-46000000.0,-0.001154126,-26000000.0,-800000000.0,-0.0200717565,-0.44,-0.44,1807000000,1807000000,https://www.sec.gov/Archives/edgar/data/37996/000003799602000025/0000037996-02-000025-index.htm,https://www.sec.gov/Archives/edgar/data/37996/000003799602000025/e050902.txt,22.05700055340343,-0.4427227448810182,3.158273381294964,1.7681239623685667,15.192584394023244,7.244604316546763,3.4432761483121195,4.105700055340344,88.11123408965136,28424110000.0,171621110000.0,-8.882534375,0.7131522693629726,4.980569476082005,8.896435054773082,3.831258929774902,3.831258929774902,4.3059214190731865,66.59724873884362,30.07203609602243,53.715527386541474,-0.0281451204628746,0.1124045748486056,21.46070899042998,0.5776098502437892,55.56732634846721,1.054617967148104,0.0,0.9251094180580322,0.0064733777064611,-0.23,0.0,0.0,0.0249194625029022,0.4401612055370597,0.0630253155029229,0.9422355588897224,0.0,,-0.0001671504011797,-0.002976423009238,-126.6283895960155,2424000000.0,6222000000.0,-215752000000.0,42830000000.0,3411000000.0,15934000000.0,6629500000.0,8.287126477155832,48.45348141251579,21.151825497107133,10.860217983651228,1.8574516706812427,4.254951895868704,-0.1078312441029788,1.3901494189263974,2002-04-17,-0.15,bmo,98652500000.0,2025-04-25,2002-03-31,-0.6,15.548833333333333,12159837.683333334
2001-12-31,F,USD,37996,2002-03-28,2002-03-28 00:00:00,2001,Q4,41150000000.0,43133000000.0,-1983000000.0,-0.0481895504,0,0.0,0.0,26000000.0,0.0,13639000000.0,56772000000.0,0.0,0.0,2691000000.0,-12931000000.0,-0.3142405832,-15622000000.0,-0.37963548,8421000000.0,-7201000000.0,-0.1749939247,-2153000000.0,-5068000000.0,-0.1231591738,-2.8,-2.8,1811000000,1812000000,https://www.sec.gov/Archives/edgar/data/37996/000003799602000015/0000037996-02-000015-index.htm,https://www.sec.gov/Archives/edgar/data/37996/000003799602000015/v7.txt,22.722252898950856,-2.7984538928768634,0.0165654334621755,-1.161789066813915,10.031474323578134,4.670347874102705,4.670347874102705,4.299282164549973,92.40033130866924,28468920000.0,188587920000.0,-1.4043468823993688,0.6918328068043742,948.964,-13.530855513307984,3.6564243513999486,3.6564243513999486,4.582938517618469,-14.584171371123656,6286.264,-89.63304182509506,-0.1780186954756274,-0.0739051569220047,21.492036989468275,0.6051030038728155,-12.382569020184054,0.8139900327751088,0.0,-0.0059194948697711,0.0096596569170871,-0.0542620363062352,0.0,0.0,0.0,71.13333333333334,0.0518590522478736,0.7930137495354886,0.0,,-0.0471428493995689,-0.0183262639083252,-134.98536720044174,-8286000000.0,8458000000.0,-231825000000.0,24835000000.0,3857000000.0,15467500000.0,6650500000.0,6.893803159173755,32.71114923608374,12.917951452484177,13.055203045685278,2.7513554889328318,6.967048942012599,-0.6509118931415361,1.1783545002760905,2002-01-17,-0.5,bmo,42796000000.0,2025-04-25,2001-12-31,-0.04,16.80703125,5962528.609375
2001-09-30,F,USD,37996,2001-11-14,2001-11-14 00:00:00,2001,Q3,36502000000.0,27296000000.0,9206000000.0,0.2522053586,0,0.0,0.0,4697000000.0,0.0,7377000000.0,34673000000.0,0.0,0.0,2680000000.0,4509000000.0,0.1235274779,1829000000.0,0.0501068435,-2806000000.0,-977000000.0,-0.0267656567,-285000000.0,-692000000.0,-0.0189578653,-0.38,-0.38,1812000000,1812000000,https://www.sec.gov/Archives/edgar/data/37996/000003799601500060/0000037996-01-500060-index.htm,https://www.sec.gov/Archives/edgar/data/37996/000003799601500060/e111401.txt,20.14459161147903,-0.3818984547461369,4.135761589403973,3.5242825607064017,9.665011037527591,7.746688741721854,7.746688741721854,7.375827814569536,91.8167770419426,31238880000.0,186972880000.0,-11.2857225433526,0.8558128321735794,4.168518815052042,4.891775759473848,2.337364758698092,2.337364758698092,5.12226398553504,41.4665956974939,24.94967707499333,29.27855934857501,-0.022151882525878,0.2044247425003713,12.44833520389076,0.5994804109149741,34.53847859835884,0.8890371782650143,0.0,-10.829479768786127,0.0175102308405423,-0.7904624277456648,0.0,0.0,0.0,0.1478516146250333,0.0303545011232261,0.4134328358208955,0.0,,0.0054927439655645,-0.0024934510876419,-131.89873068432672,-4656000000.0,14037000000.0,-226186000000.0,31169000000.0,4712000000.0,15423000000.0,7165000000.0,11.248150786258288,50.30847010550996,23.44299531066823,8.001315212626041,1.7889631668632848,3.839099859353024,-0.0517770295548073,0.6114790286975718,2001-10-17,-0.27,bmo,35026714285.0,2025-04-25,2001-09-30,0.037037037037037,22.117457627118647,5846956.254237288
2001-06-30,F,USD,37996,2001-07-26,2001-07-26 00:00:00,2001,Q2,42314000000.0,33648000000.0,8666000000.0,0.2048021931,0,0.0,0.0,4250000000.0,0.0,10098000000.0,43746000000.0,0.0,0.0,2674000000.0,1242000000.0,0.0293519875,-1432000000.0,-0.0338422272,-2758000000.0,-1016000000.0,-0.0240109656,-284000000.0,-752000000.0,-0.0177718958,-0.41,-0.41,1819000000,1819000000,https://www.sec.gov/Archives/edgar/data/37996/000003799601500028/0000037996-01-500028-index.htm,https://www.sec.gov/Archives/edgar/data/37996/000003799601500028/e072401.txt,23.26223199560198,-0.4134139637163276,4.725673446948873,3.3117097306212204,10.318856514568443,7.933479934029687,7.933479934029687,7.563496426608026,95.74656404617922,44656450000.0,212233450000.0,-14.845894281914894,1.055358746514156,5.195026756630991,7.413089309428951,3.2458533217037364,3.2458533217037364,5.015679207827197,170.88039452495974,24.68979176361098,35.231316401062415,-0.0168396726564695,0.1348965267055487,12.659034743422009,0.6015037334309574,134.92512077294683,0.8767483106211975,0.0,-11.430851063829786,0.0123162499482157,-0.7313829787234043,0.0,0.0,0.0,0.2992089343880875,0.0607836649808573,0.9618548990276738,0.0,,-0.0042071554972416,-0.0025971693616903,-136.9370533260033,-5490000000.0,14431000000.0,-236062000000.0,29931000000.0,5734500000.0,15691000000.0,7442000000.0,10.341258212411969,41.69400855920114,19.31169757489301,8.703002879473468,2.1585835257890684,4.660387811634349,-0.0546591074284052,1.4139637163276526,2001-07-18,-0.34,bmo,47441333333.0,2025-04-25,2001-06-30,-0.1176470588235295,26.93111111111111,6005836.825396826
2001-03-31,F,USD,37996,2001-05-14,2001-05-14 00:00:00,2001,Q1,42361000000.0,30730000000.0,11631000000.0,0.274568589,0,0.0,0.0,4629000000.0,0.0,7148000000.0,37878000000.0,0.0,0.0,2519000000.0,7002000000.0,0.1652935483,4483000000.0,0.1058284743,301000000.0,1630000000.0,0.0384787895,571000000.0,1059000000.0,0.0249994098,0.58,0.56,1828000000,1828000000,https://www.sec.gov/Archives/edgar/data/37996/000003799601500010/0000037996-01-500010-index.htm,https://www.sec.gov/Archives/edgar/data/37996/000003799601500010/e051001.txt,23.173413566739605,0.5793216630196937,3.634573304157549,2.2089715536105032,9.7691466083151,9.158643326039387,9.158643326039387,8.790481400437637,91.55634573304158,51403360000.0,213386360000.0,12.134881964117092,1.2134595500578362,7.736809151113786,12.729905894006937,3.1989146804406,3.1989146804406,5.037330563490003,30.47505855469866,32.117152317880794,52.8445666171372,0.0206017661102309,0.0785551761596907,10.415396104300203,0.5880978400278298,23.13381890888317,0.926325904910081,0.0,6.2738432483474975,0.01083586753862,0.5259678942398489,0.0,0.0,0.0,0.3922335942203492,0.0615188498855079,1.03453751488686,0.0,10.704280304252938,0.0120788572414289,0.0037211819232782,-131.9473468271335,-3220000000.0,16742000000.0,-227359000000.0,32913000000.0,6439500000.0,15434500000.0,7589000000.0,14.037204032010576,46.25642694435405,22.44581841848357,6.411533222339942,1.945675573002406,4.009655532359082,0.0659032920530213,1.425601750547046,2001-04-19,0.53,bmo,37493966666.0,2025-04-25,2001-03-31,0.1320754716981131,27.88274193548387,5609348.822580645
2000-12-31,F,USD,37996,2001-03-22,2001-03-22 00:00:00,2000,Q4,42587000000.0,40867000000.0,1720000000.0,0.0403879118,0,0.0,0.0,-2241000000.0,0.0,134000000.0,41001000000.0,0.0,0.0,7816000000.0,10756000000.0,0.2525653368,1586000000.0,0.0372414117,116000000.0,1702000000.0,0.0399652476,506000000.0,1077000000.0,0.0252894076,0.65,0.65,1649000000,1649000000,https://www.sec.gov/Archives/edgar/data/37996/000003799601000014/0000037996-01-000014-index.htm,https://www.sec.gov/Archives/edgar/data/37996/000003799601000014/0000037996-01-000014-0001.txt,25.82595512431777,0.6531231049120679,4.3565797453001815,2.8259551243177685,10.895694360218316,11.285627653123106,-66.21649484536083,11.285627653123106,100.39781685870224,38652560000.0,199357560000.0,8.972274837511607,0.9076140606288304,5.380367483296214,8.294540772532189,2.07697796883396,2.07697796883396,4.681183459741235,18.534544440312384,27.75021714922049,42.78059227467811,0.0278636136907878,0.1205612254401778,8.896077377753896,0.5820807886900053,14.940963183339532,0.8084485027969727,0.0,2.3788079470198675,0.0146432733045366,0.5255338904363974,0.0,0.0,0.4493374258581469,0.3513363028953229,0.0592669124380679,0.3229273285568065,0.0,12.878095507799602,0.0047209200779691,0.0068765164091431,-145.16858702243783,-9314000000.0,-109191000000.0,-226501000000.0,155995000000.0,6423500000.0,14770000000.0,7851500000.0,13.25474910183859,33.19915824503878,16.54782587417721,6.790019132653061,2.7109121061359867,5.4387809422411495,0.0578721117678667,1.5306246209824137,2001-01-18,0.64,bmo,42587000000.0,2025-04-25,2000-12-31,0.0,24.65,5113497.126984127
2000-09-30,F,USD,37996,2000-10-30,2000-10-30 00:00:00,2000,Q3,40064000000.0,29679000000.0,10385000000.0,0.2592102636,0,0.0,0.0,4077000000.0,0.0,6504000000.0,36183000000.0,0.0,0.0,2427000000.0,6308000000.0,0.1574480831,3881000000.0,0.096870008,-2544000000.0,1337000000.0,0.0333716054,449000000.0,888000000.0,0.0221645367,0.54,0.53,1649000000,1649000000,https://www.sec.gov/Archives/edgar/data/37996/000003799600000109/0000037996-00-000109-index.htm,https://www.sec.gov/Archives/edgar/data/37996/000003799600000109/0000037996-00-000109-0001.txt,24.29593693147362,0.5385081867798666,4.520315342631898,1.782292298362644,12.679805942995754,11.489993935718616,11.489993935718616,11.081261370527592,98.09945421467556,41736190000.0,197840190000.0,11.750053490990991,1.0417379692492013,5.599166890260263,14.200813201769307,2.284036009412795,2.284036009412795,4.938103783945687,31.36337824984147,26.541479742420176,67.31547805375978,0.0212764988850204,0.0704185025034628,8.852733541290428,0.5730591423561294,24.746987951807228,1.0169953051643192,0.0,8.394144144144144,0.0145437329090173,0.6835585585585585,0.0,0.0,0.0,0.6057150523209015,0.1126946884984025,1.860321384425216,0.0,11.587293656295389,0.0107216551395681,0.0031457569477655,-141.54229836264403,724000000.0,18947000000.0,-220014000000.0,36324000000.0,6170500000.0,14652500000.0,7220000000.0,14.770117811501596,43.86434852926311,24.83270999696755,6.093384030418251,2.051780159004493,3.624252045426792,0.0485962896076178,2.738023044269254,2000-10-18,0.49,bmo,39253900000.0,2025-04-25,2000-09-30,0.0204081632653061,26.725079365079367,7561911.53968254
2000-06-30,F,USD,37996,2000-07-31,2000-07-31 00:00:00,2000,Q2,44519000000.0,33515000000.0,11004000000.0,0.2471753633,0,0.0,0.0,4118000000.0,0.0,6516000000.0,40031000000.0,0.0,0.0,2398000000.0,6886000000.0,0.1546755318,4488000000.0,0.1008108897,-2247000000.0,2241000000.0,0.0503380579,728000000.0,-577000000.0,-0.0129607583,-0.3,-0.3,1893055000,1938680851,https://www.sec.gov/Archives/edgar/data/37996/000003799600000076/0000037996-00-000076-index.htm,https://www.sec.gov/Archives/edgar/data/37996/000003799600000076/0000037996-00-000076-0001.txt,23.51701350462612,-0.3047983286275359,5.412415381486539,4.561938242681802,14.38521331921154,13.37362094603696,13.37362094603696,13.017582690413116,84.44921040328992,46663805750.0,197866805750.0,-20.218286720103983,1.0481773119342304,4.5543437195002925,5.40340501968504,1.8935927342450187,1.8935927342450187,4.444547401109639,28.73465084954981,19.31161484969744,22.911858007179248,-0.0123650437577093,0.1850684885469291,6.487318914093252,0.5617647058823529,21.95803078710427,1.0904108955534488,0.0,-17.75736568457539,0.020808418524672,-1.682842287694974,0.0,0.0,0.0,0.1571344915088815,0.0361643343291628,0.6713928273561302,0.0,,0.0125107903554873,-0.0020275493710028,-118.6341654098798,3910000000.0,25317000000.0,-212106000000.0,38587000000.0,5989500000.0,14705000000.0,6404000000.0,11.656596060109166,39.85081306877517,16.786215127554826,7.720950398890045,2.258423180592992,5.36154215325548,-0.0234143570182201,0.8504771388047363,2000-07-19,2.0,bmo,42994202898.0,2025-04-25,2000-06-30,0.0349999999999999,27.77206349206349,6932315.698412699
2000-03-31,F,USD,37996,2000-04-28,2000-04-28 00:00:00,2000,Q1,42894000000.0,31578000000.0,11316000000.0,0.2638131207,0,0.0,0.0,3930000000.0,0.0,6138000000.0,37716000000.0,0.0,0.0,2208000000.0,7386000000.0,0.172191915,5178000000.0,0.1207161841,-2224000000.0,2954000000.0,0.0688674407,1022000000.0,2079000000.0,0.0484683172,1.1,1.08,1894626000,1921240588,https://www.sec.gov/Archives/edgar/data/37996/000003799600000029/0000037996-00-000029-index.html,https://www.sec.gov/Archives/edgar/data/37996/000003799600000029/,22.63982442972914,1.0973141928802834,4.68694085270655,3.733718422527718,13.053235836518658,15.35606499646896,15.35606499646896,14.999794154624713,81.65411009877411,47971930320.0,196917930320.0,5.76863038961039,1.11838323122115,5.402244405405406,6.781443358778626,1.6880231647841233,1.6880231647841233,4.5908036163566,26.66097079880856,22.175442603603603,27.8368575515974,0.0433378433207062,0.1474612331172084,5.443682043703157,0.562510908138926,20.16598971026266,1.122526674347543,0.0,4.271284271284271,0.0126532327540494,0.291967291967292,0.0,0.0,0.0,0.2033783783783783,0.0421037907399636,0.8179347826086957,0.0,19.244179843875635,0.0143373732211687,0.0075593402757577,-112.56086953308991,4892000000.0,29094000000.0,-201112000000.0,40723000000.0,6892000000.0,14431000000.0,6496000000.0,13.036088963491398,41.52574577237317,18.68801064031921,6.903911154031869,2.1673301304049417,4.815921915510142,0.0731552834371371,0.953222430178832,2000-04-17,1.57,bmo,39623105882.0,2025-04-25,2000-03-31,0.0828025477707005,25.78174603174603,7215386.619047619
1999-12-31,F,USD,37996,2000-03-16,2000-03-16 00:00:00,1999,Q4,44418000000.0,37210000000.0,7208000000.0,0.1622765545,0,0.0,0.0,1716000000.0,0.0,4089000000.0,41299000000.0,0.0,0.0,8312000000.0,13006000000.0,0.2928092215,3119000000.0,0.0702192805,-296000000.0,2823000000.0,0.0635553154,898000000.0,1806000000.0,0.0406591922,1.46,1.46,1218619154,1233333333,https://www.sec.gov/Archives/edgar/data/37996/000003799600000019/0000037996-00-000019-index.html,https://www.sec.gov/Archives/edgar/data/37996/000003799600000019/,36.44945170458071,1.4820052631472096,9.346644489062411,8.016450396281888,20.656986981840923,22.59688755885089,-71.88135826724417,22.59688755885089,124.78303783496906,35803030744.52,181636030744.52,4.956122749795127,0.8060477901868611,3.1433740776575942,3.664963736771419,1.3001790588851363,1.3001790588851363,4.089243791807825,13.96555672339843,15.946973726472343,18.59310377157539,0.050442657016583,0.2728539957890364,5.522133856266115,0.550496146313385,11.212747962478856,1.0164215304510358,0.0,6.306755260243633,0.0168980107945917,0.3349944629014396,0.0,0.0,0.4168027252750435,0.1423178226514486,0.0364942140573641,0.195019249278152,0.0,27.449879627999486,0.0091323887330667,0.0112107066593832,-176.12003659676597,738000000.0,-87596000000.0,-203013000000.0,158188000000.0,5596500000.0,17878000000.0,6826500000.0,15.34040253951101,34.568126847621606,15.56436441816716,5.866860388323867,2.603554436048139,5.782439782439782,0.0655844863274866,1.3301940927805245,2000-01-26,1.45,bmo,43805337931.0,2025-04-25,1999-12-31,0.0137931034482758,28.73203125,4610795.65625
1999-09-30,F,USD,37996,1999-11-12,1999-11-12 00:00:00,1999,Q3,37973000000.0,29276000000.0,8697000000.0,0.2290311537,0,0.0,0.0,2641000000.0,0.0,4974000000.0,34250000000.0,0.0,0.0,2333000000.0,5783000000.0,0.1522924183,3723000000.0,0.0980433466,-2018000000.0,1683000000.0,0.0443209649,569000000.0,1114000000.0,0.0293366339,0.92,0.9,1206521739,1233333333,https://www.sec.gov/Archives/edgar/data/37996/000003799699000041/0000037996-99-000041-index.html,https://www.sec.gov/Archives/edgar/data/37996/000003799699000041/,31.473117120519618,0.9233153154151332,3.2100540544010867,0.8851891892848853,22.330306308720395,22.87236036283305,22.87236036283305,22.312900903313107,120.0077837967576,33408586952.91,172922586952.91,7.49743872372307,0.8797984608250599,8.626022967443843,31.2814484577809,1.2409861057505294,1.2409861057505294,4.553830009557053,29.901882578749785,44.64822797648077,161.912534600103,0.0333447206722691,0.0319678291543837,5.378403476839642,0.5415011780545271,24.12484869444925,1.015345666126274,0.0,3.476660682226212,0.0430727585703728,1.291741472172352,0.0,0.0,0.0,0.7242447714949651,0.0738682748268506,1.2023146163737677,0.0,21.53001325001464,0.0110116762603468,0.0041661991847114,-171.17511713562254,691000000.0,27596000000.0,-194074000000.0,42047000000.0,3958000000.0,19454000000.0,6782500000.0,8.584520580412399,65.98442410165323,22.18950676321902,10.48398674765323,1.3639582556839358,4.055971183153228,0.0413803350544184,2.3248648651162016,1999-10-18,0.84,bmo,34794666666.0,2025-04-25,1999-09-30,0.0714285714285715,28.3775,5253808.34375
1999-06-30,F,USD,37996,1999-07-15,1999-07-15 00:00:00,1999,Q2,42282000000.0,31627000000.0,10655000000.0,0.2519984864,0,0.0,0.0,2869000000.0,0.0,5260000000.0,36887000000.0,0.0,0.0,2391000000.0,7342000000.0,0.1736436309,5395000000.0,0.1275956672,-1415000000.0,3536000000.0,0.0836289674,1198000000.0,2338000000.0,0.0552953976,1.93,1.89,1211142911,1211142911,https://www.sec.gov/Archives/edgar/data/37996/000095012499004159/0000950124-99-004159-index.html,https://www.sec.gov/Archives/edgar/data/37996/000095012499004159/,34.91082647306186,1.9304080292800392,7.216324283963877,3.498348511573792,4.639419468145655,22.225287994935883,22.225287994935883,21.667137512560647,118.59211550964524,37666544532.1,175679544532.1,4.027645908051754,0.8908411270067641,4.309673287425629,8.88990902338919,1.4353534232185048,1.4353534232185048,4.154948785111868,23.92802295452193,20.1006343858238,41.46319200663205,0.0620709977260462,0.112487090404302,5.473363310723268,0.5496718394213659,18.7977390356851,0.9588410566574758,0.0,3.7382378100940974,0.0083894077337171,0.1351582549187339,0.0,0.0,0.0,0.5152173913043478,0.1064992195260394,1.8833124215809285,0.0,30.67726136863655,0.016387140437829,0.0089473986337804,-183.6067387096319,-1851000000.0,26918000000.0,-191266000000.0,37924000000.0,3481000000.0,17918500000.0,5944500000.0,9.140059599829716,49.63986467258988,18.06146646852373,9.846762925011644,1.813058931437744,4.982984086970222,0.0890938190686685,3.717975772390085,1999-07-14,1.95,bmo,40859325000.0,2025-04-25,1999-06-30,0.0256410256410256,32.66619047619047,5741678.380952381
1999-03-31,F,USD,37996,1999-04-19,1999-04-19 00:00:00,1999,Q1,37885000000.0,28612000000.0,9273000000.0,0.2447670582,0,0.0,0.0,2322000000.0,0.0,4479000000.0,33091000000.0,0.0,0.0,2157000000.0,6647000000.0,0.1754520259,4794000000.0,0.1265408473,-1823000000.0,2984000000.0,0.0787646826,1005000000.0,1979000000.0,0.0522370331,1.64,1.61,1206142320,1237145979,https://www.sec.gov/Archives/edgar/data/37996/000003799699000012/0000037996-99-000012-index.html,https://www.sec.gov/Archives/edgar/data/37996/,31.4100578114198,1.6407682304025284,4.81535213854365,0.49082101687635,4.916501064318844,21.07794377035042,21.07794377035042,20.51747923080918,113.05796815088952,37679886076.8,168113886076.8,4.759965396260737,0.9945858803431435,6.487583690909091,63.64845621081081,1.5226041975512183,1.5226041975512183,4.437478845896792,25.291693407070856,28.94522831900826,283.9761589135135,0.0525213902177505,0.0157113001560931,5.510324483775811,0.5531761260146606,19.62298781405145,0.9665161866595852,0.0,2.934815563415867,0.0149151194049397,0.2839818089944416,0.0,0.0,0.0,0.8980716253443526,0.1376798205094364,2.4181733889661565,0.0,27.521802848319123,0.0153899713613294,0.0080280393167039,-174.42883523065504,-1387000000.0,25423000000.0,-181052000000.0,35495000000.0,2636000000.0,15880500000.0,5599000000.0,6.3381285469183055,57.85579477142458,17.432545784985322,14.199775112443778,1.5555918012287284,5.162757127390834,0.0799692892067725,4.324531121667301,1999-04-15,1.41,bmo,36263075342.0,2025-04-25,1999-03-31,0.0354609929078014,32.77049180327869,5449272.770491803
1998-12-31,F,USD,37996,1999-03-17,1999-03-17 00:00:00,1998,Q4,37903000000.0,33109000000.0,4794000000.0,0.1264807535,0,0.0,0.0,707000000.0,0.0,2881000000.0,35990000000.0,0.0,0.0,7914000000.0,20659000000.0,0.5450492045,1913000000.0,0.050470939,15764000000.0,17677000000.0,0.4663746933,530000000.0,1043000000.0,0.0275176107,0.85,0.85,1230864198,1230864198,https://www.sec.gov/Archives/edgar/data/37996/000003799699000009/0000037996-99-000009-index.html,https://www.sec.gov/Archives/edgar/data/37996/,30.79381142256605,0.8473721160260769,3.2960581732673,-0.1413640922229505,20.275185548942257,19.0183450278566,-89.40547639521155,19.0183450278566,107.37009022988904,39806148163.32001,167128148163.32,9.541262742885907,1.0502110166298184,9.811720030396843,-228.77096645586207,1.7004634184851983,1.7004634184851983,4.409364645630161,8.089846951126386,41.19500817434557,-960.50659863977,0.0262019825611031,-0.0043711840514208,5.64560639070443,0.5563493232861142,6.163028220146184,1.0168886167661615,0.0,0.238675138251559,0.0139928133140311,0.5340364333652924,0.0,0.0,0.5618093413879476,1.0428888341138771,0.1116270479909242,0.5346221885266617,0.0,19.042093991084577,0.0093029636238061,0.0100201748486886,-149.81262782655085,662000000.0,-110046000000.0,-174276000000.0,171437000000.0,2808500000.0,16071000000.0,6021500000.0,6.183151729414559,36.33815578845631,15.37467153946057,14.55568356374808,2.476735487731897,5.853783592644978,0.044555512836943,3.4374222654902504,1999-01-21,1.26,bmo,35195642857.0,2025-04-25,1998-12-31,0.0714285714285715,28.97546875,4773467.328125
1998-09-30,F,USD,37996,1998-10-19,1998-10-19 00:00:00,1998,Q3,32640000000.0,25253000000.0,7387000000.0,0.226317402,0,0.0,0.0,1971000000.0,0.0,4191000000.0,29444000000.0,0.0,0.0,2220000000.0,5416000000.0,0.1659313725,3196000000.0,0.0979166667,-1713000000.0,1483000000.0,0.045435049,482000000.0,1001000000.0,0.0306678922,0.81,0.8,1230864198,1246250000,https://www.sec.gov/Archives/edgar/data/37996/000003799698000049/0000037996-98-000049-index.html,https://www.sec.gov/Archives/edgar/data/37996/,26.51795385147761,0.8132497489377785,3.1563189556676017,1.4867602802758586,5.184974922798104,19.819408217119985,19.819408217119985,19.26938815714908,100.4099397811878,31879382728.2,149088382728.2,7.961883798251748,0.9766967747610292,8.205761319999999,17.42042772032787,1.3441007980521122,1.3441007980521122,4.567658784564952,27.52739710638848,38.375388089626775,81.4690616001093,0.0313996042060918,0.0574038718253227,5.210852517075638,0.5408465126863125,21.641248153618907,0.2646071537557542,0.0,3.8811188811188817,0.0162173779965529,0.5164835164835165,0.0,0.0,0.0,0.528957528957529,0.0629595588235294,0.9256756756756755,0.0,18.77747491869413,0.0113878507697889,0.0043804755944931,-156.21849291939515,-113263000000.0,24395000000.0,-163365000000.0,-76783000000.0,2917000000.0,15379500000.0,5969000000.0,8.307904411764705,66.90927810557162,22.762840058606898,10.833056754065716,1.3451049323532545,3.953812431501487,0.0422042330719284,1.6695586753917429,1998-10-14,0.79,bmo,32232000000.0,2025-04-25,1998-09-30,0.0126582278481012,28.54421875,5083323.34375
1998-06-30,F,USD,37996,1998-07-15,1998-07-15 00:00:00,1998,Q2,37289000000.0,27403000000.0,9886000000.0,0.2651183995,0,0.0,0.0,2430000000.0,0.0,4588000000.0,31991000000.0,0.0,0.0,2158000000.0,7456000000.0,0.1999517284,5298000000.0,0.1420794336,-1725000000.0,3573000000.0,0.0958191424,1192000000.0,2381000000.0,0.0638526107,1.96,1.91,1212755102,1244502618,https://www.sec.gov/Archives/edgar/data/37996/000003799698000043/0000037996-98-000043-index.html,https://www.sec.gov/Archives/edgar/data/37996/,30.747345394387796,1.9632982752028032,6.235389146192188,5.245082036356587,5.513891460008882,19.581859487407048,19.581859487407048,19.02280185171301,102.22179217845088,39426668366.02,156709668366.02,4.139717384084419,1.0573270499616507,5.213788464165565,6.198187135044804,1.7090016630264413,1.7090016630264413,4.202570955671109,21.01792762419796,20.72330975482941,24.63601137651627,0.0603905959767088,0.1613374972733493,5.373645426961422,0.5430825641452484,15.7300160944206,0.2612545979250728,0.0,3.1759764804703905,0.0952147405697458,1.5766484670306593,0.0,0.0,0.0,0.158820417878868,0.0322078897261927,0.556533827618165,0.0,28.988226342126197,0.0182503771662119,0.0104305846997647,-159.09621792710462,-111866000000.0,23748000000.0,-164962000000.0,-76019000000.0,2907000000.0,16619000000.0,5945500000.0,6.808710343532946,39.36247856074152,18.231215560340107,13.218362282878411,2.286441385064664,4.9365880021617725,0.1032076289553532,0.9903071098356014,1998-07-15,1.8,bmo,35141465968.0,2025-04-25,1998-06-30,0.061111111111111,27.5631746031746,7132233.619047619
1998-03-31,F,USD,37996,1998-05-12,1998-05-12 00:00:00,1998,Q1,36584000000.0,27167000000.0,9417000000.0,0.2574076099,0,0.0,0.0,2394000000.0,0.0,4431000000.0,31598000000.0,0.0,0.0,2037000000.0,7023000000.0,0.1919691668,4986000000.0,0.1362890881,-2323000000.0,2663000000.0,0.0727913842,972000000.0,17646000000.0,0.4823420074,14.23,14.23,1792711676,1792711676,https://www.sec.gov/Archives/edgar/data/37996/000003799698000029/0000037996-98-000029-index.html,https://www.sec.gov/Archives/edgar/data/37996/,20.40707409326875,9.843189084020892,4.237156538718276,2.6083391225706505,4.589695102761187,12.36952952160055,12.36952952160055,11.99133150511148,67.80398746061383,42702392122.32,156027392122.32,0.6049868542774567,1.1672422950557622,5.621694592195893,9.132248101437126,1.986434950100944,1.986434950100944,4.264907941239887,22.216629947646307,20.540730927109006,33.367705757553466,0.4132321193963431,0.1095020622405814,5.654416895380751,0.5444995923633074,16.136266552755234,0.2521171203275948,0.0,4.492016558249556,0.0121773037564376,0.029468434772753,0.0,0.0,0.0,0.3844128488678252,0.0798163131423573,1.4334806087383407,0.0,51.533884250216914,0.0172938197500383,0.0790456821867244,-104.54567374614456,-115426000000.0,22175000000.0,-162152000000.0,-79988000000.0,3253000000.0,16625000000.0,5904000000.0,7.363054887382462,70.40784775646924,21.00342327088011,12.223187437353824,1.2782665976568013,4.285015772870662,0.8208587244731823,1.628817416147626,1998-04-16,1.34,bmo,40182426229.0,2025-04-25,1998-03-31,-0.0895522388059702,20.04229508196721,8254224.409836066
1997-12-31,F,USD,37996,1998-03-18,1998-03-18 00:00:00,1997,Q4,41064000000.0,33795000000.0,7269000000.0,0.1770163647,0,0.0,0.0,-301000000.0,0.0,1794000000.0,35589000000.0,0.0,0.0,8033000000.0,15542000000.0,0.378482369,5475000000.0,0.1333284629,-2335000000.0,3140000000.0,0.0764660043,1066000000.0,1796000000.0,0.0437366063,1.52,1.52,1182978723,1182978723,https://www.sec.gov/Archives/edgar/data/37996/000003799698000014/0000037996-98-000014-index.html,https://www.sec.gov/Archives/edgar/data/37996/,34.712374112581564,1.5182014393677308,7.006888491603074,4.321294965505478,18.98005396332052,25.980179864993225,-123.14845327949318,25.980179864993225,142.22318350183886,21116170205.550003,181429170205.55,2.939333269146715,0.5142258475927821,2.547493087893594,4.130706221742958,0.6870622179198934,0.6870622179198934,4.418205002083333,11.67347639979089,21.887944288279645,35.49083924208724,0.085053301925363,0.2420893538098306,5.474295568425847,0.6028262575377019,10.314824346930896,1.016785619878403,0.0,4.615256124721603,0.0232996795920259,0.2739420935412027,0.0,0.0,0.6320956513326907,0.3832790445168295,0.0773670368205727,0.3954935889455994,0.0,29.790448057833373,0.0149189335175382,0.0174910645591686,-186.42875456011052,635000000.0,-145682000000.0,-209898000000.0,211645000000.0,3588000000.0,13388500000.0,5894000000.0,7.699444769140853,31.949400798934757,14.561917443408788,11.689154568744662,2.81695423855964,6.18050475493782,0.0584369102622502,2.6855935260975947,1998-01-27,1.21,bmo,32919074380.0,2025-04-25,1997-12-31,0.1983471074380165,16.93921875,7550472.84375
1997-09-30,F,USD,37996,1997-11-05,1997-11-05 00:00:00,1997,Q3,36096000000.0,27408000000.0,8688000000.0,0.2406914894,0,0.0,0.0,2504000000.0,0.0,4515000000.0,31923000000.0,0.0,0.0,2011000000.0,6184000000.0,0.171320922,4173000000.0,0.1156083777,-2453000000.0,1720000000.0,0.0476507092,595000000.0,1125000000.0,0.0311668883,0.94,0.92,1182978723,1208695652,https://www.sec.gov/Archives/edgar/data/37996/000003799697000027/0000037996-97-000027-index.html,https://www.sec.gov/Archives/edgar/data/37996/,30.512805765822723,0.9509892089580718,8.082985614272962,5.760881296932675,6.03899280781908,25.660647490783315,25.660647490783315,25.08667267044329,138.3067986084142,19625617014.57,176095617014.57,4.36124822546,0.5437061451288231,2.052459424238653,2.8797677204064565,0.6613073091811841,0.6613073091811841,4.878535489100455,28.47600533870796,18.41619086117653,25.8394155560631,0.0573230385146517,0.3472502288687568,5.513158338106951,0.5966457955751341,25.302393272962483,1.0639459889672584,0.0,8.499555555555556,0.0275660122990458,0.4808888888888888,0.0,0.0,0.0,0.2872829951892909,0.0761026152482269,1.365987071108901,0.0,23.168642330976933,0.0114024269217283,0.00410250051965,-195.11403334005692,2330000000.0,30356000000.0,-205100000000.0,36612000000.0,3608500000.0,14368000000.0,6228000000.0,9.13314494680851,48.53327495621716,20.75306479859895,9.854217854217854,1.8543978349120431,4.336708860759494,0.0379081443542137,2.3221043173402878,1997-10-15,0.84,bmo,33689599999.0,2025-04-25,1997-09-30,0.0714285714285715,15.5415625,7418901.8125
1997-06-30,F,USD,37996,1997-08-07,1997-08-07 00:00:00,1997,Q2,40265000000.0,30233000000.0,10032000000.0,0.2491493853,0,0.0,0.0,2496000000.0,0.0,4270000000.0,34503000000.0,0.0,0.0,1774000000.0,7536000000.0,0.1871600646,5762000000.0,0.1431019496,-2050000000.0,3712000000.0,0.0921892462,1182000000.0,2530000000.0,0.0628337266,2.11,2.06,1192417062,1221359223,https://www.sec.gov/Archives/edgar/data/37996/000003799697000022/0000037996-97-000022-index.html,https://www.sec.gov/Archives/edgar/data/37996/,33.767547683748255,2.121740857814059,4.25606120687998,2.5687321136302224,4.247674879378739,24.9845468916982,24.9845468916982,24.41511525436391,137.40997610783936,16658066356.14,175443066356.14,1.6460539877608698,0.4137108246899292,3.2823776071211825,5.438480690871695,0.572186526848487,0.572186526848487,4.357210141714641,23.280661671462315,34.570062336185224,57.27818033174666,0.151878372069725,0.1838748828654418,5.62806993439357,0.603685854923807,21.07019639065817,1.0686073727325922,0.0,2.005928853754941,0.0304957363681503,0.2007905138339921,0.0,0.0,0.0,0.3964532019704433,0.0499689556686948,1.1341600901916573,0.0,34.14025952782172,0.016441535692528,0.0093214843634863,-193.5778238637783,2345000000.0,29792000000.0,-205099000000.0,35836000000.0,3727000000.0,13741500000.0,6686500000.0,7.943871849000373,41.54533126054312,18.26613303344028,11.329487900956668,2.166308397821725,4.927151238591916,0.0869027582179782,1.6873290932497576,1997-07-16,1.83,bmo,37214621212.0,2025-04-25,1997-06-30,0.081967213114754,13.22171875,7914719.71875
1997-03-31,F,USD,37996,1997-05-08,1997-05-08 00:00:00,1997,Q1,36202000000.0,27183000000.0,9019000000.0,0.2491298823,0,0.0,0.0,2383000000.0,0.0,4148000000.0,31331000000.0,0.0,0.0,1765000000.0,6636000000.0,0.1833047898,4871000000.0,0.1345505773,-2504000000.0,2367000000.0,0.065383128,898000000.0,1469000000.0,0.0405778686,1.23,1.2,1757724683,1757724683,https://www.sec.gov/Archives/edgar/data/37996/000003799697000010/0000037996-97-000010-index.html,https://www.sec.gov/Archives/edgar/data/37996/,20.595944490130368,0.8357395297497794,2.678462699837959,1.689115496138254,3.298582568746917,15.890998328775249,15.890998328775249,15.504134557345806,89.81554479314323,20266565594.99,172339565594.99,3.449041115553097,0.5598189490909341,4.304708070303738,6.82605779555069,0.7436725963228387,0.7436725963228387,4.760498469559416,25.970398673144967,36.60568513062659,58.04633398281913,0.0724839141153321,0.1464974411221382,5.793006017906943,0.6026599785460972,22.91636528028933,1.02856237943048,0.0,3.204901293396869,0.02363498629084,0.326072157930565,0.0,0.0,0.0,0.3693712829226848,0.0480360201093862,0.9852691218130312,0.0,17.07459832010708,0.0132020180782377,0.0056077905915856,-126.11958069658624,992000000.0,27932000000.0,-198302000000.0,34031000000.0,3516500000.0,12631000000.0,6946500000.0,9.6955969283465,44.78644741198544,23.960931464518268,9.282564102564102,2.009536482590375,3.756114412049192,0.0539043006017906,0.9893472036997047,1997-04-16,0.86,bmo,26741700000.0,2025-04-25,1997-03-31,0.3953488372093023,11.992131147540984,7459569.081967213
1996-12-31,F,USD,37996,1997-03-18,1997-03-18 00:00:00,1996,Q4,38833000000.0,34123000000.0,4710000000.0,0.1212885948,0,0.0,0.0,112000000.0,0.0,1853000000.0,35976000000.0,0.0,0.0,7657000000.0,12108000000.0,0.3117966678,2857000000.0,0.073571447,-887000000.0,1970000000.0,0.0507300492,585000000.0,1204000000.0,0.031004558,1.02,1.02,1175438596,1175438596,https://www.sec.gov/Archives/edgar/data/37996/000003799697000008/0000037996-97-000008-index.html,https://www.sec.gov/Archives/edgar/data/37996/,33.037029864552785,1.0242985078907516,3.4285074641193765,-0.0893283582462864,16.251805976941053,22.767671651305893,-115.3756567646346,22.767671651305893,134.72502990704928,13928947362.6,165022947362.6,2.892223289576412,0.3586884186799887,3.456314482034739,-132.65664154857143,0.5204748285853075,0.5204748285853075,4.249554434697294,13.629249038866863,40.94862217434243,-1571.6471177390476,0.0864386926490085,-0.0075382580798553,5.917382856288768,0.6024377346719063,12.478856954079948,0.9476561468374488,0.0,3.3471760797342194,0.0338862648923023,0.3920265780730897,0.0,0.0,0.61772303103851,1.0260545905707197,0.1064816007004351,0.5400287318793261,0.0,22.906769136284403,0.0088616206564046,0.0119815301329511,-179.78331723931242,-1982000000.0,-135617000000.0,-200222000000.0,193924000000.0,3383500000.0,12670000000.0,7163500000.0,7.261092369891587,30.95126454297688,17.55531459719251,12.394829237152887,2.907797187899446,5.126652644230769,0.0449891637396308,3.517835822365663,1997-01-29,0.98,bmo,34077938775.0,2025-04-25,1996-12-31,0.1224489795918368,11.74015625,6777833.671875
1996-09-30,F,USD,37996,1996-10-30,1996-10-30 00:00:00,1996,Q3,33960000000.0,26485000000.0,7475000000.0,0.2201118963,0,0.0,0.0,2222000000.0,0.0,3990000000.0,30475000000.0,0.0,0.0,1768000000.0,5253000000.0,0.1546819788,3485000000.0,0.1026207303,-2325000000.0,1160000000.0,0.0341578327,474000000.0,686000000.0,0.0202002356,0.57,0.55,1175438596,1218181818,https://www.sec.gov/Archives/edgar/data/37996/000003799696000035/0000037996-96-000035-index.html,https://www.sec.gov/Archives/edgar/data/37996/,28.891343295656085,0.583611940542405,2.399955224883563,1.92268656796769,7.44913433147128,22.24871642720841,22.24871642720841,22.24871642720841,132.38973139861062,13505789468.04,160365789468.04,4.921934937332362,0.3976969808021202,4.787589318695499,5.976013038955752,0.5164342867864791,0.5164342867864791,4.72219639187397,30.528419849236627,56.84714266857143,70.9583139239115,0.0507930322491214,0.1673356456020617,5.950443560721934,0.6019938027319043,27.957357700361698,1.0894033784593269,0.0,4.112244897959184,0.0348739332206066,0.6865889212827988,0.0,0.0,0.0,0.1988656504785537,0.0165194346289752,0.3173076923076923,0.0,17.092509259756675,0.0090695961791237,0.0026537614941528,-184.63916425626712,2985000000.0,26152000000.0,-195976000000.0,35590000000.0,3596500000.0,13856500000.0,7289500000.0,9.630742049469966,46.23182933736077,26.06720785350198,9.345074298293891,1.9467107680999631,3.452613740059966,0.0262312633832976,0.4772686569158734,1996-10-16,0.52,amc,,2025-04-25,1996-09-30,0.0192307692307692,11.916875,6789753.828125
1996-06-30,F,USD,37996,1996-08-01,1996-08-01 00:00:00,1996,Q2,37937000000.0,28976000000.0,8961000000.0,0.2362073965,0,0.0,0.0,2243000000.0,0.0,3918000000.0,32894000000.0,0.0,0.0,1675000000.0,6718000000.0,0.1770830588,5043000000.0,0.1329309118,-2446000000.0,2597000000.0,0.0684555974,694000000.0,1903000000.0,0.0501621109,1.61,1.56,1172049689,1209615385,https://www.sec.gov/Archives/edgar/data/37996/000003799696000027/0000037996-96-000027-index.html,https://www.sec.gov/Archives/edgar/data/37996/,32.368081623201554,1.6236512989680936,5.4536936957456925,2.201271860923637,7.809395869393042,22.046846855142164,22.046846855142164,22.046846855142164,135.39869639434716,14216962727.570002,163757962727.57,1.867703984178928,0.3747518972920896,2.22418065199781,5.510450669600776,0.5501920560205108,0.5501920560205108,4.316576501240742,24.375999215178627,25.61920568328692,63.47207857657752,0.1338541878786557,0.1814733603399535,6.14140866873065,0.6090357145598428,22.25974992557309,1.0390202905510866,0.0,3.3589069889647925,0.0301752215448992,0.2254335260115607,0.0,0.0,0.0,0.5963704630788486,0.1004823786804438,2.275820895522388,0.0,28.37990150663493,0.0161254301285609,0.0073033319773109,-187.23587579911896,1300000000.0,25840000000.0,-200110000000.0,33068000000.0,3578000000.0,13723500000.0,7045000000.0,8.44320847721222,43.81971286581999,21.45637769188293,10.659454903062658,2.053870144598809,4.194557035321367,0.0736455108359133,3.252421834822056,1996-07-17,1.21,amc,,2025-04-25,1996-06-30,0.140495867768595,13.006984126984127,8894368.587301588
1996-03-31,F,USD,37996,1996-05-13,1996-05-13 00:00:00,1996,Q1,36261000000.0,28974000000.0,7287000000.0,0.2009597088,0,0.0,0.0,2048000000.0,0.0,3739000000.0,32713000000.0,0.0,0.0,1691000000.0,5239000000.0,0.1444802956,3548000000.0,0.0978461708,-2482000000.0,1066000000.0,0.0293979758,413000000.0,653000000.0,0.0180083285,0.54,0.54,1724889172,1724889172,https://www.sec.gov/Archives/edgar/data/37996/000003799696000017/0000037996-96-000017-index.html,https://www.sec.gov/Archives/edgar/data/37996/,21.022220203258367,0.3785750473712174,3.4866008191278737,2.38392127839272,4.7191437758066,14.227001014532428,14.227001014532428,14.227001014532428,88.58714083225749,22199323643.64,166862323643.64,8.498975361271055,0.6122093611218664,3.691274300571999,5.398668201274319,0.904617915388753,0.904617915388753,4.601702204672789,31.85003314442451,27.745647429936817,40.57935886275292,0.0294153105960541,0.1852308685619829,6.226691116544417,0.6161311914323963,27.61271234968505,1.0687392055267704,0.0,9.20980091883614,0.0192798666693892,0.655436447166922,0.0,0.0,0.0,0.3162620552045228,0.0524530487300405,1.1247782377291544,0.0,11.00839318965792,0.0098464170016104,0.0026330220480314,-121.18764115008312,1990000000.0,24540000000.0,-192524000000.0,33436000000.0,3559000000.0,12299500000.0,7172000000.0,8.92777364110201,41.43404431559329,22.30896665976393,10.08090075062552,2.1721268460904115,4.034252297410192,0.0266096169519152,1.102679540735154,1996-04-17,0.34,amc,,2025-04-25,1996-03-31,0.5588235294117647,11.285873015873015,10225335.412698412
1995-12-31,F,USD,37996,1996-03-19,1996-03-19 00:00:00,1995,Q4,34547000000.0,31417000000.0,3130000000.0,0.0906012099,0,0.0,0.0,289000000.0,0.0,1953000000.0,33370000000.0,0.0,0.0,6883000000.0,9149000000.0,0.2648276261,1177000000.0,0.0340695285,-149000000.0,1028000000.0,0.0297565635,181000000.0,660000000.0,0.0191044085,0.39,0.39,1712963768,1712963768,https://www.sec.gov/Archives/edgar/data/37996/000003799696000007/0000037996-96-000007-index.html,https://www.sec.gov/Archives/edgar/data/37996/,20.167968900087093,0.3852971162201488,1.7315018889529716,-0.6205618705182093,8.812795858271768,14.330133805842411,-73.05875485394388,14.330133805842411,86.76424030470211,18174545578.48,158358545578.48,6.88429756760606,0.5260817315101166,6.127628313715442,-17.09740882265287,0.7403978318523647,0.7403978318523647,4.5838580941465255,17.308836548090504,53.39128306759272,-148.97323196470367,0.0363145255626907,-0.0584883949593034,6.054670631849106,0.6109099279439993,15.322330309323425,0.8750145976877263,0.0,4.493939393939394,0.0241546617000321,0.6651515151515152,0.0,0.0,0.6153080979764307,1.3583951449763991,0.1166237299910267,0.585355223013221,0.0,11.145877385154511,0.0045990314289483,0.0070521108249901,-115.24951880943696,-4281000000.0,-125147000000.0,-188765000000.0,176686000000.0,3345000000.0,11945500000.0,7003500000.0,9.172721220366457,32.25642168252857,20.516917592386285,9.811701221243965,2.7901420959147423,4.386623848087127,0.0268871959913635,2.352063759471181,1996-01-31,0.2,amc,,2025-04-25,1995-12-31,0.4499999999999998,10.753492063492065,8775457.666666666
1995-09-30,F,USD,37996,1995-11-09,1995-11-09 00:00:00,1995,Q3,31418000000.0,24681000000.0,6737000000.0,0.2144312178,0,0.0,0.0,1853000000.0,0.0,3568000000.0,28249000000.0,0.0,0.0,1715000000.0,4884000000.0,0.1554522885,3169000000.0,0.1008657458,-2655000000.0,514000000.0,0.0163600484,157000000.0,357000000.0,0.011362913,0.28,0.28,1712963768,1712963768,https://www.sec.gov/Archives/edgar/data/37996/000003799695000033/0000037996-95-000033-index.html,https://www.sec.gov/Archives/edgar/data/37996/,18.34131029909793,0.208410712864535,2.0484963345704577,1.7939667244613895,4.999521974711143,15.721873692310345,15.721873692310345,14.568317477687597,83.32984191875796,19596305505.92,153773305505.91998,13.72290301535014,0.6237286111757591,5.5845840712225705,6.376929875014644,0.7852656984940893,0.7852656984940893,4.894433302753835,31.485115787452905,43.82254360385294,50.04012544937194,0.0182177196559908,0.1568152731172543,5.719935884592266,0.5983041043524915,27.472768222768224,1.0765957446808512,0.0,9.829131652661063,0.0199527405756089,1.0952380952380951,0.0,0.0,0.0,0.1242519236249643,0.0138773951238143,0.2542274052478134,0.0,8.265249675124103,0.010365430457091,0.0014963785125075,-115.16983236040052,2070000000.0,26931000000.0,-182550000000.0,32042000000.0,3134500000.0,14332000000.0,6843000000.0,9.077917117575913,46.0593168834326,24.960495928041816,9.914168507415589,1.954002058427678,3.605697589481373,0.0143057503506311,0.254529610109068,1995-10-18,0.26,amc,,2025-04-25,1995-09-30,0.0384615384615384,11.130634920634922,9173052.365079366
1995-06-30,F,USD,37996,1995-07-27,1995-07-27 00:00:00,1995,Q2,36389000000.0,27795000000.0,8594000000.0,0.2361702712,0,0.0,0.0,2027000000.0,0.0,3627000000.0,31422000000.0,0.0,0.0,1600000000.0,6567000000.0,0.1804666245,4967000000.0,0.1364972931,-2342000000.0,2625000000.0,0.0721371843,1053000000.0,1572000000.0,0.0431998681,1.46,1.3,1634032810,1634032810,https://www.sec.gov/Archives/edgar/data/37996/000003799695000024/0000037996-95-000024-index.html,https://www.sec.gov/Archives/edgar/data/37996/,22.269442680284985,0.962036986270796,1.927133886620061,-0.3941169333068655,6.50292939956328,16.655724311924924,16.655724311924924,16.655724311924924,87.73508042350753,17876318941.399998,150612318941.4,2.8429260402989818,0.4912561197449778,5.676824052524611,-27.7582592257764,0.6568312368239271,0.6568312368239271,4.13895185197175,22.93472193412517,47.82861827291203,-233.8700604680124,0.087937567300804,-0.0360253138306092,5.267563198118753,0.5978199226047505,20.21257804172377,1.2492682926829268,0.0,2.003180661577608,0.0218725119685842,0.2487277353689567,0.0,0.0,0.0,1.2045093680533503,0.1042347962296298,2.370625,0.0,18.987548906508003,0.0141742517587057,0.0065552441953562,-120.08357408686304,7665000000.0,27216000000.0,-174177000000.0,36865000000.0,3102500000.0,15386500000.0,7086000000.0,7.667152161367446,51.914732865623314,22.15110631408527,11.738387096774192,1.7336119254038544,4.063002485016811,0.0577601410934744,2.321250819926927,1995-07-19,1.38,amc,,2025-04-25,1995-06-30,-0.0579710144927535,10.466507936507936,9417889.57142857
1995-03-31,F,USD,37996,1995-05-11,1995-05-11 00:00:00,1995,Q1,34783000000.0,26941000000.0,7842000000.0,0.2254549636,0,0.0,0.0,1214000000.0,0.0,2735000000.0,29676000000.0,0.0,0.0,1521000000.0,6628000000.0,0.1905528563,5107000000.0,0.1468245982,-2569000000.0,2538000000.0,0.0729666791,988000000.0,1550000000.0,0.0445619987,1.44,1.28,1502111371,1502111371,https://www.sec.gov/Archives/edgar/data/37996/000003799695000014/0000037996-95-000014-index.html,https://www.sec.gov/Archives/edgar/data/37996/,23.156072626521645,1.031880877759496,7.687179674508968,6.223906016886147,7.807676731847336,16.927506502445617,16.927506502445617,16.927506502445617,91.74752462479027,14840860345.48,140927860345.48,2.393687152496774,0.4266699348957825,1.2852568065714038,1.5874275693100868,0.5836654086396351,0.5836654086396351,4.0516304040905045,21.26250156087508,12.20471640646748,15.074110637017863,0.1044413843886129,0.6299500017091242,5.420025956660243,0.5939661674388536,19.02338563669282,0.9976667314796812,0.0,7.449677419354838,0.0227749599505491,0.2180645161290322,0.0,0.0,0.0,0.1903524725036806,0.0631917890923727,1.445101906640368,0.0,19.82451338697929,0.0154779573520775,0.0066803146212692,-125.74017722418267,-72000000.0,25427000000.0,-175812000000.0,28356000000.0,3165000000.0,12758500000.0,6909000000.0,8.03409711640744,49.24093389258009,24.49018225010208,11.202254428341384,1.82774762550882,3.6749420270085937,0.0609588232980689,1.463273657622821,1995-04-19,1.42,amc,,2025-04-25,1995-03-31,-0.0985915492957745,9.706507936507936,9852523.23809524
1994-12-31,F,USD,37996,1995-03-16,1995-03-16 00:00:00,1994,Q4,33643000000.0,28817000000.0,4826000000.0,0.1434473739,0,0.0,0.0,215000000.0,0.0,1635000000.0,30452000000.0,0.0,0.0,5846000000.0,10108000000.0,0.3004488304,3191000000.0,0.0948488541,-864000000.0,2327000000.0,0.0691674345,606000000.0,1569000000.0,0.0466367446,1.55,1.55,1011538462,1011538462,https://www.sec.gov/Archives/edgar/data/37996/000095012495000729/0000950124-95-000729-index.html,https://www.sec.gov/Archives/edgar/data/37996/,33.259239528550914,1.5511026608892309,1.8219771854804667,-1.5313307977803814,13.664334594525778,21.41193915372839,-107.45711021712984,21.41193915372839,129.47703416145535,10368269235.5,135119269235.5,1.6520505474028044,0.3081850380614095,5.625756503255562,-6.693524361200775,0.4787048910614525,0.4787048910614525,4.016266957034153,13.367557304659677,73.31485037194791,-87.22999950645578,0.151327088867242,-0.1493981266127201,6.0469550764116535,0.5970759594080801,12.34180846853977,1.0276659959758552,0.0,1.1746335245379222,0.0324065658759677,0.2141491395793499,0.0,0.0,0.5942722722175114,1.840477482365708,0.1008233510685729,0.5802257954156689,0.0,27.336287337773108,0.0123123595024925,0.0176296096541495,-176.17792767626864,770000000.0,-108697000000.0,-169093000000.0,158174000000.0,2888500000.0,10865500000.0,6440500000.0,8.627351900841186,33.65825727868966,20.25991602179269,10.431937984496123,2.6739352324394545,4.442269153691999,0.0724410175908398,3.353307983260848,1995-02-01,1.12,amc,,2025-04-25,1994-12-31,0.169642857142857,10.257460317460318,7203507.222222222
1994-09-30,F,USD,37996,1994-11-03,1994-11-03 00:00:00,1994,Q3,30622000000.0,23990000000.0,6632000000.0,0.2165763177,0,0.0,0.0,1592000000.0,0.0,2982000000.0,26972000000.0,0.0,0.0,1390000000.0,5040000000.0,0.1645875514,3650000000.0,0.1191953497,-1789000000.0,1861000000.0,0.0607733002,737000000.0,1124000000.0,0.0367056365,1.04,0.94,1011538462,1119148936,https://www.sec.gov/Archives/edgar/data/37996/000003799694000031/0000037996-94-000031-index.html,https://www.sec.gov/Archives/edgar/data/37996/,30.272699605959225,1.1111787067173329,3.1822813673693013,0.7335361213383105,9.129657790511184,21.39711025639675,21.39711025639675,21.39711025639675,124.84844100767371,10317692312.4,127371692312.4,2.294860389768683,0.3369372448697015,3.205247689468779,13.905245704043129,0.4766998850674552,0.4766998850674552,4.15948312691529,25.27216117309524,39.56871460465983,171.6599626851752,0.1089390888938561,0.0719153060135598,5.834827203844021,0.5878856153319771,23.225,1.1415829287569157,0.0,2.863879003558719,0.0290762692777196,0.2669039145907473,0.0,0.0,0.0,0.7694936315625971,0.0808895565279864,1.7820143884892086,0.0,23.129208791035207,0.0117047195679744,0.0052323118532345,-176.78912539462092,3762000000.0,21644000000.0,-162842000000.0,29751000000.0,2462500000.0,10663500000.0,6049000000.0,7.500489843903077,41.09462275948312,23.987494789495624,11.99921630094044,2.190067555230966,3.751954957772912,0.0519312511550545,2.448745246030991,1994-10-26,0.68,amc,,2025-04-25,1994-09-30,0.3676470588235294,10.96984375,8240887.953125
1994-06-30,F,USD,37996,1994-07-29,1994-07-29 00:00:00,1994,Q2,33772000000.0,26220000000.0,7552000000.0,0.2236171977,0,0.0,0.0,1821000000.0,0.0,3018000000.0,29238000000.0,0.0,0.0,1197000000.0,5731000000.0,0.1696967902,4534000000.0,0.1342532275,-1662000000.0,2872000000.0,0.0850408623,1161000000.0,1711000000.0,0.0506632713,1.63,1.44,1005521472,1138194444,https://www.sec.gov/Archives/edgar/data/37996/000003799694000023/0000037996-94-000023-index.html,https://www.sec.gov/Archives/edgar/data/37996/,33.586552789197924,1.7016046376382106,7.369310558094179,5.478749239479194,10.796388045704507,19.778791954031988,19.778791954031988,19.778791954031988,124.21514952989487,10899852756.48,124944852756.48,1.5926143711981295,0.3227482161696079,1.4709652842753036,1.978553776816119,0.5480617838133548,0.5480617838133548,3.699658082330925,21.801579612018845,16.861653543384616,22.68013301079688,0.1569745975681006,0.5054196715386711,6.28021922767498,0.5945430052504058,19.89966846972605,1.1740120089478434,0.0,4.330800701344243,0.0272480745048076,0.173582700175336,0.0,0.0,0.0,0.2565452091767881,0.0562892336847092,1.5881370091896407,0.0,27.518228369698846,0.0146201975174818,0.0081445551435412,-173.74392776766084,4434000000.0,19888000000.0,-160276000000.0,29112000000.0,2899000000.0,10163000000.0,5840000000.0,6.323877768565676,35.60526315789474,19.57894736842105,14.231774125579436,2.527716186252772,4.596774193548387,0.0860317779565567,1.8905613186149843,1994-07-27,1.31,amc,,2025-04-25,1994-06-30,0.0992366412213739,10.721935483870968,10163938.161290323
1994-03-31,F,USD,37996,1994-05-13,1994-05-13 00:00:00,1994,Q1,30402000000.0,24176000000.0,6226000000.0,0.2047891586,0,0.0,0.0,1503000000.0,0.0,2406000000.0,26582000000.0,0.0,0.0,903000000.0,4723000000.0,0.1553516216,3820000000.0,0.1256496283,-2091000000.0,1729000000.0,0.0568712585,825000000.0,904000000.0,0.0297348859,0.83,0.83,1002409639,1002409639,https://www.sec.gov/Archives/edgar/data/37996/000003799694000011/0000037996-94-000011-index.html,https://www.sec.gov/Archives/edgar/data/37996/,30.32891825574315,0.9018269226758704,4.147007209694239,2.4510937489099702,7.24554086216244,18.151262011158693,18.151262011158693,18.151262011158693,116.93323312107536,10826024101.2,120778024101.2,2.993922594358408,0.3560957865008881,2.604287731825836,4.406196215384616,0.5949999506018138,0.5949999506018138,3.972699957279126,25.572310840821512,29.05413136906423,49.15670496589336,0.0835024928403583,0.2269531248990713,6.442154438032427,0.5907031592527453,23.28011856870633,1.105696097883598,0.0,4.5984513274336285,0.0251246438634706,0.3008849557522124,0.0,0.0,0.0,0.4089487611258119,0.055917373856983,1.8826135105204875,0.0,19.19138288789138,0.0114080176513213,0.0045556938614041,-167.01580220937998,2557000000.0,18195000000.0,-153489000000.0,26249000000.0,3280500000.0,9361000000.0,5757000000.0,10.139135583185316,37.05203507610854,22.246856386499008,8.876496350364963,2.4290163769717674,4.045515394912985,0.0496839791151415,1.6959134607842692,1994-04-29,0.99,amc,,2025-04-25,1994-03-31,0.1414141414141413,11.906666666666666,10627457.634920634
1993-12-31,F,USD,37996,1994-03-21,1994-03-21 00:00:00,1993,Q4,27841000000.0,22496000000.0,5345000000.0,0.1919830466,0,0.0,0.0,1824000000.0,0.0,2681000000.0,25177000000.0,0.0,0.0,857000000.0,3521000000.0,0.1264681585,2664000000.0,0.0956862182,-1665000000.0,999000000.0,0.0358823318,280000000.0,719000000.0,0.0258252218,0.74,0.74,977500000,977500000,https://www.sec.gov/Archives/edgar/data/37996/000003799694000005/0000037996-94-000005-index.html,https://www.sec.gov/Archives/edgar/data/37996/,28.481841432225064,0.7355498721227621,2.451150895140665,0.3682864450127877,8.411253196930947,17.424040920716113,17.424040920716113,17.424040920716113,114.553452685422,11583375000.0,115337375000.0,4.02759909596662,0.4160545598218454,4.834463689482471,32.17604166666667,0.6800948215124472,0.6800948215124472,4.142716676843504,32.75699375177506,48.13746869782972,320.38159722222224,0.0620717191664778,0.0310790248955939,6.57444809769845,0.5628688335059164,29.467196819085487,0.2789572295360639,0.0,3.33240611961057,0.0234819299211153,0.3783031988873435,0.0,0.0,0.0,0.8497495826377296,0.0731295571279767,2.3757292882147025,0.0,16.9813323711547,0.0160746274079104,0.0036141913561008,-172.44296675191816,-58111000000.0,17032000000.0,-159424000000.0,-35052000000.0,4355500000.0,8687500000.0,5551500000.0,10.137566897740744,35.08223684210526,22.155938833570413,8.877869897959183,2.5654008438818567,4.0621162874684,0.0422146547674964,2.082864450127877,1994-02-09,0.58,amc,,2025-04-25,1993-12-31,0.1206896551724139,11.2296875,8159170.578125
1993-09-30,F,USD,37996,1993-09-30,1993-09-29 20:00:00,1993,Q3,24498000000.0,20070000000.0,4428000000.0,0.1807494489,0,0.0,0.0,1495000000.0,0.0,2322000000.0,22392000000.0,0.0,0.0,827000000.0,2933000000.0,0.1197240591,2106000000.0,0.0859662013,-1611000000.0,495000000.0,0.0202057311,32000000.0,463000000.0,0.018899502,0.4,0.4,977500000,977500000,,,25.061892583120205,0.4736572890025575,2.6639386189258314,0.8777493606138107,6.966751918158568,17.681841432225063,17.681841432225063,17.681841432225063,123.34219948849103,9921625000.0,123678625000.0,5.357248920086393,0.4049973467221814,3.8101478494623655,11.5636655011655,0.574035234899329,0.574035234899329,5.0485192668789285,42.167959427207634,47.4956317204301,144.14758158508158,0.0466657427588726,0.086477769518602,6.975642212450822,0.6173520330573434,38.78520286396181,1.516833446404342,0.0,5.624190064794816,0.0271124941730815,0.5809935205183585,0.0,0.0,0.0,0.6705069124423964,0.0712711241734019,2.1112454655380897,0.0,13.727362974752962,0.0114219627828422,0.0023707481425725,-168.01969309462916,12189000000.0,17284000000.0,-142240000000.0,34932000000.0,4714000000.0,8765000000.0,5431500000.0,20.481263776634822,38.59192825112108,24.955156950672645,4.394260089686099,2.3320938879851267,3.606469002695418,0.0267877806063411,1.7861892583120205,1993-10-27,0.06,amc,,2025-04-25,1993-09-30,3.333333333333333,9.65171875,7636823.84375
1993-06-30,F,USD,37996,1993-06-30,1993-06-29 20:00:00,1993,Q2,29419000000.0,23990000000.0,5429000000.0,0.184540603,0,0.0,0.0,1681000000.0,0.0,2387000000.0,26377000000.0,0.0,0.0,706000000.0,3748000000.0,0.1274006594,3042000000.0,0.103402563,-1697000000.0,1345000000.0,0.0457187532,570000000.0,775000000.0,0.0263435195,0.73,0.66,963013699,1065151515,,,30.548890457683925,0.8047652912983121,4.509800851752993,2.699857751452402,9.500384064630008,17.590611657539878,17.590611657539878,17.590611657539878,109.33177805189248,9244931510.4,105383931510.4,2.982235971096774,0.3142503657636221,2.128697101174303,3.5557428886153843,0.5457456617709563,0.5457456617709563,3.5821724569291957,28.11737767086446,24.26523866230716,40.532281350153845,0.0838297178435741,0.2812351824429585,6.21534828807556,0.5487522671836887,25.65074706510139,0.6013667425968109,0.0,5.603870967741935,0.0290970246450599,0.3470967741935484,0.0,0.0,0.0,0.4013354823854478,0.0592474251334171,2.4688385269121813,0.0,17.84704621444821,0.011190651260018,0.0040392353076073,-166.39456963737337,-14350000000.0,16940000000.0,-153280000000.0,8164000000.0,3439000000.0,8813000000.0,5585000000.0,11.787280329039056,33.47894956231763,19.875781575656525,7.63534907864002,2.6882563872702825,4.528123820309551,0.0457497048406139,1.8099431003005908,1993-07-28,0.64,amc,,2025-04-25,1993-06-30,0.1249999999999999,9.786031746031746,8546265.0
1993-03-31,F,USD,37996,1993-03-31,1993-03-30 19:00:00,1993,Q1,26763000000.0,21808000000.0,4955000000.0,0.1851436685,0,0.0,0.0,1491000000.0,0.0,2165000000.0,23973000000.0,0.0,0.0,674000000.0,3464000000.0,0.1294324254,2790000000.0,0.1042484026,-1750000000.0,1040000000.0,0.0388596196,468000000.0,572000000.0,0.0213727908,0.5,0.49,1000000000,1020408163,,,26.763,0.572,4.664,3.375,8.936,19.799,19.799,19.799,100.87,9560000000.0,101494000000.0,4.178321678321679,0.3572095803908381,2.0497427101200687,2.8325925925925928,0.4828526693267337,0.4828526693267337,3.7923252251242383,29.29965357967668,21.76114922813036,30.072296296296297,0.0598326359832635,0.3530334728033473,5.094701752613768,0.5407622243785282,26.53983833718245,0.563115870430208,0.0,8.153846153846153,0.0288702928870292,0.4825174825174825,0.0,0.0,0.0,0.2763722126929674,0.0481635093225722,1.9124629080118696,0.0,15.962867223653776,0.0102207332018969,0.0030664815340985,-152.59325,-16360000000.0,19799000000.0,-145647000000.0,5919000000.0,56710350000.0,9138550000.0,5661650000.0,10.172626387176324,35.91250917094644,24.233308877476155,8.847272727272728,2.5060905538956564,3.713896457765668,0.0288903479973736,1.289,1993-04-28,0.29,amc,,2025-04-25,1993-03-31,0.7586206896551726,8.84290322580645,8691948.193548387
1992-12-31,F,USD,37996,1992-12-31,1992-12-30 19:00:00,1992,Q4,25406800000.0,18358100000.0,7048700000.0,0.2774336005,0,0.0,0.0,1855200000.0,0.0,7131300000.0,25489400000.0,0.0,0.0,5276100000.0,5193500000.0,0.204413779,-82600000.0,-0.0032510981,-1671600000.0,-1754200000.0,-0.0690445078,-571000000.0,-8066400000.0,-0.3174898059,-8.95,-8.95,900869565,900869565,,,28.202528964334583,-8.954015446176163,3.1724903482559097,1.1880743246110217,7.421829152370132,17.57790540964718,17.57790540964718,17.57790540964718,111.02384172563316,7098852172.2,100430752172.2,-0.2200130222961916,0.279407566958452,2.4838531043386984,6.632581680089694,0.4482900445962842,0.4482900445962842,3.952908362021191,19.337778409974007,35.14022119391183,93.83420739250676,-1.1362963764182947,0.1507708533770332,6.31610189827854,0.5539776189009733,17.970905940117454,1.9024413946350816,0.0,-2.415483434753212,0.0343013200012217,-0.0301869483288703,0.0,0.0,0.0,0.6255073477956613,0.0703630524111655,0.3388298174788196,0.0,,-0.000346758416451,-0.0446780086094784,-80.4792145464477,62218100000.0,15835400000.0,-33547500000.0,84378100000.0,57637400000.0,9001000000.0,5956700000.0,391.0611725994616,46.94162249906036,26.72482446440536,0.2301430218749462,1.9172750154045388,3.367655421642544,-0.5093903532591535,1.984416023644888,1992-12-30,,amc,,2025-04-25,1992-12-31,,7.31,7407419.671875
1992-09-30,F,USD,37996,1992-09-30,1992-09-29 20:00:00,1992,Q3,23325300000.0,19851200000.0,3474100000.0,0.1489412784,0,0.0,0.0,1495000000.0,0.0,2029300000.0,21880500000.0,0.0,0.0,534300000.0,1979100000.0,0.0848477833,1444800000.0,0.0619413255,-1718000000.0,-273200000.0,-0.0117126039,-114300000.0,-158900000.0,-0.0068123454,-0.18,-0.18,900869565,900869565,,,25.891983596981657,-0.1763851351776991,-0.466882239494904,-2.131607143371527,7.170516410996746,26.752263519969176,26.752263519969176,26.752263519969176,106.7920415315618,6540313041.9,96286313041.9,-10.2899827594399,0.2803956665894972,-15.549959681169756,-3.4058808737697235,0.2713789057356132,0.2713789057356132,4.127977476898475,48.65156537916224,-228.9260890202092,-50.14128679992709,-0.0242954731649723,-0.2936097993624693,3.991888067783389,0.544141884791287,45.34687484209994,1.1367444539472535,0.0,2.646947765890497,0.0372306338305271,-1.5324103209565765,0.0,0.0,0.0,-3.565620542082739,0.0642949929904438,2.806850084222347,0.0,,0.0054144479279342,-0.000898742439308,-154.68635018211543,3133800000.0,24100300000.0,-126651300000.0,25964000000.0,4009750000.0,8413250000.0,6200850000.0,18.82586719141876,38.20529741275087,29.29742282582413,4.7806562685741225,2.355694264794883,3.0719425573729904,-0.0065932789218391,1.6647249038766228,1993-02-10,-0.26,amc,,2025-04-25,1992-09-30,0.2307692307692307,7.75375,8518171.4375
1992-06-30,F,USD,37996,1992-06-30,1992-06-29 20:00:00,1992,Q2,26842700000.0,21853800000.0,4988900000.0,0.1858568624,0,0.0,0.0,1504700000.0,0.0,1985600000.0,23839400000.0,0.0,0.0,480900000.0,3484200000.0,0.1298006534,3003300000.0,0.111885168,-1864200000.0,1139100000.0,0.0424361186,636700000.0,502400000.0,0.018716448,0.47,0.47,966170213,966170213,,,27.78257872042263,0.5199911912415789,4.32304778578389,3.0311429193274044,7.779374585210898,25.21181016786325,25.21181016786325,25.21181016786325,99.15136971832932,8144814895.59,96425714895.59,4.052953272088973,0.3034275574211983,1.950013142977878,2.78112917284368,0.3343671058869653,0.3343671058869653,3.592250961922236,27.675137734799957,23.086026358836907,32.925532642078124,0.0616834153311481,0.3595661826011155,3.932735057822808,0.5348799163820029,25.337494977326216,1.0671187642203532,0.0,8.313694267515924,0.0297612656772896,0.482484076433121,0.0,0.0,0.0,0.2988412181574411,0.0465005383214058,2.595550010397172,0.0,17.17478331907668,0.0093273394303449,0.0028051336626089,-146.86853112496027,2575300000.0,24358900000.0,-113796700000.0,25220200000.0,3210100000.0,8246100000.0,6045650000.0,10.529343173376748,34.59187875792768,24.4609175520962,8.547541714431283,2.601766750797657,3.679338676005118,0.0206249050654996,1.2919048664564865,1992-06-29,,amc,,2025-04-25,1992-06-30,,8.113015873015874,8669342.587301588
1992-03-31,F,USD,37996,1992-03-31,1992-03-30 19:00:00,1992,Q1,24557500000.0,19962800000.0,4594700000.0,0.1870996641,0,0.0,0.0,1374700000.0,0.0,1839100000.0,21801900000.0,0.0,0.0,464400000.0,3220000000.0,0.1311208388,2755600000.0,0.1122101191,-2074400000.0,681200000.0,0.0277389799,343300000.0,337900000.0,0.0137595439,0.29,0.29,998620690,998620690,,,24.59141919040352,0.338366712590343,4.908270025929465,3.6526381202856912,9.07621891951788,23.1777693290132,23.1777693290132,23.1777693290132,95.97718228730068,7040275864.5,93821375864.5,5.208845712118969,0.2866853655502392,1.4363512933795777,1.930111817222283,0.3041707724295552,0.3041707724295552,3.820477486083681,29.13707324984472,19.141359964194635,25.721399239088715,0.0479952783816089,0.518104697912864,4.140915414459643,0.549942793665876,26.95065217391304,0.4864939524137837,0.0,14.50577093814738,0.0352258923901716,0.7339449541284404,0.0,0.0,0.0,0.2558196470468224,0.0510597577114934,2.700043066322136,0.0,13.283756106361569,0.0103441490274369,0.0019388184855067,-136.7247858643906,-22492900000.0,23145800000.0,-129825900000.0,-565600000.0,3261250000.0,9194650000.0,6183500000.0,12.020034612643796,36.48456128398821,27.734235678361756,7.4874992377584,2.4667968267305933,3.245086723994993,0.0145987608983055,1.2556319056437737,1992-03-30,,amc,,2025-04-25,1992-03-31,,6.419841269841269,9591367.253968254
1991-12-31,F,USD,37996,1991-12-31,1991-12-30 19:00:00,1991,Q4,21981900000.0,14204300000.0,7777600000.0,0.3538183687,0,0.0,0.0,1746100000.0,0.0,6425900000.0,20630200000.0,0.0,0.0,4679800000.0,6031500000.0,0.2743848348,1351700000.0,0.0614914998,-2014800000.0,-663100000.0,-0.0301657273,-187400000.0,-475700000.0,-0.0216405315,-0.51,-0.51,941639344,941639344,,,23.344287959148826,-0.5051827995836163,2.6717235383486697,0.8997075211419798,8.6372771611803,24.94617514622456,24.94617514622456,24.94617514622456,103.45043526558509,4868275408.48,94148075408.48,-2.5584798236703805,0.221467453153731,1.935080454916925,5.746311860812086,0.2072461998561108,0.2072461998561108,4.282981698965058,15.609396569423858,37.42271858195405,111.1285120496695,-0.0977142745809702,0.1740246655980618,4.146945760590541,0.5584666346384268,14.802254828815386,0.309994130755432,0.0,-5.288627286104688,0.0528934742581455,-0.5413075467731764,0.0,0.0,0.0,0.6632482709277367,0.0759079060499774,0.3565536988760203,0.0,,0.0070808759889812,-0.0027271778725375,-145.77367213322387,-58428800000.0,23490300000.0,-124689200000.0,-35906500000.0,4049950000.0,8855700000.0,6245950000.0,13.276513859129556,65.2410185648008,39.38082130059208,6.778887963733926,1.3795002282284616,2.2853764098273617,-0.0202509120786026,1.7720160172066897,1991-12-30,,amc,,2025-04-25,1991-12-31,,4.91296875,6814045.640625
1991-09-30,F,USD,37996,1991-09-30,1991-09-29 20:00:00,1991,Q3,21116700000.0,17737100000.0,3379600000.0,0.1600439463,0,0.0,0.0,1433700000.0,0.0,1803600000.0,19540700000.0,0.0,0.0,369900000.0,1945900000.0,0.0921498151,1576000000.0,0.0746328735,-2079800000.0,-503800000.0,-0.0238578945,70600000.0,-574400000.0,-0.0272012199,-0.61,-0.61,941639344,941639344,,,22.42546483911573,-0.6100000001699164,1.5452837748037005,-0.0910114902760477,6.671768804086844,22.560336009069733,22.560336009069733,22.560336009069733,100.57226325921232,5188432785.44,93608832785.44,-2.258196720682452,0.2457028221947557,3.5656881213937184,-60.54180613115519,0.2442339510273634,0.2442339510273634,4.4329290459891935,48.10567489873067,64.33154613802488,-1092.28509667958,-0.1107078040235783,-0.0165175118468326,4.457923996290665,0.5536268501668139,45.43933398427463,1.1064872447557643,0.0,-2.5332520891364902,0.0562404895788303,-0.508008356545961,0.0,0.0,0.0,1.0588962957872312,0.0729659463836679,4.1654501216545015,0.0,,0.0118779918488817,-0.003357907714828,-145.2271518510382,2292500000.0,21243700000.0,-125994300000.0,23705100000.0,4923950000.0,7021050000.0,5941100000.0,20.70153006861868,37.62300488805949,31.84816007126306,4.347504735238409,2.392153424953133,2.825908931587165,-0.0270386043862415,1.636295265079748,1991-09-29,,amc,,2025-04-25,1991-09-30,,5.91265625,4355677.90625
1991-06-30,F,USD,37996,1991-06-30,1991-06-29 20:00:00,1991,Q2,23846700000.0,20091500000.0,3755200000.0,0.1574725224,0,0.0,0.0,1524000000.0,0.0,1885900000.0,21977400000.0,0.0,0.0,361900000.0,2231200000.0,0.0935643087,1869300000.0,0.0783882047,-2177100000.0,-307800000.0,-0.0129074463,15700000.0,-323500000.0,-0.0135658183,-0.35,-0.35,924285714,924285714,,,25.800139111530186,-0.3500000001081916,2.907434313108944,1.5693199386613044,7.4590571893227375,23.13072643682557,23.13072643682557,23.13072643682557,98.55253480635318,6220442855.22,90416842855.22,-4.807142855656879,0.2608513066889758,2.314755648874335,4.288481802978284,0.2909549779329635,0.2909549779329635,3.7915872156407375,40.523862878818576,33.64598029815056,62.33494853858669,-0.0520059435524801,0.2331827546302086,4.260676164906405,0.5466641381119017,37.73592685550376,1.2978682817492488,0.0,-8.306955177743431,0.0304158408659327,-0.5848531684698609,0.0,0.0,0.0,0.4602389014996464,0.051864618584542,3.417518651561205,0.0,,0.0134394245993013,-0.0019414259488531,-142.6080410023518,6870600000.0,21379400000.0,-115314200000.0,27933300000.0,4073600000.0,6584000000.0,6126000000.0,18.835436349683604,29.68747978000647,25.110320284697508,4.77822750315587,3.031581012161632,3.584183673469388,-0.0151313881586948,1.3381143744476396,1991-06-29,,amc,,2025-04-25,1991-06-30,,6.21953125,5498840.296875
1991-03-31,F,USD,37996,1991-03-31,1991-03-30 19:00:00,1991,Q1,21341000000.0,18338400000.0,3002600000.0,0.1406963123,0,0.0,0.0,1448800000.0,0.0,1815500000.0,20153900000.0,0.0,0.0,366700000.0,1553800000.0,0.0728082095,1187100000.0,0.0556253221,-2365800000.0,-1178700000.0,-0.0552317136,-294300000.0,-884400000.0,-0.041441357,-0.94,-0.94,940851064,940851064,,,22.68265490317817,-0.9399999998299412,1.5541248301123247,0.0649412030637826,7.950142468032539,23.585454541187616,23.585454541187616,23.585454541187616,98.35254860274038,5494570213.76,90549770213.76,-1.5531914896426957,0.2574654521231432,3.7577419051839698,89.92749940687398,0.2476102374792703,0.2476102374792703,4.242995652207488,58.27633557327841,61.92707578563808,1481.992965855319,-0.1609589040804694,0.011120069017771,4.1700510130506885,0.5519702037220294,54.74012099369288,1.3118516912977896,0.0,-1.653324287652646,0.1279808925253121,-0.7951153324287653,0.0,0.0,0.0,0.958213650663384,0.065652968464458,3.820834469593674,0.0,,0.0060054550730721,-0.005275430060288,-140.6006009469741,7050000000.0,22190400000.0,-115797800000.0,28573900000.0,3346750000.0,8718900000.0,6880900000.0,13.311700482639052,32.099528857479385,32.618767177071064,6.760969428164106,2.8037794697734157,2.7591478093403947,-0.0398550724637681,1.489183627048542,1991-03-30,,amc,,2025-04-25,1991-03-31,,5.5018032786885245,7336432.344262295
1990-12-31,F,USD,37996,1990-12-31,1990-12-30 19:00:00,1990,Q4,24190800000.0,18660700000.0,5530100000.0,0.228603436,0,0.0,0.0,3128000000.0,0.0,5648300000.0,24309000000.0,0.0,0.0,2520300000.0,2402100000.0,0.0992980803,-118200000.0,-0.0048861551,-879200000.0,-997400000.0,-0.0412305505,-478900000.0,-518500000.0,-0.0214337682,-0.51,-0.51,1017000000,1017000000,,,23.78643067846608,-0.5098328416912488,1.966568338249754,-23.609832841691247,6.654670599803343,23.636283185840707,23.636283185840707,23.636283185840707,93.92261553588988,4973130000.0,93724630000.0,-2.397844744455159,0.2055793938191378,2.486565,-0.2071170953555007,0.2068853195552061,0.2068853195552061,3.8743915042082113,39.01778860164024,46.862315,-3.903371343373093,-0.1042602948243862,-4.828186675192485,3.973662643886164,0.5500277261611157,36.94746263685941,0.3312362719620038,0.0,-3.8572806171648986,0.0925171873648989,-0.8873674059787849,0.0,0.0,0.0,13.0056,1.0752517485986408,10.320676109986906,0.0,,-0.0004506630210468,-0.0029856728013557,-134.36219272369715,-58519100000.0,24038100000.0,-120640300000.0,-36311300000.0,4187800000.0,9118550000.0,7432700000.0,13.159134877722108,52.55687085693463,34.317362156832274,6.839355385920271,1.7124307161472672,2.622579194423364,-0.0215699244116631,25.576401179941,1990-12-30,,amc,,2025-04-25,1990-12-31,,5.2303125,6225304.65625
1990-09-30,F,USD,37996,1990-09-30,1990-09-29 20:00:00,1990,Q3,22986900000.0,18816300000.0,4170600000.0,0.1814337731,0,0.0,0.0,920100000.0,0.0,1175500000.0,19991800000.0,0.0,0.0,255400000.0,3250500000.0,0.1414066273,2995100000.0,0.1302959512,-2830000000.0,165100000.0,0.0071823517,63400000.0,101700000.0,0.004424259,0.1,0.1,1017000000,1017000000,,,22.60265486725664,0.1,1.4714847590953786,-0.35929203539823,5.477777777777778,24.345132743362832,24.345132743362832,24.20049164208456,90.70884955752211,5837580000.0,92517580000.0,14.35,0.2539524685799303,3.9008219178082193,-15.975862068965515,0.2371852640389405,0.2371852640389405,4.0247958619909605,28.46256883556376,61.82263949214835,-253.1953475643131,0.0174216027874564,-0.062594431254047,3.748223420377947,0.54026786482952,26.666666666666668,1.1858967030454397,0.0,14.714847590953786,0.0579178358155262,3.32448377581121,0.0,0.0,0.0,1.2441697293685263,0.080998307731795,7.290133124510572,0.0,7.379099280717821,0.012238864829026,0.0005956065670162,-130.69464110127828,4227700000.0,24759000000.0,-119021400000.0,25698700000.0,5219500000.0,7482100000.0,7493600000.0,18.94444226929251,35.10738030324772,37.06892428373272,4.750733683296821,2.5635635362879605,2.427909677419355,0.0041321474571243,1.8307767944936089,1990-09-29,,amc,,2025-04-25,1990-09-30,,7.011746031746032,4685793.26984127
1990-06-30,F,USD,37996,1990-06-30,1990-06-29 20:00:00,1990,Q2,26871700000.0,21575600000.0,5296100000.0,0.1970883867,0,0.0,0.0,995500000.0,0.0,1253700000.0,22829300000.0,0.0,0.0,258200000.0,4300600000.0,0.1600419772,4042400000.0,0.1504333555,-2706200000.0,1336200000.0,0.0497251756,565500000.0,770700000.0,0.028680731,0.83,0.83,928554217,928554217,,,28.939290251481356,0.8299999998815363,2.6339872839110696,0.7622602827509425,7.15994809810874,26.41935123536249,26.41935123536249,26.26696379539462,97.6910107554872,7465575904.679999,91528575904.68,2.421686747333593,0.2778229849499659,3.052406535563006,10.547578277309974,0.3060879080896914,0.3060879080896914,3.406132693676991,21.282745641231458,37.422755705568726,129.31417901198077,0.1032338308310368,0.0948084928794704,3.7191588459346554,0.5369638657486745,19.546807422220155,1.2569910651755962,0.0,3.173478655767484,0.0462388976292642,0.4479045024004152,0.0,0.0,0.0,0.7106059367078257,0.0646777092629048,6.731216111541441,0.0,22.148037132192588,0.015656539385115,0.0045621393929815,-139.9323783373653,5761200000.0,24531800000.0,-116223000000.0,25981900000.0,5240100000.0,7583250000.0,7336850000.0,18.75713110819189,31.803843230315728,30.18910250468121,4.798175130347833,2.829846674448802,2.981208202067098,0.0315986273231571,1.8717270011601272,1990-06-29,,amc,,2025-04-25,1990-06-30,,8.503809523809524,3840002.761904762
1990-03-31,F,USD,37996,1990-03-31,1990-03-30 19:00:00,1990,Q1,23600600000.0,18911500000.0,4689100000.0,0.1986856266,0,0.0,0.0,877300000.0,0.0,1028300000.0,19939800000.0,0.0,0.0,151000000.0,3811800000.0,0.1615128429,3660800000.0,0.1551147005,-2774200000.0,886600000.0,0.0375668415,380400000.0,506200000.0,0.0214486072,0.55,0.55,920363636,920363636,,,25.642690646243658,0.5500000002173054,1.59882457589839,-0.1572204662810037,4.925770448410024,25.94637496086384,25.94637496086384,25.74688859176092,92.40890955843892,7988756360.48,88505056360.48,3.945454543895693,0.3384980195622145,5.428988352347944,-55.20909716986869,0.337128114298736,0.337128114298736,3.750118910556511,23.218704118914943,60.146147713544,-611.645171807049,0.0633640553245743,-0.0181129569448161,3.5891291962948118,0.5275767267710616,21.122907812581985,1.1247420567133584,0.0,2.906953773212169,0.0432107307349724,0.6819438956934019,0.0,0.0,0.0,1.0983350322799863,0.0684813097972085,10.703311258278143,0.0,17.84986684681226,0.0147212114463544,0.0031400348865195,-136.2686389317537,2738400000.0,23880100000.0,-112637400000.0,22048900000.0,55831300000.0,9462050000.0,7126650000.0,18.60893367117785,35.89339819686434,35.39037093831795,4.836386737161359,2.5074248892895974,2.543064613729577,0.0213618044858945,1.7560450421793936,1990-03-30,,amc,,2025-04-25,1990-03-31,,8.353968253968253,4165256.015873016
1989-12-31,F,USD,37996,1989-12-31,1989-12-30 19:00:00,1989,Q4,24144900000.0,0.0,24144900000.0,1.0,0,0.0,0.0,0.0,-82165800000.0,-82165800000.0,-82165800000.0,0.0,0.0,0.0,-58020900000.0,-2.4030292111,-58020900000.0,-2.4030292111,58020900000.0,0.0,0.0,0.0,0.0,0.0,0.35,0.3,945711590,947911850,,,25.530933801921577,0.0,,,5.732508787377767,25.05478440842625,25.05478440842625,24.87840928332072,90.31104292588822,7584606951.799999,87571506951.8,0.0,0.3141287374062431,0.0,0.0,0.3223678776511191,0.3223678776511191,3.6269152886033904,-1.5093096961922343,0.0,0.0,0.0,,3.6300971616555735,0.5308375177835248,-1.3785877158058562,1.9468094368875684,0.0,0.0,0.0170648379052369,0.0,0.0,0.0,0.0,0.0,,0.0,,0.0,,0.0,-51.053514105711656,61984300000.0,23694600000.0,-9747900000.0,80589500000.0,,,,398.0323795087161,0.0,0.0,0.2261122577793427,0.0,0.0,0.0,,1989-12-30,,amc,,2025-04-25,1989-12-31,,,
1989-09-30,F,USD,37996,1989-09-30,1989-09-29 20:00:00,1989,Q3,20242300000.0,0.0,20242300000.0,1.0,0,0.0,0.0,0.0,0.0,0.0,0.0,0.0,0.0,0.0,20242300000.0,1.0,20242300000.0,1.0,-20242300000.0,0.0,0.0,0.0,0.0,0.0,0.52,0.52,947911850,947911850,,,21.35462279535803,0.0,,,,,,,,8862975797.5,,0.0,0.4378443061065195,0.0,0.0,0.0,0.0,,,0.0,0.0,0.0,,0.0,0.0,,0.0,0.0,0.0,0.0146374331550802,0.0,0.0,0.0,0.0,0.0,,0.0,,,0.0,0.0,,,,,,,,,,0.0,0.0,0.0,0.0,0.0,0.0,,1989-09-29,,amc,,2025-04-25,1989-09-30,,,
1989-06-30,F,USD,37996,1989-06-30,1989-06-29 20:00:00,1989,Q2,25889700000.0,0.0,25889700000.0,1.0,0,0.0,0.0,0.0,0.0,0.0,0.0,0.0,0.0,0.0,25889700000.0,1.0,25889700000.0,1.0,-25889700000.0,0.0,0.0,0.0,0.0,0.0,1.51,1.51,947911850,947911850,,,27.312349771764115,0.0,,,,,,,,8445894583.5,,0.0,0.326226050649486,0.0,0.0,0.0,0.0,,,0.0,0.0,0.0,,0.0,0.0,,0.0,0.0,0.0,0.0153602693602693,0.0,0.0,0.0,0.0,0.0,,0.0,,,0.0,0.0,,,,,,,,,,0.0,0.0,0.0,0.0,0.0,0.0,,1989-06-29,,amc,,2025-04-25,1989-06-30,,,
1989-03-31,F,USD,37996,1989-03-31,1989-03-30 19:00:00,1989,Q1,25869000000.0,0.0,25869000000.0,1.0,0,0.0,0.0,0.0,0.0,0.0,0.0,0.0,0.0,0.0,25869000000.0,1.0,25869000000.0,1.0,-25869000000.0,0.0,0.0,0.0,0.0,0.0,1.72,1.72,981715839,981715839,,,26.350802311950883,0.0,,,,,,,,8815808234.220001,,0.0,0.3407865875843674,0.0,0.0,0.0,0.0,,,0.0,0.0,0.0,,0.0,0.0,,0.0,0.0,0.0,0.0152405345211581,0.0,0.0,0.0,0.0,0.0,,0.0,,,0.0,0.0,,,,,,,,,,0.0,0.0,0.0,0.0,0.0,0.0,,1989-03-30,,amc,,2025-04-25,1989-03-31,,,
1988-12-31,F,USD,37996,1988-12-31,1988-12-30 19:00:00,1988,Q4,31586400000.0,0.0,31586400000.0,1.0,0,0.0,0.0,0.0,-78998100000.0,-78998100000.0,-78998100000.0,0.0,0.0,0.0,-47411700000.0,-1.5010162602,-47411700000.0,-1.5010162602,47411700000.0,0.0,0.0,0.0,0.0,0.0,1.22,1.15,981715839,996117538,,,32.174687160161014,0.0,,,6.850149231421334,22.09712743567133,22.09712743567133,21.92997112273341,71.25106596146097,9110322985.92,72333722985.92,0.0,0.2884254928044981,0.0,0.0,0.4231651719039435,0.4231651719039435,2.290027448076388,-1.5256513262743163,0.0,0.0,0.0,,3.249026893956988,0.4878984979057171,-1.3334978496868917,2.097670110186762,0.0,0.0,0.0117984913793103,0.0,0.0,0.0,0.0,0.0,,0.0,,0.0,,0.0,-40.60691334124436,62212100000.0,21693100000.0,-2784800000.0,78204300000.0,,,,272.6424663779348,0.0,0.0,0.3301026476016495,0.0,0.0,0.0,,1988-12-30,,amc,,2025-04-25,1988-12-31,,,
1988-09-30,F,USD,37996,1988-09-30,1988-09-29 20:00:00,1988,Q3,17728700000.0,0.0,17728700000.0,1.0,0,0.0,0.0,0.0,0.0,0.0,0.0,0.0,0.0,0.0,17728700000.0,1.0,17728700000.0,1.0,-17728700000.0,0.0,0.0,0.0,0.0,0.0,0.88,0.88,996117538,996117538,,,17.797799279385842,0.0,,,,,,,,9363504857.2,,0.0,0.5281551866295894,0.0,0.0,0.0,0.0,,,0.0,0.0,0.0,,0.0,0.0,,0.0,0.0,0.0,0.0116478723404255,0.0,0.0,0.0,0.0,0.0,,0.0,,,0.0,0.0,,,,,,,,,,0.0,0.0,0.0,0.0,0.0,0.0,,1988-09-29,,amc,,2025-04-25,1988-09-30,,,
1988-06-30,F,USD,37996,1988-06-30,1988-06-29 20:00:00,1988,Q2,22388800000.0,0.0,22388800000.0,1.0,0,0.0,0.0,0.0,0.0,0.0,0.0,0.0,0.0,0.0,22388800000.0,1.0,22388800000.0,1.0,-22388800000.0,0.0,0.0,0.0,0.0,0.0,1.72,1.72,974514990,974514990,,,22.97430027217949,0.0,,,,,,,,9540501752.099998,,0.0,0.4261283209506538,0.0,0.0,0.0,0.0,,,0.0,0.0,0.0,,0.0,0.0,,0.0,0.0,0.0,0.0111838610827374,0.0,0.0,0.0,0.0,0.0,,0.0,,,0.0,0.0,,,,,,,,,,0.0,0.0,0.0,0.0,0.0,0.0,,1988-06-29,,amc,,2025-04-25,1988-06-30,,,
1988-03-31,F,USD,37996,1988-03-31,1988-03-30 19:00:00,1988,Q1,20741700000.0,0.0,20741700000.0,1.0,0,0.0,0.0,0.0,0.0,0.0,0.0,0.0,0.0,0.0,20741700000.0,1.0,20741700000.0,1.0,-20741700000.0,0.0,0.0,0.0,0.0,0.0,1.66,1.66,1054924478,1054924478,,,19.661786632654096,0.0,,,,,,,,8312804886.64,,0.0,0.4007774139361769,0.0,0.0,0.0,0.0,,,0.0,0.0,0.0,,0.0,0.0,,0.0,0.0,0.0,0.011578426395939,0.0,0.0,0.0,0.0,0.0,,0.0,,,0.0,0.0,,,,,,,,,,0.0,0.0,0.0,0.0,0.0,0.0,,1988-03-30,,amc,,2025-04-25,1988-03-31,,,
1987-12-31,F,USD,37996,1987-12-31,1987-12-30 19:00:00,1987,Q4,18757900000.0,0.0,18757900000.0,1.0,0,0.0,0.0,0.0,-65442200000.0,-65442200000.0,-65442200000.0,0.0,0.0,0.0,-46684300000.0,-2.4887807271,-46684300000.0,-2.4887807271,46684300000.0,0.0,0.0,0.0,0.0,0.0,0.93,0.86,1015119781,1054924478,,,18.47850899085179,0.0,,,9.946609443521425,18.21725903300076,18.21725903300076,18.21725903300076,3.580464165932749,7034780082.33,572380082.3299999,0.0,0.3750302583087659,0.0,0.0,0.3804084899625257,0.3804084899625257,0.0305140811247527,-0.0122606547025445,0.0,0.0,0.0,,0.1965424194411849,0.0808484797255965,0.1384276941070124,1.2353737902817898,0.0,0.0,0.0131656565656565,0.0,0.0,0.0,0.0,0.0,,0.0,,0.0,,0.0,-9.756631862934803,4188100000.0,18492700000.0,-4481500000.0,18221600000.0,,,,21.11878195320372,0.0,0.0,4.2616094147582695,0.0,0.0,0.0,,1987-12-30,,amc,,2025-04-25,1987-12-31,,,
1987-09-30,F,USD,37996,1987-09-30,1987-09-29 20:00:00,1987,Q3,15246800000.0,0.0,15246800000.0,1.0,0,0.0,0.0,0.0,0.0,0.0,0.0,0.0,0.0,0.0,15246800000.0,1.0,15246800000.0,1.0,-15246800000.0,0.0,0.0,0.0,0.0,0.0,0.69,0.69,1054924478,1054924478,,,14.452977741976332,0.0,,,,,,,,9504869546.78,,0.0,0.6234009462169111,0.0,0.0,0.0,0.0,,,0.0,0.0,0.0,,0.0,0.0,,0.0,0.0,0.0,0.0075947835738068,0.0,0.0,0.0,0.0,0.0,,0.0,,,0.0,0.0,,,,,,,,,,0.0,0.0,0.0,0.0,0.0,0.0,,1987-09-29,,amc,,2025-04-25,1987-09-30,,,
1987-06-30,F,USD,37996,1987-06-30,1987-06-29 20:00:00,1987,Q2,19496100000.0,0.0,19496100000.0,1.0,0,0.0,0.0,0.0,0.0,0.0,0.0,0.0,0.0,0.0,19496100000.0,1.0,19496100000.0,1.0,-19496100000.0,0.0,0.0,0.0,0.0,0.0,1.46,1.46,1073726696,1073726696,,,18.157413867634716,0.0,,,,,,,,9770912933.6,,0.0,0.5011726926718677,0.0,0.0,0.0,0.0,,,0.0,0.0,0.0,,0.0,0.0,,0.0,0.0,0.0,0.0075196703296703,0.0,0.0,0.0,0.0,0.0,,0.0,,,0.0,0.0,,,,,,,,,,0.0,0.0,0.0,0.0,0.0,0.0,,1987-06-29,,amc,,2025-04-25,1987-06-30,,,
1987-03-31,F,USD,37996,1987-03-31,1987-03-30 19:00:00,1987,Q1,18142600000.0,0.0,18142600000.0,1.0,0,0.0,0.0,0.0,0.0,0.0,0.0,0.0,0.0,0.0,18142600000.0,1.0,18142600000.0,1.0,-18142600000.0,0.0,0.0,0.0,0.0,0.0,1.44,1.44,971082584,971082584,,,18.68286003572277,0.0,,,,,,,,7525890026.0,,0.0,0.4148187153991159,0.0,0.0,0.0,0.0,,,0.0,0.0,0.0,,0.0,0.0,,0.0,0.0,0.0,0.0076522580645161,0.0,0.0,0.0,0.0,0.0,,0.0,,,0.0,0.0,,,,,,,,,,0.0,0.0,0.0,0.0,0.0,0.0,,1987-03-30,,amc,,2025-04-25,1987-03-31,,,
1986-12-31,F,USD,37996,1986-12-31,1986-12-30 19:00:00,1986,Q4,16262400000.0,0.0,16262400000.0,1.0,0,0.0,0.0,0.0,-58659300000.0,-58659300000.0,-58659300000.0,0.0,0.0,0.0,-42396900000.0,-2.6070506198,-42396900000.0,-2.6070506198,42396900000.0,0.0,0.0,0.0,0.0,0.0,0.69,0.69,986244373,986244373,,,16.48921955370183,0.0,,,8.672394220088494,15.0667526292695,15.0667526292695,15.0667526292695,3.4890946850553037,5098883408.41,-13116591.590000153,0.0,0.3135381867627164,0.0,0.0,0.3431396351431744,0.3431396351431744,-0.0008065594002115,0.0003093761947217,0.0,0.0,0.0,,0.231575759615061,0.0907152083937468,0.120574853350127,1.1812666393610485,0.0,0.0,0.0114709864603481,0.0,0.0,0.0,0.0,0.0,,0.0,,0.0,,0.0,-9.133892417148422,2832400000.0,14859500000.0,-4615500000.0,16033100000.0,,,,19.30231700118064,0.0,0.0,4.662652675038706,0.0,0.0,0.0,,1986-12-30,,amc,,2025-04-25,1986-12-31,,,
1986-09-30,F,USD,37996,1986-09-30,1986-09-29 20:00:00,1986,Q3,14365800000.0,0.0,14365800000.0,1.0,0,0.0,0.0,0.0,0.0,0.0,0.0,0.0,0.0,0.0,14365800000.0,1.0,14365800000.0,1.0,-14365800000.0,0.0,0.0,0.0,0.0,0.0,0.66,0.66,986244373,986244373,,,14.566166756725313,0.0,,,,,,,,4803010096.51,,0.0,0.3343364168031018,0.0,0.0,0.0,0.0,,,0.0,0.0,0.0,,0.0,0.0,,0.0,0.0,0.0,0.0103041067761807,0.0,0.0,0.0,0.0,0.0,,0.0,,,0.0,0.0,,,,,,,,,,0.0,0.0,0.0,0.0,0.0,0.0,,1986-09-29,,amc,,2025-04-25,1986-09-30,,,
1986-06-30,F,USD,37996,1986-06-30,1986-06-29 20:00:00,1986,Q2,17302500000.0,0.0,17302500000.0,1.0,0,0.0,0.0,0.0,0.0,0.0,0.0,0.0,0.0,0.0,17302500000.0,1.0,17302500000.0,1.0,-17302500000.0,0.0,0.0,0.0,0.0,0.0,1.01,1.01,1116731770,1116731770,,,15.49387280349336,0.0,,,,,,,,5661830073.900001,,0.0,0.3272261276636324,0.0,0.0,0.0,0.0,,,0.0,0.0,0.0,,0.0,0.0,,0.0,0.0,0.0,0.0098976331360946,0.0,0.0,0.0,0.0,0.0,,0.0,,,0.0,0.0,,,,,,,,,,0.0,0.0,0.0,0.0,0.0,0.0,,1986-06-29,,amc,,2025-04-25,1986-06-30,,,
1986-03-31,F,USD,37996,1986-03-31,1986-03-30 19:00:00,1986,Q1,14785100000.0,0.0,14785100000.0,1.0,0,0.0,0.0,0.0,0.0,0.0,0.0,0.0,0.0,0.0,14785100000.0,1.0,14785100000.0,1.0,-14785100000.0,0.0,0.0,0.0,0.0,0.0,0.68,0.68,1116171704,1116171704,,,13.246259466186933,0.0,,,,,,,,5603181954.08,,0.0,0.3789749108277928,0.0,0.0,0.0,0.0,,,0.0,0.0,0.0,,0.0,0.0,,0.0,0.0,0.0,0.0084816733067729,0.0,0.0,0.0,0.0,0.0,,0.0,,,0.0,0.0,,,,,,,,,,0.0,0.0,0.0,0.0,0.0,0.0,,1986-03-30,,amc,,2025-04-25,1986-03-31,,,
1985-12-31,F,USD,37996,1985-12-31,1985-12-30 19:00:00,1985,Q4,14096600000.0,0.0,14096600000.0,1.0,0,0.0,0.0,0.0,-50044700000.0,-50044700000.0,-50044700000.0,0.0,0.0,0.0,-35948100000.0,-2.5501255622,-35948100000.0,-2.5501255622,35948100000.0,0.0,0.0,0.0,0.0,0.0,0.68,0.66,1116171704,1135966040,,,12.629418887329184,0.0,,,5.289329570748552,10.991678033077964,10.991678033077964,10.991678033077964,3.074616555590447,3962409549.2,1490409549.1999998,0.0,0.2810897343472894,0.0,0.0,0.3229716144629379,0.3229716144629379,0.1057282996750989,-0.0414600368086213,0.0,0.0,0.0,,0.2797222176939504,0.1085888949360199,0.0687658040341492,1.0967959052702427,0.0,0.0,0.0119938028169014,0.0,0.0,0.0,0.0,0.0,,0.0,,0.0,,0.0,-8.055503438922512,1236800000.0,12268600000.0,-5320800000.0,13658200000.0,,,,18.20800760467063,0.0,0.0,4.942880185139732,0.0,0.0,0.0,,1985-12-30,,amc,,2025-04-25,1985-12-31,,,
1985-09-30,F,USD,37996,1985-09-30,1985-09-29 20:00:00,1985,Q3,11630000000.0,0.0,11630000000.0,1.0,0,0.0,0.0,0.0,0.0,0.0,0.0,0.0,0.0,0.0,11630000000.0,1.0,11630000000.0,1.0,-11630000000.0,0.0,0.0,0.0,0.0,0.0,0.29,0.29,1135966040,1135966040,,,10.237982114324474,0.0,,,,,,,,3078467968.4,,0.0,0.2647005991745486,0.0,0.0,0.0,0.0,,,0.0,0.0,0.0,,0.0,0.0,,0.0,0.0,0.0,0.0134667896678966,0.0,0.0,0.0,0.0,0.0,,0.0,,,0.0,0.0,,,,,,,,,,0.0,0.0,0.0,0.0,0.0,0.0,,1985-09-29,,amc,,2025-04-25,1985-09-30,,,
