date,symbol,reportedCurrency,cik,fillingDate,acceptedDate,calendarYear,period,revenue,costOfRevenue,grossProfit,grossProfitRatio,researchAndDevelopmentExpenses,generalAndAdministrativeExpenses,sellingAndMarketingExpenses,sellingGeneralAndAdministrativeExpenses,otherExpenses,operatingExpenses,costAndExpenses,interestIncome,interestExpense,depreciationAndAmortization,ebitda,ebitdaratio,operatingIncome,operatingIncomeRatio,totalOtherIncomeExpensesNet,incomeBeforeTax,incomeBeforeTaxRatio,incomeTaxExpense,netIncome,netIncomeRatio,eps,epsdiluted,weightedAverageShsOut,weightedAverageShsOutDil,link,finalLink,revenuePerShare,netIncomePerShare,operatingCashFlowPerShare,freeCashFlowPerShare,cashPerShare,bookValuePerShare,tangibleBookValuePerShare,shareholdersEquityPerShare,interestDebtPerShare,marketCap,enterpriseValue,peRatio,priceToSalesRatio,pocfratio,pfcfRatio,pbRatio,ptbRatio,evToSales,enterpriseValueOverEBITDA,evToOperatingCashFlow,evToFreeCashFlow,earningsYield,freeCashFlowYield,debtToEquity,debtToAssets,netDebtToEBITDA,currentRatio,interestCoverage,incomeQuality,dividendYield,payoutRatio,salesGeneralAndAdministrativeToRevenue,researchAndDdevelopementToRevenue,intangiblesToTotalAssets,capexToOperatingCashFlow,capexToRevenue,capexToDepreciation,stockBasedCompensationToRevenue,grahamNumber,roic,returnOnTangibleAssets,grahamNetNet,workingCapital,tangibleAssetValue,netCurrentAssetValue,investedCapital,averageReceivables,averagePayables,averageInventory,daysSalesOutstanding,daysPayablesOutstanding,daysOfInventoryOnHand,receivablesTurnover,payablesTurnover,inventoryTurnover,roe,capexPerShare,report_date,epsEstimated,time,revenueEstimated,updatedFromDate,fiscalDateEnding,surprise(%),QuarterAvgPrice,QuarterAvgVolume
2025-03-31,FI,USD,798354,2025-04-25,2025-04-25 06:26:08,2025,Q1,5130000000.0,2073000000.0,3057000000.0,0.5959064327,0,0.0,0.0,1682000000.0,-20000000.0,1662000000.0,3735000000.0,8000000.0,339000000.0,768000000.0,2153000000.0,0.4196881092,1395000000.0,0.2719298246,-349000000.0,1046000000.0,0.2038986355,190000000.0,851000000.0,0.1658869396,1.5161232852307145,1.5069948645298388,561300000,564700000,https://www.sec.gov/Archives/edgar/data/798354/000079835425000104/0000798354-25-000104-index.htm,https://www.sec.gov/Archives/edgar/data/798354/000079835425000104/fisv-20250331.htm,9.139497594869054,1.5161232852307145,1.1544628540887223,0.5576340637805095,2.0969178692321395,47.249242829146624,-27.128095492606448,46.11437733832175,51.227507571708536,123951879000.0,151189879000.0,36.4135954759107,24.16215964912281,191.28376388888893,396.012392971246,4.788745132127956,4.788745132127956,29.471711306042884,70.32087395348837,233.31771450617285,483.0347571884984,0.0068655675643287,0.0025251734989834,1.0977824138463916,0.3534116066764508,12.668837209302325,1.0986562486583953,4.115044247787611,0.7641509433962265,0.0,0.0,0.0,0.0,0.5192408149051019,0.0,0.0,0.0,0.0241715399610136,39.662190162638105,0.0196947488751288,0.0220158327728048,-88.11330839123464,2298000000.0,-15227000000.0,-28290000000.0,46473000000.0,4026500000.0,587000000.0,0.0,75.9298245614035,28.784370477568743,0.0,1.185304990757856,3.126696832579185,0.0,0.0328774532529748,0.0,2025-04-24,2.08,bmo,4833268540.0,2025-04-30,2025-03-31,0.0288461538461538,218.93941666666663,2995354.05
2024-12-31,FI,USD,798354,2025-02-20,2025-02-20 07:34:30,2024,Q4,5251000000.0,2019000000.0,3232000000.0,0.6155018092,0,0.0,0.0,1564000000.0,0.0,1564000000.0,3583000000.0,11000000.0,334000000.0,758000000.0,2276000000.0,0.4334412493,1668000000.0,0.3176537802,-484000000.0,1184000000.0,0.2254808608,193000000.0,938000000.0,0.1786326414,1.64,1.64,578700000,582100000,https://www.sec.gov/Archives/edgar/data/798354/000079835425000047/0000798354-25-000047-index.htm,https://www.sec.gov/Archives/edgar/data/798354/000079835425000047/fi-20241231.htm,9.07378607223086,1.620874373595991,3.8379125626404007,3.14843614999136,2.135821669258683,47.8417141869708,-22.412303438742008,46.77380335234145,43.5009504060826,118876554000.0,142480554000.0,31.683516524520257,22.63884098266997,53.52388743809095,65.24509001097695,4.391774567755283,4.391774567755283,27.133984764806705,62.60129789103691,64.15153264295363,78.20008452250275,0.0078905382805763,0.0153268238243177,0.9176887838037536,0.3218617186690162,10.370826010544816,1.0595748521911812,4.994011976047904,2.342827004219409,0.0,0.0,0.0,0.0,0.5267958950969214,0.179648806843764,0.0759855265663683,0.5263852242744064,0.017901352123405,41.30163837200822,0.0248731445372219,0.0256845564074479,-78.55581475721445,1320000000.0,-12970000000.0,-26013000000.0,44350000000.0,3719500000.0,497000000.0,-929000000.0,63.84498190820795,22.778603268945023,0.0,1.4096644295302014,3.9510763209393343,0.0,0.0346534653465346,0.6894764126490409,2025-02-05,2.48,bmo,4950915493.0,2025-04-30,2024-12-31,0.0120967741935483,204.144375,2729405.875
2024-09-30,FI,USD,798354,2024-10-23,2024-10-23 07:05:30,2024,Q3,5215000000.0,2008000000.0,3207000000.0,0.6149568552,0,0.0,0.0,1606000000.0,0.0,1606000000.0,3614000000.0,13000000.0,339000000.0,844000000.0,2454000000.0,0.4705656759,1601000000.0,0.3069990412,-330000000.0,1271000000.0,0.2437200384,74000000.0,564000000.0,0.1081495686,0.98,0.98,573700000,576900000,https://www.sec.gov/Archives/edgar/data/798354/000079835424000190/0000798354-24-000190-index.htm,https://www.sec.gov/Archives/edgar/data/798354/000079835424000190/fisv-20240930.htm,9.09011678577654,0.9830922084713264,3.9358549764685375,3.2002788914066587,2.1404915461042355,49.50845389576434,-33.20899424786474,48.37197141363082,44.85445354715008,103065205000.0,127842205000.0,45.68493129432624,19.76322243528284,45.64446634189549,56.1357325708061,3.7139276062123887,3.7139276062123887,24.51432502396932,52.0954380603097,56.61745128432241,69.63083061002179,0.0054722638935225,0.0178139654406159,0.9150661237432886,0.3182524563866051,10.096577017114914,1.0661998726925526,4.722713864306785,4.00354609929078,0.0,0.0,0.0,0.0,0.5947338079005414,0.1780336581045172,0.0770853307766059,0.5037593984962406,0.0168744007670182,32.71035668737975,0.0262059716014559,0.0174413210872993,-84.19818720585673,1560000000.0,-19052000000.0,-26264000000.0,51392000000.0,3729000000.0,502500000.0,-929000000.0,64.09587727708532,21.64840637450199,-83.27689243027888,1.4041464728056003,4.157349896480331,-1.0807319698600646,0.0203235919426327,0.7007146592295624,2024-10-22,2.26,bmo,4904056919.0,2025-04-25,2024-09-30,0.0176991150442478,164.9484375,2373077.5625
2024-06-30,FI,USD,798354,2024-07-25,2024-07-25 07:06:36,2024,Q2,5107000000.0,1983000000.0,3124000000.0,0.6117094184,0,0.0,0.0,1697000000.0,-5000000.0,1697000000.0,3680000000.0,9000000.0,294000000.0,705000000.0,2137000000.0,0.4184452712,1427000000.0,0.2794204034,-290000000.0,1138000000.0,0.2228314079,221000000.0,894000000.0,0.1750538477,1.53,1.53,582700000,585400000,https://www.sec.gov/Archives/edgar/data/798354/000079835424000156/0000798354-24-000156-index.htm,https://www.sec.gov/Archives/edgar/data/798354/000079835424000156/fisv-20240630.htm,8.764372747554487,1.534237171786511,2.3305302900291744,1.7333104513471769,2.050798009267204,49.38733482066243,-31.990732795606657,48.31645786854299,44.47056804530633,85738477999.99998,110162477999.99998,23.976084451901563,16.788423340513017,63.13584536082474,84.88958217821781,3.045339134758826,3.045339134758826,21.57087879381241,51.55005989705194,81.12111782032399,109.0717603960396,0.0104270570326662,0.0117800085044663,0.9099595084179868,0.2742434460537161,11.429106223678051,1.058727659456921,4.85374149659864,1.5190156599552571,0.0,0.0,0.0,0.0,0.5076056820493058,0.2562592047128129,0.0681417662032504,0.4936170212765957,0.0193851576267867,40.83993606259624,0.0196782027315993,0.0194356276359841,-104.06040844345289,2126000000.0,-18641000000.0,-26312000000.0,51830000000.0,3659000000.0,531000000.0,271500000.0,65.98002741335422,23.69137670196672,0.0,1.3640491452991452,3.798850574712643,0.0,0.0317539248419407,0.5972198386819976,2024-07-24,2.1,bmo,4812360500.0,2025-04-25,2024-06-30,0.0142857142857141,151.37460317460318,2435737.1587301586
2024-03-31,FI,USD,798354,2024-03-31,2024-03-29 20:00:00,2024,Q1,4883000000.0,2006000000.0,2877000000.0,0.5891869752,0,0.0,0.0,1697000000.0,-7000000.0,1697000000.0,3703000000.0,10000000.0,271000000.0,774000000.0,1954000000.0,0.4001638337,1180000000.0,0.2416547205,-267000000.0,913000000.0,0.1869752202,153000000.0,735000000.0,0.1505222199,1.24,1.24,590900000,594800000,,,8.263665594855306,1.2438652902352345,1.4435606701641563,0.732780504315451,2.054493146048401,50.06430868167202,-31.10678625825013,48.74090370621087,41.986799796919954,93699013000.0,117024013000.0,31.870412585034018,19.188821011673152,109.84643962485346,216.39494919168592,3.253324988715669,3.253324988715669,23.96559758345279,59.88946417604913,137.19110550996484,270.2633094688222,0.0078442661930707,0.0046211799477546,0.852019027117114,0.2647198429308076,11.937052200614126,1.056267441198246,4.354243542435424,1.1605442176870748,0.0,0.0,0.0,0.0,0.5174221666055363,0.492379835873388,0.0860126971124308,0.5426356589147286,0.0176121236944501,36.93386200404996,0.0168295433550749,0.016430455581884,-99.76138094432224,1976000000.0,-18381000000.0,-26021000000.0,52166000000.0,3578000000.0,494500000.0,271500000.0,65.87343845996314,24.22731804586241,24.36191425722832,1.3662562954672637,3.714814814814815,3.694290976058932,0.0255199472240547,0.7107801658487054,2024-04-23,1.79,bmo,4566427708.0,2025-04-25,2024-03-31,0.0502793296089384,145.63918032786884,2595314.3114754097
2023-12-31,FI,USD,798354,2023-12-31,2023-12-30 19:00:00,2023,Q4,4917000000.0,1270000000.0,3647000000.0,0.7417124263,0,0.0,0.0,1624000000.0,-572000000.0,2196000000.0,3466000000.0,5000000.0,284000000.0,767000000.0,2218000000.0,0.4510880618,1451000000.0,0.2950986374,-343000000.0,1103000000.0,0.2243237747,210000000.0,870000000.0,0.1769371568,1.45,1.44,600618514,602700000,,,8.186560829192155,1.4485067971114856,2.698884503583584,2.109492082689945,2.004600211174976,51.06236202369213,-29.54620876039129,49.71042234638808,40.26682400935779,79786163399.76,102483163399.76,22.9270584482069,16.22659414272117,49.22033522502159,62.97250465647987,2.672276631937569,2.672276631937569,20.842620174854584,46.205213435419296,63.22218593446021,80.88647466437253,0.0109041463197191,0.0158799464219357,0.8005157919415883,0.2629662229068104,10.233092876465284,1.0375238435860754,5.109154929577465,1.8632183908045976,0.0,0.0,0.0,0.0,0.5326768621410496,0.2183837137569401,0.0719951189749847,0.4615384615384615,0.0136261948342485,40.25086837275167,0.0201807963037147,0.020482636845203,-93.78748521228567,1259000000.0,-17746000000.0,-25410000000.0,52463000000.0,3521500000.0,445000000.0,0.0,65.56436851738864,31.81889763779527,0.0,1.3726968174204357,2.8285077951002227,0.0,0.0291388954014134,0.589392420893639,2024-02-06,2.15,bmo,4689190000.0,2025-04-25,2023-12-31,0.0186046511627907,122.7126984126984,2947694.396825397
2023-09-30,FI,USD,798354,2023-09-30,2023-09-30 00:00:00,2023,Q3,4873000000.0,1894000000.0,2979000000.0,0.6113277242,0,0.0,0.0,1652000000.0,-35000000.0,1652000000.0,3546000000.0,10000000.0,258000000.0,769000000.0,2096000000.0,0.4301251796,1503000000.0,0.3084342294,-293000000.0,1210000000.0,0.2483069977,239000000.0,952000000.0,0.1953621999,1.57,1.56,606200000,610300000,,,8.038601121742,1.5704387990762123,2.571758495546024,1.9861431870669743,2.2253381722203893,50.125371164632135,-29.51006268558232,48.78422962718575,38.87165951831079,68476352000.0,90433352000.0,17.982235294117647,14.052196183049457,43.923253367543296,56.87404651162791,2.3155023839312885,2.3155023839312885,18.558044736302072,43.14568320610687,58.00728159076331,75.11075747508306,0.0139026097651931,0.0175827123500971,0.7880837250194435,0.2769446490957055,10.4756679389313,1.0733035412520184,5.825581395348837,1.608875128998968,0.0,0.0,0.0,0.0,0.5736506880243364,0.22771007055805,0.0728504001641699,0.4616384915474642,0.0155961420069772,41.51848452515403,0.020692179421177,0.0265336269126787,-82.18945892444738,1952000000.0,-17889000000.0,-25187000000.0,52349000000.0,3463000000.0,426500000.0,0.0,63.92160886517545,20.955649419218584,0.0,1.4079745738225946,4.294784580498866,0.0,0.032191526054171,0.5856153084790499,2023-10-24,1.93,bmo,4604440000.0,2025-04-25,2023-09-30,0.0155440414507772,123.15285714285714,2275941.1428571427
2023-06-30,FI,USD,798354,2023-06-30,2023-06-30 00:00:00,2023,Q2,4756000000.0,1929000000.0,2827000000.0,0.5944070648,0,0.0,0.0,1696000000.0,-26000000.0,1696000000.0,3625000000.0,5000000.0,232000000.0,800000000.0,1931000000.0,0.4060134567,1131000000.0,0.237804878,-258000000.0,873000000.0,0.1835576114,181000000.0,683000000.0,0.143608074,1.11,1.1,615400000,619200000,,,7.728306792330192,1.1098472538186546,1.4267143321416964,0.8742281442963926,1.7582060448488788,50.17387065323367,-29.267143321416963,48.73415664608385,38.08092297692558,77632710000.0,99753710000.0,28.416072474377746,16.323109756097562,88.4199430523918,144.29871747211897,2.5885335600680204,2.5885335600680204,20.974287216148024,51.65909373381668,113.61470387243736,185.41581784386617,0.0087978379216698,0.0069300685239507,0.7736654329632223,0.2990115852008402,11.455722423614707,1.101839482067619,4.875,1.2633093525179857,0.0,0.0,0.0,0.0,0.630008118661323,0.3872437357630979,0.0714886459209419,0.425,0.0222876366694701,34.88506948851538,0.0152304264319741,0.02378879175229,-69.94028274293143,1982000000.0,-18011000000.0,-25278000000.0,52893000000.0,3402500000.0,418500000.0,0.0,65.56980656013457,19.22239502332815,0.0,1.3725829725829726,4.682038834951456,0.0,0.0227734987162815,0.5524861878453039,2023-07-26,1.81,bmo,4543250000.0,2025-04-25,2023-06-30,0.0,117.72048387096774,3696758.7258064514
2023-03-31,FI,USD,798354,2023-03-31,2023-03-31 00:00:00,2023,Q1,4547000000.0,2005000000.0,2542000000.0,0.559049923,0,0.0,0.0,1604000000.0,-20000000.0,1604000000.0,3609000000.0,8000000.0,202000000.0,785000000.0,1723000000.0,0.3789311634,934000000.0,0.2054101605,-222000000.0,712000000.0,0.1565867605,124000000.0,563000000.0,0.1238179019,0.9,0.89,626900000,631300000,,,7.253150422714946,0.8980698676024884,1.8025203381719568,1.26176423672037,1.668527675865369,49.37629605997767,-28.803636943691178,47.97734885946722,36.05997766788962,70858507000.0,92216507000.0,31.46470115452931,15.583573125137454,62.70664336283186,89.5809190897598,2.3559034145692723,2.3559034145692723,20.28073608972949,53.52089785258271,81.60752831858407,116.58218331226296,0.0079454115509377,0.0111630915395945,0.7448881204907404,0.2926791033077285,12.395821242019734,1.075597731007793,4.623762376237623,1.961805555555556,0.0,0.0,0.0,0.0,0.6402649318074933,0.3,0.0745546514185177,0.4318471337579618,0.0204530459643721,31.136116570763168,0.013237066098946,0.020445219159676,-67.06492263518902,1426000000.0,-18057000000.0,-25305000000.0,52439000000.0,3462500000.0,538500000.0,0.0,66.10952276226082,19.077306733167084,0.0,1.361377245508982,4.7176470588235295,0.0,0.0187186222030122,0.5407561014515871,2023-04-25,1.57,bmo,4176425843.0,2025-04-25,2023-03-31,0.0063694267515923,110.00451612903224,3648630.64516129
2022-12-31,FI,USD,798354,2022-12-31,2022-12-31 00:00:00,2022,Q4,4631000000.0,1980000000.0,2651000000.0,0.5724465558,0,0.0,0.0,1499000000.0,-11000000.0,1499000000.0,3479000000.0,5000000.0,199000000.0,771000000.0,1937000000.0,0.4182681926,1179000000.0,0.2545886418,-210000000.0,969000000.0,0.2092420643,169000000.0,782000000.0,0.1688620168,1.23,1.22,635910974,638600000,,,7.282465925804262,1.2297318838218383,2.567969522098545,2.04745641014838,1.418437543743348,49.83087459660666,-27.579332197528643,48.47848403383584,33.99375208769396,64271522142.17999,84787522142.18,20.54716181015985,13.878540734653422,39.357943749038576,49.36368828124424,2.084842420597509,2.084842420597509,18.30868541182898,43.77259790510067,51.92132403072871,65.12098474821812,0.0121671305414251,0.0202578055817589,0.6947580121967043,0.2553744530160131,10.591636551368095,1.0410461864086478,5.924623115577889,2.0463659147869677,0.0,0.0,0.0,0.0,0.5869391551109469,0.2026944274341702,0.0714748434463398,0.4293125810635538,0.017058950550637,36.62443984082906,0.0167814529076616,0.0225731027913286,-76.4104599333428,1086000000.0,-17538000000.0,-24637000000.0,52270000000.0,3444000000.0,560500000.0,0.0,69.67177715396244,29.63636363636364,0.0,1.2917712691771268,3.03680981595092,0.0,0.0253665498897106,0.5205131119501643,2023-02-07,1.91,bmo,4347124111.0,2025-04-25,2022-12-31,0.0,99.59380952380953,3736817.460317461
2022-09-30,FI,USD,798354,2022-09-30,2022-09-30 00:00:00,2022,Q3,4518000000.0,1996000000.0,2522000000.0,0.5582115981,0,0.0,0.0,1547000000.0,-13000000.0,1547000000.0,3543000000.0,3000000.0,190000000.0,790000000.0,1765000000.0,0.3906595839,855000000.0,0.1892430279,-203000000.0,652000000.0,0.1443116423,147000000.0,481000000.0,0.1064630367,0.76,0.75,636000000,645000000,,,7.10377358490566,0.7562893081761006,1.8553459119496856,1.179245283018868,1.4040880503144657,48.96698113207548,-27.60062893081761,47.68238993710692,33.90723270440252,59510519999.99999,79992520000.0,30.9306237006237,13.171872509960158,50.43264406779661,79.34736,1.9623596913539536,1.9623596913539536,17.705294378043384,45.32154107648725,67.79027118644068,106.65669333333334,0.0080826045546232,0.0126028137546101,0.7048407307261096,0.2825885774722369,11.604532577903685,1.0614719077120274,4.5,2.393509127789047,0.0,0.0,0.0,0.0,0.6437995769434162,0.3644067796610169,0.0951748561310314,0.5443037974683544,0.0196989818503762,28.48487033845594,0.0115282987795422,0.0178525034331737,-64.66470125786164,1151000000.0,-17554000000.0,-24622000000.0,51772000000.0,3248500000.0,507000000.0,0.0,65.79681274900399,21.14729458917836,0.0,1.3678474114441417,4.255863539445629,0.0,0.0158609773791466,0.6761006289308176,2022-09-30,1.69,bmo,4272893228.0,2025-04-25,2022-09-30,-0.5585798816568047,101.90609375,3682400.0
2022-06-30,FI,USD,798354,2022-06-30,2022-06-30 00:00:00,2022,Q2,4450000000.0,2044000000.0,2406000000.0,0.5406741573,0,0.0,0.0,1546000000.0,-66000000.0,1546000000.0,3590000000.0,2000000.0,176000000.0,809000000.0,1669000000.0,0.3750561798,860000000.0,0.193258427,-242000000.0,618000000.0,0.1388764045,137000000.0,598000000.0,0.1343820225,0.93,0.92,643000000,650800000,,,6.920684292379471,0.9300155520995336,1.5396578538102643,0.937791601866252,1.3732503888024885,49.72006220839813,-27.799377916018663,48.38102643856921,33.734059097978225,57207710000.0,77839710000.0,23.916266722408025,12.855665168539328,57.78556565656566,94.87182421227196,1.8389440354881224,1.8389440354881224,17.49206966292135,46.63853205512283,78.62596969696969,129.0874129353234,0.0104531364740871,0.0105405372807266,0.6916005014625992,0.2786483966222867,12.361893349310964,1.0480595318071415,4.886363636363637,1.625615763546798,0.0,0.0,0.0,0.0,0.6455602756048283,0.3909090909090909,0.0869662921348314,0.4783683559950556,0.0211235955056179,31.81807517472076,0.0114495604045271,0.0218511345781415,-65.26205287713842,930000000.0,-17875000000.0,-24961000000.0,52579000000.0,3052500000.0,492000000.0,0.0,64.59775280898876,23.99706457925636,0.0,1.393237319974953,3.75045871559633,0.0,0.0192227329711659,0.6018662519440124,2022-06-30,1.55,bmo,4069385353.0,2025-04-25,2022-06-30,-0.4070967741935484,96.99145161290323,3077843.5483870967
2022-03-31,FI,USD,798354,2022-03-31,2022-03-31 00:00:00,2022,Q1,4138000000.0,1972000000.0,2166000000.0,0.523441276,0,0.0,0.0,1467000000.0,-4000000.0,1467000000.0,3439000000.0,3000000.0,168000000.0,799000000.0,1498000000.0,0.3620106332,846000000.0,0.2044465926,-172000000.0,674000000.0,0.1628806187,98000000.0,669000000.0,0.1616723055,1.03,1.02,647000000,657200000,,,6.395672333848531,1.034003091190108,1.259659969088099,0.7480680061823802,1.3338485316846986,49.67851622874807,-27.57032457496136,48.3338485316847,32.82534775888717,65605800000.0,85812800000.0,24.516367713004488,15.854470758820684,80.49791411042945,135.54917355371902,2.0979086722947047,2.0979086722947047,20.73774770420493,57.2849132176235,105.2917791411043,177.29917355371902,0.0101972691438866,0.0073773965106743,0.6737656689690458,0.2791837816350868,13.48931909212283,1.040214326001128,5.035714285714286,1.1950146627565983,0.0,0.0,0.0,0.0,0.662249900622764,0.4061349693251533,0.0799903334944417,0.4142678347934919,0.014741420976317,33.533421355339215,0.0124029214630283,0.0262455865045115,-62.259273570324574,713000000.0,-17838000000.0,-24885000000.0,52422000000.0,2885500000.0,516000000.0,0.0,63.313194780087,20.03549695740365,0.0,1.4215046375815872,4.492027334851937,0.0,0.021392939370683,0.5115919629057187,2022-03-31,1.35,bmo,3840737052.0,2025-04-25,2022-03-31,-0.2444444444444445,101.20983870967744,4036148.3870967743
2021-12-31,FI,USD,798354,2021-12-31,2021-12-31 00:00:00,2021,Q4,4257000000.0,2203000000.0,2054000000.0,0.4824994127,0,0.0,0.0,1521000000.0,35000000.0,1521000000.0,3724000000.0,0.0,170000000.0,631000000.0,1195000000.0,0.2807141179,533000000.0,0.1252055438,-135000000.0,398000000.0,0.0934930702,63000000.0,333000000.0,0.0782241015,0.51,0.5,650000000,663900000,,,6.549230769230769,0.5123076923076924,2.066153846153846,1.533846153846154,1.2846153846153847,49.15384615384615,-28.44923076923077,47.61846153846154,32.933846153846154,67463500000.00001,87865500000.0,50.64827327327327,15.84766267324407,50.23343261355176,67.6664994984955,2.179616826053244,2.179616826053244,20.640239605355884,73.52761506276151,65.42479523454952,88.12988966900703,0.0049360024309441,0.0147783616325865,0.6861269061773068,0.278521685530302,17.072803347280335,1.0314293522820444,3.135294117647059,3.783098591549296,0.0,0.0,0.0,0.0,0.6615431022046191,0.2576321667907669,0.0812778952313836,0.4430217669654289,0.0115104533709184,23.428494257960036,0.0076579040909861,0.0129034758011392,-63.56769230769231,575000000.0,-18492000000.0,-25429000000.0,52759000000.0,2826500000.0,544500000.0,0.0,60.46511627906977,24.2260553790286,0.0,1.4884615384615385,3.715008431703204,0.0,0.0107585939519255,0.5323076923076923,2021-12-31,1.56,bmo,4027176225.0,2025-04-25,2021-12-31,-0.6782051282051282,103.40234375,4500439.0625
2021-09-30,FI,USD,798354,2021-09-30,2021-09-30 00:00:00,2021,Q3,4163000000.0,2051000000.0,2112000000.0,0.5073264473,0,0.0,0.0,1476000000.0,14000000.0,1476000000.0,3527000000.0,1000000.0,172000000.0,805000000.0,1441000000.0,0.3461446073,636000000.0,0.1527744415,-158000000.0,478000000.0,0.1148210425,54000000.0,428000000.0,0.1028104732,0.65,0.64,661400000,669700000,,,6.29422437254309,0.6471121862715452,1.025098276383429,0.5412760810402177,1.4106440882975506,49.2651950408225,-27.19534321136982,47.771394012700334,31.9942546114303,71761900000.0,91817900000.0,41.9169976635514,17.238025462406917,105.84351032448376,200.4522346368715,2.2712337004684136,2.2712337004684136,22.055705020417967,63.71818181818182,135.42463126843657,256.4745810055866,0.0059641676154059,0.0049887196409236,0.6642929484744905,0.2770203386698694,13.918112421929216,1.049140189044528,3.697674418604651,1.5201793721973094,0.0,0.0,0.0,0.0,0.6674541687014135,0.471976401179941,0.0768676435263031,0.3975155279503105,0.0151333173192409,26.37333222154442,0.0096182805540127,0.0169868233052865,-60.7125037798609,863000000.0,-17987000000.0,-24758000000.0,53151000000.0,2728000000.0,487500000.0,47340000.0,60.38193610377133,21.764992686494395,0.0,1.4905119942713927,4.13508064516129,0.0,0.0135460184833523,0.4838221953432113,2021-10-27,1.44,bmo,,2025-04-25,2021-09-30,0.0208333333333333,111.7271875,3928815.625
2021-06-30,FI,USD,798354,2021-08-06,2021-08-05 17:46:54,2021,Q2,4051000000.0,1967000000.0,2084000000.0,0.5144408788,0,16427000.0,1423573000.0,1440000000.0,1000000.0,1440000000.0,3407000000.0,1000000.0,175000000.0,813000000.0,1457000000.0,0.3596642804,644000000.0,0.1589730931,-174000000.0,470000000.0,0.1160207356,228000000.0,269000000.0,0.0664033572,0.41,0.4,663700000,672700000,https://www.sec.gov/Archives/edgar/data/1575828/000143774921018804/0001437749-21-018804-index.htm,https://www.sec.gov/Archives/edgar/data/1575828/000143774921018804/fi20210630_10q.htm,6.10366129275275,0.4053036010245593,1.5986138315503993,1.206870574054543,1.2701913515142385,49.40937170408317,-28.003616091607658,47.90266686756065,31.66792225403044,70942893000.0,90944893000.0,65.93205669144982,17.512439644532215,66.864178133836,88.5679063670412,2.231399773535055,2.231399773535055,22.44998592940015,62.41928140013727,85.71620452403393,113.5391922596754,0.0037917822155913,0.0112907715787682,0.6555845626395748,0.2750607052364865,13.728208647906657,1.0275926033273433,3.68,3.7359154929577465,0.0,0.0,0.0040550481362626,0.0,0.6780379011824325,0.2450518378887841,0.0641816835349296,0.3198031980319803,0.0150580103678104,20.900724294920952,0.0056256296652987,0.0110259458130097,-60.41190899502787,476000000.0,-18586000000.0,-25256000000.0,53505000000.0,2640000000.0,481000000.0,94709000.0,59.16316958775611,21.91662430096594,4.332079308591764,1.5212166729252723,4.106471816283925,20.7752429235319,0.0084609819771647,0.3917432574958566,2021-07-27,1.29,bmo,107841000.0,2025-04-25,2021-06-30,0.062015503875969,116.25619047619048,4533371.428571428
2021-03-31,FI,USD,798354,2021-05-04,2021-05-04 16:07:12,2021,Q1,3755000000.0,1907000000.0,1848000000.0,0.4921438083,0,16447000.0,1356553000.0,1373000000.0,21000000.0,1373000000.0,3280000000.0,1000000.0,176000000.0,797000000.0,1272000000.0,0.3387483356,475000000.0,0.1264980027,-155000000.0,320000000.0,0.0852197071,18000000.0,304000000.0,0.0809587217,0.45,0.45,668600000,679900000,https://www.sec.gov/Archives/edgar/data/1575828/000157582821000020/0001575828-21-000020-index.htm,https://www.sec.gov/Archives/edgar/data/1575828/000157582821000020/fi-20210331.htm,5.616212982351182,0.4546814238707747,1.4238707747532158,1.073885731379001,1.2462638348788513,49.12503739156446,-27.714627580017947,47.63834878851331,31.97726592880646,79590144000.0,99963144000.0,65.45242105263158,21.19577736351531,83.60309243697479,110.849782729805,2.4988271639822925,2.4988271639822925,26.62134327563249,78.58737735849057,105.0033025210084,139.22443454038998,0.0038195684128929,0.0090212175015037,0.6657247810115852,0.2833244254409406,16.016509433962263,1.0336372209996856,2.698863636363636,2.993710691823899,0.0,0.0,0.0043800266311584,0.0,0.6864644575093533,0.245798319327731,0.0623169107856191,0.2936010037641154,0.0175765645805592,22.07614381646648,0.0075594214262828,0.0129554655870445,-58.557626383487886,535000000.0,-18530000000.0,-25555000000.0,53556000000.0,2549500000.0,460000000.0,88228000.0,62.724367509986685,22.79496591504982,4.471116937598322,1.434849063813527,3.94824016563147,20.12919842090819,0.0095444413048255,0.3499850433742147,2021-04-27,1.13,bmo,96270000.0,2025-04-25,2021-03-31,0.0353982300884956,114.7588524590164,4640263.934426229
2020-12-31,FI,USD,798354,2021-03-01,2021-03-01 12:52:25,2020,Q4,3832000000.0,1857000000.0,1975000000.0,0.5153966597,0,14623000.0,1444377000.0,1459000000.0,-6000000.0,1459000000.0,3316000000.0,0.0,174000000.0,774000000.0,1284000000.0,0.3350730689,516000000.0,0.1346555324,-180000000.0,336000000.0,0.0876826722,20000000.0,300000000.0,0.0782881002,0.45,0.44,669100000,681200000,https://www.sec.gov/Archives/edgar/data/1575828/000157582821000009/0001575828-21-000009-index.htm,https://www.sec.gov/Archives/edgar/data/1575828/000157582821000009/fi-20201231.htm,5.727096099237782,0.4483634733223733,1.7725302645344492,1.457181288297713,1.3574234045733071,49.8116873412046,-27.426393663129577,48.3186369750411,31.173217755193544,76183726000.0,95961726000.0,63.48643833333333,19.880930584551148,64.23585666104553,78.13715487179488,2.356440643365296,2.356440643365296,25.04220407098121,74.73654672897196,80.91207925801012,98.42228307692308,0.0039378488786437,0.012798008855592,0.6397772966285185,0.2771948163336415,15.403426791277258,1.0372194154889045,2.9655172413793105,3.789137380191693,0.0,0.0,0.0038160229645093,0.0,0.6925849984588376,0.1779089376053962,0.055062630480167,0.272609819121447,0.0216597077244258,22.078202321689968,0.0081572963017215,0.0130781638257988,-57.50917501120909,582000000.0,-18351000000.0,-25071000000.0,53890000000.0,2402500000.0,405000000.0,82267500.0,58.293319415448856,21.179321486268176,3.9604846526655897,1.5439161966156325,4.249427917620137,22.724491544090657,0.0092793071450665,0.3153489762367359,2021-02-09,1.29,bmo,88200000.0,2025-04-25,2020-12-31,0.0077519379844961,107.76046875,4031487.5
2020-09-30,FI,USD,798354,2020-11-03,2020-11-03 16:34:02,2020,Q3,3786000000.0,1868000000.0,1918000000.0,0.5066032752,0,18665000.0,1393335000.0,1412000000.0,13000000.0,1412000000.0,3280000000.0,2000000.0,174000000.0,787000000.0,1343000000.0,0.3547279451,542000000.0,0.1431590069,-161000000.0,381000000.0,0.1006339144,124000000.0,264000000.0,0.0697305864,0.39,0.39,669800000,680300000,https://www.sec.gov/Archives/edgar/data/1575828/000157582820000034/0001575828-20-000034-index.htm,https://www.sec.gov/Archives/edgar/data/1575828/000157582820000034/fi-20200930.htm,5.65243356225739,0.3941475067184234,1.5556882651537771,1.2555986861749775,1.3989250522544043,48.80412063302478,-28.16960286652732,47.31561660197074,31.999104210212003,69022890000.0,89344890000.0,65.36258522727273,18.23108557844691,66.2407773512476,82.07240190249702,2.1779278682317305,2.1779278682317305,23.5987559429477,66.5263514519732,85.74365642994242,106.23649227110585,0.0038248181146863,0.0121843637668605,0.6708002019437082,0.2937462001879179,15.131794489947875,1.0574530649174394,3.1149425287356323,3.775362318840579,0.0,0.0,0.0049300052826201,0.0,0.7123887691372354,0.1928982725527831,0.0530903328050713,0.2554002541296061,0.0221870047543581,20.48438373570245,0.0061472416496076,0.01268316118184,-55.18414676022693,762000000.0,-18868000000.0,-25658000000.0,53949000000.0,2417500000.0,386500000.0,81337000.0,55.22187004754358,17.971092077087793,3.990112419700214,1.629789065863108,5.008042895442359,22.555755460835336,0.0083301779628928,0.3000895789787996,2020-10-27,1.15,bmo,67533600.0,2025-04-25,2020-09-30,0.0434782608695652,99.5978125,4841292.1875
2020-06-30,FI,USD,798354,2020-08-04,2020-08-04 16:50:35,2020,Q2,3465000000.0,1920000000.0,1545000000.0,0.4458874459,0,22286000.0,1354714000.0,1377000000.0,1000000.0,1377000000.0,3297000000.0,178000.0,174000000.0,817000000.0,985000000.0,0.2842712843,165000000.0,0.0476190476,-173000000.0,-8000000.0,-0.0023088023,-27000000.0,2000000.0,0.0005772006,0.003,0.0029,670000000,680800000,https://www.sec.gov/Archives/edgar/data/1575828/000157582820000023/0001575828-20-000023-index.htm,https://www.sec.gov/Archives/edgar/data/1575828/000157582820000023/fi-20200630.htm,5.1716417910447765,0.0029850746268656,1.5388059701492538,1.1776119402985077,1.2970149253731342,49.680597014925375,-29.01194029850746,47.13880597014926,32.907462686567165,65405400000.0,86410400000.0,8175.675,18.876017316017315,63.43879728419011,82.89657794676806,2.070905233828326,2.070905233828326,24.938066378066377,87.72629441624366,83.81222114451988,109.51888466413182,3.057851492384421e-05,0.0120632241374565,0.6925877845676471,0.2837352288794054,21.3248730964467,1.043078758949881,0.9482758620689656,114.55555555555556,0.0,0.0,0.006431746031746,0.0,0.6839012621119946,0.2347235693501455,0.0698412698412698,0.2962056303549572,0.0271284271284271,1.7793367323107572,-0.006456781783431,8.207148426279289e-05,-61.21503208955224,722000000.0,-19438000000.0,-26325000000.0,55134000000.0,2547000000.0,385000000.0,78972500.0,65.24675324675324,18.75,3.743296875,1.3793789808917198,4.8,24.042976821067658,6.332520659848652e-05,0.3611940298507463,2020-08-05,0.94,bmo,59608384.0,2025-04-25,2020-06-30,-0.0106382978723403,100.6984126984127,4763166.666666667
2020-03-31,FI,USD,798354,2020-05-11,2020-05-11 16:41:01,2020,Q1,3769000000.0,2167000000.0,1602000000.0,0.4250464314,0,26683000.0,1377317000.0,1404000000.0,20000000.0,1404000000.0,3571000000.0,533000.0,187000000.0,832000000.0,1479000000.0,0.3924117803,629000000.0,0.1668877686,-167000000.0,462000000.0,0.1225789334,79000000.0,392000000.0,0.1040063677,0.58,0.57,678100000,691200000,https://www.sec.gov/Archives/edgar/data/1575828/000157582820000015/0001575828-20-000015-index.htm,https://www.sec.gov/Archives/edgar/data/1575828/000157582820000015/a3312020-documentfy20q.htm,5.558177259991152,0.5780858280489604,1.309541365580298,0.9467630143046748,1.3213390355404808,49.47057956053679,-28.2450965934228,46.95915056776287,32.67217224598142,64412719000.0,85484719000.0,41.07954017857143,17.090135049084637,72.53684572072072,100.33133800623052,2.022821938887668,2.022821938887668,22.681007959671,57.79899864773496,96.26657545045045,133.1537679127726,0.0060857545852085,0.0099669756216935,0.6898847470401658,0.3025978677098542,14.247464503042597,1.0671672580245894,3.363636363636364,2.355437665782494,0.0,0.0,0.0070795967100026,0.0,0.7259015399873274,0.277027027027027,0.0652693022021756,0.2956730769230769,0.0286548156009551,24.714255752701163,0.0085739796922525,0.0196994823860495,-53.355634862114734,814000000.0,-19153000000.0,-26119000000.0,55221000000.0,2682000000.0,381000000.0,78458500.0,61.65561156805519,15.36686663590217,3.2431564374711583,1.459721146398141,5.856756756756757,27.75074275176724,0.012310397889646,0.3627783512756231,2020-05-07,0.99,bmo,123492000.0,2025-04-25,2020-03-31,0.0,111.07693548387095,4807737.096774193
2019-12-31,FI,USD,798354,2020-02-25,2020-02-25 16:12:04,2019,Q4,4045000000.0,2109000000.0,1936000000.0,0.4786155748,0,24086000.0,1438914000.0,1463000000.0,-6000000.0,1463000000.0,3572000000.0,0.0,194000000.0,789000000.0,1313000000.0,0.3245982695,478000000.0,0.118170581,-200000000.0,278000000.0,0.0687268232,54000000.0,247000000.0,0.0610630408,0.36,0.36,679900000,694700000,https://www.sec.gov/Archives/edgar/data/1575828/000157582820000007/0001575828-20-000007-index.html,https://www.sec.gov/Archives/edgar/data/1575828/000157582820000007/a12312019-documentfy19.htm,5.949404324165318,0.3632887189292543,1.7326077364318282,1.306074422709222,1.3134284453596117,51.2678335049272,-27.684953669657304,48.5056625974408,32.49448448301221,78616837000.0,99622837000.0,79.57169736842106,19.435559208899875,66.73755263157895,88.5324740990991,2.3838453864580487,2.3838453864580487,24.628637082818297,75.87420944402133,84.56947113752122,112.18787950450452,0.0031418206255232,0.0112952903460107,0.6640286242760545,0.2824256180760649,15.998476770753998,1.0838685063902842,2.463917525773196,4.8879668049792535,0.0,0.0,0.0059545117428924,0.0,0.6922967796850618,0.2461799660441426,0.0716934487021013,0.3675538656527249,0.026699629171817,19.91193362236264,0.0061666599282176,0.0103524875309107,-58.33664583026916,1319000000.0,-18823000000.0,-25636000000.0,56605000000.0,2717500000.0,397000000.0,82823000.0,61.89864029666254,16.728307254623044,3.363968705547653,1.4539899352983463,5.380102040816326,26.75411333392533,0.0074896146032323,0.4265333137226063,2020-02-04,1.14,bmo,92960666.0,2025-04-25,2019-12-31,-0.0087719298245614,110.41125,2765890.625
2019-09-30,FI,USD,798354,2019-11-05,2019-11-05 16:40:49,2019,Q3,3128000000.0,1617000000.0,1511000000.0,0.483056266,0,26921000.0,1110079000.0,1137000000.0,-3000000.0,1137000000.0,2754000000.0,19000000.0,164000000.0,571000000.0,990000000.0,0.3164961637,374000000.0,0.1195652174,-118000000.0,256000000.0,0.0818414322,53000000.0,198000000.0,0.0632992327,0.34,0.33,584800000,596900000,https://www.sec.gov/Archives/edgar/data/1575828/000157582819000030/0001575828-19-000030-index.html,https://www.sec.gov/Archives/edgar/data/1575828/000157582819000030/a9302019-documentfy19q3.htm,5.348837209302325,0.3385772913816689,1.7749658002735975,1.3970588235294117,1.7578659370725034,57.886456908344734,-33.177154582763336,55.86354309165527,38.739740082079344,60579432000.0,82042432000.0,76.48918181818182,19.36682608695652,58.36168786127168,74.14863157894737,1.8543399553093147,1.8543399553093147,26.228398976982096,82.87114343434344,79.03895183044315,100.41913341493267,0.0032684360592882,0.0134864255577701,0.6884508249410757,0.2888497893763485,21.67979797979798,1.0798271412280176,2.2804878048780486,4.613333333333333,0.0,0.0,0.0086064578005115,0.0,0.683936093701839,0.2129094412331406,0.0706521739130434,0.3870402802101576,0.0278132992327365,20.629296156352623,0.0048059490917046,0.0080455099553027,-70.0253787619699,1330000000.0,-19402000000.0,-26021000000.0,56223000000.0,1821000000.0,254500000.0,80984000.0,76.33312020460359,22.3747680890538,4.832115027829313,1.1790425932906143,4.022388059701493,18.62538442931684,0.0060607915761119,0.377906976744186,2019-11-06,1.03,bmo,87760625.0,2025-04-25,2019-09-30,-0.0097087378640776,102.0925,5144668.75
2019-06-30,FI,USD,798354,2019-08-06,2019-08-06 16:18:10,2019,Q2,1512000000.0,785000000.0,727000000.0,0.4808201058,0,34026000.0,308974000.0,343000000.0,8000000.0,343000000.0,1128000000.0,5000000.0,64000000.0,146000000.0,536000000.0,0.3544973545,384000000.0,0.253968254,-93000000.0,291000000.0,0.1924603175,60000000.0,223000000.0,0.1474867725,0.57,0.56,392500000,399600000,https://www.sec.gov/Archives/edgar/data/1575828/000157582819000024/0001575828-19-000024-index.html,https://www.sec.gov/Archives/edgar/data/1575828/000157582819000024/a6302019-documentfy19q2.htm,3.852229299363058,0.5681528662420382,0.5248407643312102,0.2394904458598726,21.54374777070064,6.486624203821656,-13.396178343949044,6.486624203821656,35.210191082802545,36310175000.0,41625175000.0,40.70647421524664,24.014666005291005,176.26298543689322,386.2784574468085,14.261655538098978,14.261655538098978,27.529877645502644,77.65890858208955,202.0639563106796,442.8210106382979,0.0061415291994599,0.0025888060302656,5.402985074626866,0.70040733197556,9.916044776119405,4.970301850048686,6.0,0.9237668161434978,0.0,0.0,0.0225039682539682,0.0,0.3973523421588594,0.5436893203883495,0.074074074074074,0.7671232876712328,0.0099206349206349,9.10611706529274,0.0172519521347015,0.0188408246029063,-20.022301910828027,8155000000.0,-5258000000.0,-6885000000.0,16377000000.0,1016500000.0,102500000.0,76221000.0,58.86904761904762,12.26751592356688,8.61603821656051,1.5288169868554096,7.336448598130841,10.44563611927985,0.0875883739198743,0.2853503184713375,2019-07-25,0.8,bmo,129711666.0,2025-04-25,2019-06-30,0.0249999999999998,87.62507936507937,3804339.6825396814
2019-03-31,FI,USD,798354,2019-05-07,2019-05-07 16:29:27,2019,Q1,1502000000.0,798000000.0,704000000.0,0.4687083888,0,35411000.0,305589000.0,341000000.0,3000000.0,341000000.0,1139000000.0,1000000.0,59000000.0,145000000.0,531000000.0,0.3535286285,373000000.0,0.2483355526,-115000000.0,258000000.0,0.171770972,31000000.0,225000000.0,0.1498002663,0.58,0.56,391700000,399100000,https://www.sec.gov/Archives/edgar/data/1575828/000157582819000017/0001575828-19-000017-index.html,https://www.sec.gov/Archives/edgar/data/1575828/000157582819000017/a3312019-documentfy19q1.htm,3.834567270870564,0.5744191983660965,0.95225938218024,0.702067909114118,1.2028848608629052,6.111820270615267,-13.852438090375289,6.111820270615267,15.149348991575184,34982727000.0,40405727000.0,38.86969666666667,23.290763648468708,93.78747184986597,127.20991636363637,14.6126679197995,14.6126679197995,26.901282956058587,76.09364783427495,108.32634584450402,146.92991636363635,0.0064317455869006,0.0078610223839896,2.454051796157059,0.5031688934566633,10.212806026365348,1.07311320754717,6.322033898305085,1.6577777777777778,0.0,0.0,0.0235758988015978,0.0,0.6697499143542309,0.2627345844504021,0.0652463382157123,0.6758620689655173,0.0126498002663115,8.887733415168391,0.0340402624771948,0.058350622406639,-20.396182027061528,155000000.0,-5426000000.0,-7007000000.0,8384000000.0,1046500000.0,112500000.0,73336500.0,62.55659121171771,11.05263157894737,8.71703007518797,1.4386973180076628,8.142857142857142,10.324617355190126,0.093984962406015,0.250191473066122,2019-04-30,0.82,bmo,114881717.0,2025-04-25,2019-03-31,0.024390243902439,82.5127868852459,5439209.836065574
2018-12-31,FI,USD,798354,2019-02-25,2019-02-25 17:19:53,2018,Q4,1551000000.0,822000000.0,729000000.0,0.4700193424,0,38976000.0,259024000.0,298000000.0,3000000.0,298000000.0,1120000000.0,0.0,56000000.0,150000000.0,584000000.0,0.3765312701,431000000.0,0.2778852353,-59000000.0,372000000.0,0.2398452611,88000000.0,286000000.0,0.1843971631,0.73,0.71,392500000,404700000,https://www.sec.gov/Archives/edgar/data/1575828/000157582819000007/0001575828-19-000007-index.html,https://www.sec.gov/Archives/edgar/data/1575828/000157582819000007/a12312018-documentfy1810xk.htm,3.951592356687898,0.7286624203821656,1.4547770700636942,1.2076433121019108,1.125103184713376,5.84203821656051,-14.145222929936306,5.84203821656051,15.32484076433121,28844825000.0,34388825000.0,25.214007867132867,18.597566086395872,50.51633099824869,60.85406118143459,12.57951373746184,12.57951373746184,22.172034171502258,58.88497431506849,60.22561295971979,72.55026371308017,0.0099151234233523,0.0164327570023392,2.598778892280855,0.5291244894334932,9.493150684931509,1.1064676616915423,7.696428571428571,1.9965034965034965,0.0,0.0,0.0251295938104448,0.0,0.6965903036760789,0.169877408056042,0.0625402965828497,0.6466666666666666,0.0122501611863313,9.786708251705068,0.03554915846507,0.0836991513023119,-19.63300891719745,214000000.0,-5552000000.0,-6745000000.0,8457000000.0,999000000.0,112000000.0,70153500.0,60.87040618955513,13.905109489051094,7.596569343065693,1.478551000953289,6.47244094488189,11.847453229944366,0.1247274313126908,0.2471337579617834,2019-02-07,0.84,bmo,145853000.0,2025-04-25,2018-12-31,0.0,77.30460317460317,2194587.301587302
2018-09-30,FI,USD,798354,2018-11-06,2018-11-06 16:30:53,2018,Q3,1412000000.0,749000000.0,663000000.0,0.4695467422,0,37526000.0,267474000.0,305000000.0,3000000.0,305000000.0,1054000000.0,0.0,53000000.0,136000000.0,497000000.0,0.3519830028,356000000.0,0.2521246459,-52000000.0,304000000.0,0.2152974504,78000000.0,227000000.0,0.1607648725,0.57,0.55,401000000,412000000,https://www.sec.gov/Archives/edgar/data/1575828/000157582818000026/0001575828-18-000026-index.html,https://www.sec.gov/Archives/edgar/data/1575828/000157582818000026/a09302018-documentfy18q3.htm,3.521197007481297,0.5660847880299252,0.917705735660848,0.683291770573566,1.8788977556109725,6.635910224438903,-11.448877805486283,6.635910224438903,13.286783042394015,32693530000.0,37295530000.0,36.00609030837004,23.15405807365439,88.84111413043478,119.31945255474452,12.286181886508832,12.286181886508832,26.41326487252125,75.04130784708249,101.34654891304348,136.11507299270073,0.0069432698151591,0.0083808631249057,1.982337467117625,0.4907889839970227,9.259557344064389,1.0077586206896552,6.716981132075472,1.6211453744493391,0.0,0.0,0.0265764872521246,0.0,0.6747301823595088,0.2554347826086957,0.0665722379603399,0.6911764705882353,0.0127478753541076,9.193529041543838,0.0298038169748696,0.0649313501144164,-16.424811720698255,18000000.0,-4591000000.0,-5749000000.0,7655000000.0,940500000.0,96000000.0,70171000.0,60.4886685552408,11.655540720961282,8.522363150867823,1.487881981032666,7.721649484536083,10.560451180824815,0.0853062758361518,0.2344139650872818,2018-10-31,0.77,bmo,257972000.0,2025-04-25,2018-09-30,-0.0259740259740259,78.49396825396825,1625433.3333333333
2018-06-30,FI,USD,798354,2018-08-08,2018-08-08 16:09:20,2018,Q2,1420000000.0,739000000.0,681000000.0,0.4795774648,0,40400000.0,279600000.0,320000000.0,3000000.0,320000000.0,1059000000.0,0.0,45000000.0,136000000.0,496000000.0,0.3492957746,358000000.0,0.2521126761,-42000000.0,316000000.0,0.2225352113,72000000.0,251000000.0,0.1767605634,0.62,0.6,406100000,416400000,https://www.sec.gov/Archives/edgar/data/1575828/000157582818000019/0001575828-18-000019-index.html,https://www.sec.gov/Archives/edgar/data/1575828/000157582818000019/a06302018-documentfy18q2.htm,3.496675695641468,0.6180743659197242,0.5934498891898548,0.3669047032750554,1.0204727899532136,7.017975868012805,-10.930805220389066,7.017975868012805,11.94533366165969,30087949000.0,34545949000.0,29.968076693227093,21.18869647887324,124.8462614107884,201.93254362416107,10.5571750877193,10.5571750877193,24.32813309859155,69.64909072580645,143.3441867219917,231.8520067114094,0.0083422103646878,0.004952148782225,1.6863157894736842,0.4703464474456841,8.987903225806452,1.0900302114803626,7.955555555555556,0.9601593625498008,0.0,0.0,0.0284507042253521,0.0,0.7133489919749462,0.3817427385892116,0.0647887323943662,0.6764705882352942,0.0119718309859154,9.879104066406711,0.0322781853978089,0.0856947763741891,-15.316122876138882,149000000.0,-4439000000.0,-5564000000.0,7812000000.0,905000000.0,88000000.0,70962000.0,59.070422535211264,11.569688768606223,8.45403247631935,1.5236051502145922,7.778947368421052,10.645807223014536,0.0880701754385964,0.2265451859147993,2018-07-31,0.74,bmo,132100000.0,2025-04-25,2018-06-30,0.0135135135135135,72.615,1699887.5
2018-03-31,FI,USD,798354,2018-05-08,2018-05-08 16:57:27,2018,Q1,1440000000.0,759000000.0,681000000.0,0.4729166667,0,38700000.0,266300000.0,305000000.0,0.0,305000000.0,1064000000.0,0.0,45000000.0,134000000.0,510000000.0,0.3541666667,608000000.0,0.4222222222,-45000000.0,563000000.0,0.3909722222,140000000.0,423000000.0,0.29375,1.03,1.0,411000000,421600000,https://www.sec.gov/Archives/edgar/data/1575828/000157582818000014/0001575828-18-000014-index.html,https://www.sec.gov/Archives/edgar/data/1575828/000157582818000014/a03312018-documentfy18q1.htm,3.5036496350364965,1.0291970802919708,0.9051094890510948,0.7177615571776156,1.1147177615571775,7.228710462287105,-10.554744525547443,7.228710462287105,11.311435523114357,28991940000.000004,33213940000.000004,17.13471631205674,20.13329166666667,77.93532258064516,98.27776271186444,9.758310333221138,9.758310333221138,23.065236111111115,65.12537254901962,89.28478494623657,112.58962711864407,0.014590261983158,0.0101752418085854,1.5496465836418714,0.4528376118815777,8.27843137254902,1.0505050505050506,13.511111111111113,0.8794326241134752,0.0,0.0,0.026875,0.0,0.7188944624766401,0.2069892473118279,0.0534722222222222,0.5746268656716418,0.0131944444444444,12.9381132046521,0.0538373537671222,0.1480055983205038,-14.703400243309002,85000000.0,-4338000000.0,-5428000000.0,7769000000.0,937500000.0,80500000.0,74463500.0,54.875,9.604743083003951,8.597667984189723,1.6400911161731206,9.37037037037037,10.467954818155487,0.142376304274655,0.1873479318734793,2018-05-01,0.73,bmo,70644444.0,2025-04-25,2018-03-31,0.0410958904109589,70.31934426229508,2388319.672131148
2017-12-31,FI,USD,798354,2018-02-27,2018-02-27 16:54:32,2017,Q4,1516000000.0,778000000.0,738000000.0,0.4868073879,0,38600000.0,274400000.0,313000000.0,0.0,313000000.0,1091000000.0,0.0,45000000.0,111000000.0,536000000.0,0.3535620053,425000000.0,0.2803430079,-45000000.0,380000000.0,0.2506596306,-151000000.0,546000000.0,0.3601583113,1.32,1.29,415200000,425000000,https://www.sec.gov/Archives/edgar/data/1575828/000157582818000007/0001575828-18-000007-index.html,https://www.sec.gov/Archives/edgar/data/1575828/000157582818000007/a12312017-documentfy1710xk.htm,3.651252408477842,1.315028901734104,1.1271676300578035,0.9368978805394992,0.9778925818882468,6.577552986512524,-11.41859344894027,6.577552986512524,11.909922928709056,27062736000.000004,31637736000.000004,12.391362637362638,17.851408970976255,57.826358974358975,69.57001542416454,9.909460270963018,9.909460270963018,20.86921899736148,59.02562686567165,67.602,81.330940874036,0.0201753436903053,0.0143740085998695,1.794214573416331,0.4762367577024006,8.53544776119403,1.019091847265222,9.444444444444445,0.8796992481203008,0.0,0.0,0.0254617414248021,0.0,0.7262124599086403,0.1688034188034188,0.0521108179419525,0.7117117117117117,0.0098944591029023,13.95054215071613,0.0710894875445736,0.1938232161874334,-15.33241570327553,37000000.0,-4741000000.0,-5583000000.0,7899000000.0,947500000.0,81500000.0,104690500.0,59.18865435356201,9.254498714652955,8.840359897172236,1.5205616850551655,9.725,10.180580999738288,0.1999267667521054,0.1902697495183044,2018-02-07,0.69,bmo,45499999.0,2025-04-25,2017-12-31,0.0289855072463768,64.5747619047619,1758863.492063492
2017-09-30,FI,USD,798354,2017-11-02,2017-11-02 16:26:23,2017,Q3,1400000000.0,746000000.0,654000000.0,0.4671428571,0,40000000.0,244000000.0,284000000.0,0.0,284000000.0,1030000000.0,0.0,45000000.0,107000000.0,477000000.0,0.3407142857,370000000.0,0.2642857143,-45000000.0,325000000.0,0.2321428571,98000000.0,232000000.0,0.1657142857,0.56,0.54,417600000,429000000,https://www.sec.gov/Archives/edgar/data/1575828/000157582817000030/0001575828-17-000030-index.html,https://www.sec.gov/Archives/edgar/data/1575828/000157582817000030/a09302017-documentfy17q3.htm,3.3524904214559386,0.5555555555555556,0.7758620689655172,0.603448275862069,0.923366858237548,5.6273946360153255,-12.332375478927204,5.6273946360153255,12.346743295019158,26926848000.0,31712848000.0,29.016,19.233462857142857,83.10755555555556,106.85257142857142,11.458233191489365,11.458233191489365,22.652034285714286,66.48395807127882,97.87916049382716,125.84463492063492,0.0086159360352908,0.0093586891417814,2.1748936170212767,0.5011275615256398,10.033542976939204,1.0108108108108107,8.222222222222221,1.396551724137931,0.0011631513647642,0.135,0.0285714285714285,0.0,0.7353662123737621,0.2222222222222222,0.0514285714285714,0.6728971962616822,0.0107142857142857,8.387039582009349,0.0306125052393709,0.0859577621341237,-16.10014727011494,20000000.0,-5150000000.0,-5979000000.0,7905000000.0,871500000.0,84000000.0,134029500.0,57.72857142857143,10.013404825737265,16.040871313672923,1.55902004454343,8.987951807228916,5.610667789803025,0.0987234042553191,0.1724137931034483,2017-10-31,0.65,bmo,98272727.0,2025-04-25,2017-09-30,-0.0153846153846153,62.12714285714286,1505961.9047619049
2017-06-30,FI,USD,798354,2017-08-07,2017-08-07 16:38:25,2017,Q2,1386000000.0,748000000.0,638000000.0,0.4603174603,0,42400000.0,233600000.0,276000000.0,2000000.0,276000000.0,1024000000.0,2000000.0,44000000.0,109000000.0,482000000.0,0.3477633478,372000000.0,0.2683982684,-42000000.0,330000000.0,0.2380952381,109000000.0,221000000.0,0.1594516595,0.52,0.51,421600000,432600000,https://www.sec.gov/Archives/edgar/data/1575828/000157582817000023/0001575828-17-000023-index.html,https://www.sec.gov/Archives/edgar/data/1575828/000157582817000023/a06302017-documentfy17q2.htm,3.2874762808349147,0.5241935483870968,0.540796963946869,0.3984819734345351,0.709203036053131,5.671252371916508,-11.5061669829222,5.671252371916508,11.349620493358634,25789272000.0,30231272000.0,29.173384615384617,18.60697835497836,113.11084210526316,153.50757142857142,10.785977415307404,10.785977415307404,21.81188455988456,62.72048132780083,132.59329824561402,179.94804761904763,0.008569454771736,0.0065143366590573,1.9828523630280217,0.4895198760970573,9.215767634854773,0.9560632688927944,8.454545454545455,1.0316742081447965,0.0012260912211868,0.143076923076923,0.0305916305916305,0.0,0.7477542591636551,0.2631578947368421,0.0432900432900432,0.5504587155963303,0.0122655122655122,8.178555059071082,0.0308593178158395,0.0904625460499386,-14.92813330170778,-75000000.0,-4851000000.0,-5662000000.0,7563000000.0,853000000.0,84000000.0,135767000.0,54.87012987012987,10.227272727272728,16.255106951871657,1.6402366863905324,8.8,5.5367214910657445,0.0924299456294437,0.1423149905123339,2017-08-01,0.62,bmo,107891666.0,2025-04-25,2017-06-30,-0.032258064516129,60.48650793650794,1647622.2222222222
2017-03-31,FI,USD,798354,2017-05-02,2017-05-02 16:20:07,2017,Q1,1394000000.0,752000000.0,642000000.0,0.4605451937,0,42700000.0,234300000.0,277000000.0,0.0,277000000.0,1029000000.0,0.0,42000000.0,106000000.0,469000000.0,0.3364418938,365000000.0,0.2618364419,-42000000.0,323000000.0,0.2317073171,102000000.0,247000000.0,0.1771879484,0.58,0.56,425800000,438400000,https://www.sec.gov/Archives/edgar/data/1575828/000157582817000015/0001575828-17-000015-index.html,https://www.sec.gov/Archives/edgar/data/1575828/000157582817000015/a03312017-documentfy17q1.htm,3.2738374823860967,0.5800845467355566,1.0873649600751527,0.9088774072334428,0.72334429309535,5.692813527477689,-11.380930014091122,5.692813527477689,10.991075622357917,24547370000.0,28877370000.0,24.84551619433198,17.609304160688666,53.01807775377969,63.42989664082688,10.126802805280528,10.126802805280528,20.715473457675756,61.572217484008526,62.37012958963283,74.61852713178294,0.0100621777404259,0.015765436378724,1.9133663366336635,0.4783415841584158,9.232409381663112,0.9022346368715084,8.69047619047619,1.874493927125506,0.0013009540329575,0.1292914979757085,0.0306312769010043,0.0,0.7497937293729373,0.1641468682505399,0.0545193687230989,0.7169811320754716,0.0114777618364418,8.619863454926717,0.0312288160691838,0.1018136850783182,-14.678327853452323,-175000000.0,-4846000000.0,-5657000000.0,7495000000.0,881500000.0,96500000.0,137757500.0,55.58823529411765,9.933510638297872,16.32877659574468,1.619047619047619,9.060240963855422,5.511741769034566,0.1018976897689769,0.1784875528417097,2017-04-26,0.59,bmo,101475000.0,2025-04-25,2017-03-31,0.0677966101694916,56.130806451612905,1954541.935483871
2016-12-31,FI,USD,798354,2017-02-24,2017-02-24 16:02:08,2016,Q4,1431000000.0,761000000.0,670000000.0,0.4682040531,106000000,46800000.0,248200000.0,295000000.0,0.0,295000000.0,1056000000.0,0.0,42000000.0,105000000.0,480000000.0,0.3354297694,375000000.0,0.2620545073,-42000000.0,333000000.0,0.2327044025,119000000.0,215000000.0,0.1502445842,0.5,0.49,431000000,439800000,https://www.sec.gov/Archives/edgar/data/1575828/000157582817000007/0001575828-17-000007-index.htm,https://www.sec.gov/Archives/edgar/data/1575828/000157582817000007/a12312016-documentfy1610xk.htm,3.320185614849188,0.4988399071925754,0.902552204176334,0.7470997679814385,0.6960556844547564,5.895591647331787,-10.823665893271462,5.895591647331787,10.682134570765662,22903340000.0,27165340000.0,26.63179069767442,16.00512928022362,58.87748071979435,71.12838509316771,9.013514364423456,9.013514364423456,18.98346610761705,56.594458333333336,69.83377892030849,84.3644099378882,0.0093872771394914,0.0140590848321685,1.7953561589925229,0.4682336036128502,8.879166666666666,0.9494505494505494,8.928571428571429,1.8093023255813951,0.001411366202484,0.1503488372093023,0.0327044025157232,0.074074074074074,0.7396079236374833,0.1722365038560411,0.0468204053109713,0.638095238095238,0.0097833682739343,8.134587806367758,0.0300562473174097,0.0847457627118644,-14.282970997679817,-92000000.0,-4665000000.0,-5474000000.0,7519000000.0,866000000.0,91500000.0,137847500.0,56.72955974842768,13.009198423127463,16.448239159001314,1.5864745011086474,6.918181818181818,5.471710322910001,0.08461235733963,0.1554524361948956,2017-02-08,0.58,bmo,78000000.0,2025-04-25,2016-12-31,0.0,51.366031746031744,2326933.333333333
2016-09-30,FI,USD,798354,2016-11-03,2016-11-03 17:24:42,2016,Q3,1380000000.0,737000000.0,643000000.0,0.465942029,0,52800000.0,221200000.0,274000000.0,0.0,274000000.0,1011000000.0,0.0,41000000.0,104000000.0,473000000.0,0.3427536232,369000000.0,0.2673913043,-41000000.0,328000000.0,0.2376811594,114000000.0,214000000.0,0.1550724638,0.49,0.48,438400000,445400000,https://www.sec.gov/Archives/edgar/data/1575828/000157582816000064/0001575828-16-000064-index.html,https://www.sec.gov/Archives/edgar/data/1575828/000157582816000064/a09302016-documentfy16q3.htm,3.147810218978102,0.4881386861313868,0.8097627737226277,0.6318430656934306,0.6911496350364964,5.859945255474453,-10.661496350364963,5.859945255474453,10.654653284671532,21806016000.0,26133016000.0,25.47431775700935,15.801460869565217,61.42539718309859,78.72207942238268,8.488133904242895,8.488133904242895,18.93696811594203,55.24950528541226,73.6141295774648,94.34301805054152,0.0098138055112864,0.0127029164795623,1.8022576878162708,0.4804399709453149,9.14799154334038,1.0335917312661498,9.0,1.658878504672897,0.0015078407720144,0.1536448598130841,0.0382608695652173,0.0,0.7515824426688803,0.2197183098591549,0.0565217391304347,0.75,0.0108695652173913,8.022498644481404,0.0297405806053119,0.0893901420217209,-13.85536496350365,52000000.0,-4674000000.0,-5468000000.0,7698000000.0,821000000.0,72000000.0,140901000.0,54.130434782608695,8.914518317503392,16.683093622795116,1.6626506024096386,10.095890410958903,5.394682906833753,0.0833008952899961,0.177919708029197,2016-10-26,0.57,bmo,113184615.0,2025-04-25,2016-09-30,0.0,52.44546875,1935743.75
2016-06-30,FI,USD,798354,2016-07-28,2016-07-28 16:56:16,2016,Q2,1363000000.0,727000000.0,636000000.0,0.466617755,0,70300000.0,203700000.0,274000000.0,0.0,274000000.0,1001000000.0,0.0,40000000.0,102000000.0,464000000.0,0.3404255319,362000000.0,0.265590609,-40000000.0,322000000.0,0.2362435803,110000000.0,212000000.0,0.1555392517,0.48,0.47,441200000,451200000,https://www.sec.gov/Archives/edgar/data/1575828/000157582816000059/0001575828-16-000059-index.html,https://www.sec.gov/Archives/edgar/data/1575828/000157582816000059/fi_06302016-documentfy16q2.htm,3.0893019038984586,0.4805077062556663,0.4034451495920217,0.2379873073436083,0.5961015412511332,5.988213961922031,-10.49637352674524,5.988213961922031,10.41251133272892,23988044000.0,28279044000.0,28.28778773584905,17.599445341159207,134.76429213483146,228.45756190476192,9.079501892505675,9.079501892505675,20.74764783565664,60.94621551724138,158.87103370786517,269.3242285714286,0.0088377359988167,0.0043771805654516,1.723694171082513,0.4778593913955928,9.247844827586206,1.0234159779614325,9.05,0.839622641509434,0.0027588743792532,0.3121698113207547,0.0515774027879677,0.0,0.7631689401888773,0.4101123595505618,0.053558327219369,0.7156862745098039,0.0124724871606749,8.046186456747973,0.029482360678712,0.0939299955693398,-13.471004079782412,34000000.0,-4631000000.0,-5402000000.0,7701000000.0,808500000.0,68500000.0,150706500.0,53.61702127659574,8.789546079779917,17.973507565337002,1.6785714285714286,10.23943661971831,5.007369856597744,0.0802422407267221,0.1654578422484134,2016-08-02,0.54,bmo,10990909.0,2025-04-25,2016-06-30,0.0,51.47078125,2013737.5
2016-03-31,FI,USD,798354,2016-04-29,2016-04-29 11:43:57,2016,Q1,1331000000.0,734000000.0,597000000.0,0.4485349361,0,59000000.0,199000000.0,258000000.0,0.0,258000000.0,992000000.0,0.0,47000000.0,100000000.0,439000000.0,0.3298271976,339000000.0,0.2546957175,-47000000.0,292000000.0,0.2193839219,149000000.0,289000000.0,0.2171299775,0.65,0.64,446000000,454600000,https://www.sec.gov/Archives/edgar/data/1575828/000157582816000051/0001575828-16-000051-index.html,https://www.sec.gov/Archives/edgar/data/1575828/000157582816000051/a03312016-documentfy16q1.htm,2.984304932735426,0.647982062780269,1.141255605381166,0.9798206278026906,0.6345291479820628,6.017937219730942,-10.32511210762332,6.017937219730942,10.080717488789238,22875340000.0,27041340000.0,19.78835640138408,17.1865815176559,44.94172888015717,52.346315789473685,8.52285394932936,8.52285394932936,20.31655897821187,61.5975854214123,53.1264047151277,61.87949656750572,0.0126336920019549,0.0191035411932675,1.6576005961251865,0.4657663316582914,9.48974943052392,0.9571984435797666,7.212765957446808,1.7612456747404843,0.0029245466952622,0.2314878892733564,0.044327573253193,0.0,0.7630862646566164,0.1414538310412573,0.0540946656649135,0.72,0.0165289256198347,9.366914961703069,0.0207158876076455,0.1277065841802916,-13.235732062780269,-66000000.0,-4605000000.0,-5392000000.0,7624000000.0,803500000.0,70000000.0,158745000.0,54.43275732531932,8.092643051771116,19.155899182561303,1.653416149068323,11.12121212121212,4.698291588521831,0.1076751117734724,0.1614349775784753,2016-05-05,0.05,bmo,290529450.0,2025-04-25,2016-03-31,9.6,47.41836065573771,2671537.704918033
2015-12-31,FI,USD,798354,2016-02-29,2016-02-29 17:45:44,2015,Q4,1368000000.0,763000000.0,605000000.0,0.442251462,92000000,60200000.0,215800000.0,276000000.0,0.0,276000000.0,1039000000.0,0.0,39000000.0,105000000.0,434000000.0,0.317251462,329000000.0,0.240497076,-42000000.0,290000000.0,0.2119883041,98000000.0,189000000.0,0.1381578947,0.42,0.41,450600000,463200000,https://www.sec.gov/Archives/edgar/data/1575828/000157582816000041/0001575828-16-000041-index.html,https://www.sec.gov/Archives/edgar/data/1575828/000157582816000041/a12312015-documentfy1510xk.htm,3.03595206391478,0.4194407456724368,0.8677319130048824,0.7190412782956058,0.6102973812694186,5.90324012427874,-9.79138925876609,5.90324012427874,9.613848202396804,20605938000.0,24623938000.0,27.256531746031744,15.062820175438596,52.70060869565217,63.59857407407407,7.746593233082706,7.746593233082706,17.999954678362574,56.73718433179724,62.97682352941177,75.9998086419753,0.0091721133976041,0.0157236229673213,1.6139097744360902,0.4596359743040685,9.258064516129032,1.0026631158455392,8.435897435897436,2.068783068783069,0.003280122457905,0.3576190476190476,0.0440058479532163,0.067251461988304,0.7571734475374733,0.1713554987212276,0.0489766081871345,0.638095238095238,0.0102339181286549,7.464002772724952,0.0277726239519536,0.0833333333333333,-12.700551486906347,4000000.0,-4412000000.0,-5174000000.0,7472000000.0,792500000.0,75500000.0,167379000.0,52.76315789473684,8.72870249017038,19.021847968545217,1.7057356608478802,10.31081081081081,4.731401499414001,0.0710526315789473,0.1486906347092765,2016-02-02,0.5,bmo,203000000.0,2025-04-25,2015-12-31,0.0,46.9559375,2399946.875
2015-09-30,FI,USD,798354,2015-11-04,2015-11-04 16:19:21,2015,Q3,1313000000.0,713000000.0,600000000.0,0.4569687738,0,66900000.0,191100000.0,258000000.0,0.0,258000000.0,971000000.0,0.0,41000000.0,106000000.0,448000000.0,0.3412033511,342000000.0,0.2604722011,-7000000.0,301000000.0,0.2292460015,117000000.0,218000000.0,0.1660319878,0.47,0.46,459000000,474000000,https://www.sec.gov/Archives/edgar/data/1575828/000157582815000034/0001575828-15-000034-index.html,https://www.sec.gov/Archives/edgar/data/1575828/000157582815000034/a09302015-documentfy15q3.htm,2.860566448801743,0.4749455337690632,0.7734204793028322,0.579520697167756,0.673202614379085,6.250544662309368,-9.233115468409586,6.250544662309368,9.31590413943355,19879290000.0,23805290000.0,22.7973509174312,15.14035795887281,55.998000000000005,74.73417293233082,6.928996165911468,6.928996165911468,18.1304569687738,53.13680803571429,67.05715492957746,89.49357142857143,0.0109661864181266,0.0133807595744113,1.4761240850470547,0.4511558538404176,8.763392857142858,1.0850460666194188,8.341463414634147,1.628440366972477,0.0034634033710459,0.3158256880733945,0.0509520182787509,0.0,0.7571108980504954,0.2507042253521127,0.0677837014470677,0.839622641509434,0.0114242193450114,8.172823018836732,0.0261951037368234,0.0956140350877193,-12.058828976034858,120000000.0,-4238000000.0,-4987000000.0,7624000000.0,764500000.0,77000000.0,181034000.0,53.67098248286367,9.719495091164095,21.899789621318373,1.6768837803320562,9.25974025974026,4.109628519553878,0.0759846636458696,0.1938997821350762,2015-10-27,0.49,bmo,283518181.0,2025-04-25,2015-09-30,0.0612244897959184,43.255625,2450331.25
2015-06-30,FI,USD,798354,2015-08-05,2015-08-05 16:26:24,2015,Q2,1298000000.0,710000000.0,588000000.0,0.4530046225,0,73800000.0,188200000.0,262000000.0,0.0,262000000.0,972000000.0,0.0,49000000.0,104000000.0,430000000.0,0.3312788906,326000000.0,0.251155624,-133000000.0,192000000.0,0.1479198767,66000000.0,127000000.0,0.0978428351,0.27,0.27,470400000,480800000,https://www.sec.gov/Archives/edgar/data/1575828/000157582815000028/0001575828-15-000028-index.html,https://www.sec.gov/Archives/edgar/data/1575828/000157582815000028/a06302015-documentfy15q2.htm,2.7593537414965987,0.2699829931972789,0.5399659863945578,0.2997448979591837,1.126700680272109,6.681547619047619,-8.505527210884354,6.681547619047619,9.109268707482991,19483968000.0,23189968000.0,38.35426771653543,15.010761171032357,76.70853543307086,138.18417021276596,6.199162583518931,6.199162583518931,17.865922958397533,53.93015813953488,91.29908661417323,164.46785815602837,0.0065181794591327,0.0072367189270686,1.3477569201399937,0.44180225281602,8.61860465116279,1.282934131736527,6.653061224489796,2.0,0.0036214389183969,0.5555905511811023,0.0568567026194144,0.0,0.7450980392156863,0.4448818897637795,0.0870570107858243,1.0865384615384617,0.0138674884437596,6.370859052832996,0.0259098340801743,0.0519639934533551,-11.1845525085034,378000000.0,-4001000000.0,-4731000000.0,7904000000.0,755500000.0,66500000.0,198290500.0,51.72573189522342,9.76056338028169,23.90361971830986,1.739946380697051,9.22077922077922,3.765120139150356,0.0404072542157174,0.2402210884353741,2015-07-29,0.47,bmo,363285714.0,2025-04-25,2015-06-30,0.0212765957446808,40.21111111111112,2091542.857142857
2015-03-31,FI,USD,798354,2015-05-01,2015-05-01 13:08:55,2015,Q1,1275000000.0,723000000.0,552000000.0,0.4329411765,0,69800000.0,168200000.0,238000000.0,0.0,238000000.0,961000000.0,1000000.0,40000000.0,102000000.0,416000000.0,0.3262745098,314000000.0,0.2462745098,-40000000.0,274000000.0,0.2149019608,96000000.0,178000000.0,0.1396078431,0.37,0.37,475400000,486000000,https://www.sec.gov/Archives/edgar/data/1575828/000157582815000021/0001575828-15-000021-index.html,https://www.sec.gov/Archives/edgar/data/1575828/000157582815000021/a03312015-documentfy15q1.htm,2.6819520403870425,0.3744215397559949,0.72780816154817,0.5384938998737905,0.6226335717290703,6.769036600757257,-8.329827513672697,6.769036600757257,8.186790071518722,18873380000.0,22429380000.0,26.50755617977528,14.802650980392157,54.54734104046244,73.724140625,5.864940957116222,5.864940957116222,17.591670588235296,53.916778846153846,64.82479768786128,87.614765625,0.0094312730417127,0.0135640780824632,1.197016780609074,0.4126405998928762,8.548076923076923,0.9980013324450366,7.85,1.9438202247191008,0.0037783375314861,0.4006179775280898,0.0547450980392156,0.0,0.768934118907338,0.2601156069364161,0.0705882352941176,0.8823529411764706,0.0141176470588235,7.551532619356478,0.0257264978509085,0.0825220213259156,-10.818775767774506,-3000000.0,-3960000000.0,-4619000000.0,7513000000.0,781500000.0,58500000.0,206008000.0,54.0,6.970954356846473,25.89311203319502,1.6666666666666667,12.910714285714286,3.475827852774893,0.055313859540087,0.1893142616743794,2015-05-05,0.43,bmo,255208000.0,2025-04-25,2015-03-31,0.0465116279069767,38.12967213114754,2280593.4426229508
2014-12-31,FI,USD,798354,2015-03-06,2015-03-06 17:16:23,2014,Q4,1316000000.0,752000000.0,564000000.0,0.4285714286,82000000,70900000.0,176100000.0,247000000.0,0.0,247000000.0,999000000.0,0.0,41000000.0,104000000.0,421000000.0,0.3199088146,317000000.0,0.240881459,-39000000.0,276000000.0,0.2097264438,97000000.0,181000000.0,0.1375379939,0.38,0.37,480600000,494400000,https://www.sec.gov/Archives/edgar/data/1575828/000157582815000013/0001575828-15-000013-index.htm,https://www.sec.gov/Archives/edgar/data/1575828/000157582815000013/a12312014-documentfy1410xk.htm,2.738243861839368,0.3766125676238036,0.7220141489804411,0.5826050769870995,0.6117353308364545,6.856013316687474,-8.15022888056596,6.856013316687474,7.998335414065751,17056494000.000002,20565494000.0,23.55869337016575,12.96086170212766,49.154161383285306,60.916050000000006,5.176477693474962,5.176477693474962,15.627275075987844,48.84915439429929,59.26655331412104,73.44819285714286,0.0106117939595323,0.0164160348545252,1.1541729893778452,0.4073042733211952,8.334916864608076,1.0,7.731707317073171,1.9171270718232043,0.0042265426880811,0.3982872928176795,0.0538753799392097,0.0623100303951367,0.7724108385991217,0.1930835734870317,0.0509118541033434,0.6442307692307693,0.0091185410334346,7.622097317954214,0.0258832405527061,0.0851764705882353,-10.502488555971702,0.0,-3917000000.0,-4556000000.0,7529000000.0,773000000.0,57500000.0,207272000.0,54.57446808510638,7.300531914893616,24.415851063829788,1.649122807017544,12.327868852459016,3.686129955688012,0.0549317147192716,0.1394090719933416,2015-02-03,0.45,bmo,449500000.0,2025-04-25,2014-12-31,0.0,34.233125,2495171.875
2014-09-30,FI,USD,798354,2014-11-07,2014-11-07 13:49:51,2014,Q3,1263000000.0,705000000.0,558000000.0,0.4418052257,0,65200000.0,177800000.0,243000000.0,0.0,243000000.0,948000000.0,0.0,41000000.0,101000000.0,416000000.0,0.3293745051,315000000.0,0.2494061758,-41000000.0,274000000.0,0.2169437846,120000000.0,239000000.0,0.1892319873,0.49,0.48,490600000,503600000,https://www.sec.gov/Archives/edgar/data/1575828/000157582814000029/0001575828-14-000029-index.html,https://www.sec.gov/Archives/edgar/data/1575828/000157582814000029/a09302014-documentfy14q3.htm,2.5743986954749287,0.4871585813289849,0.7969832857725234,0.6441092539747248,0.8336730534039951,7.056665307786384,-7.729311047696698,7.056665307786384,7.927028128821851,15856192000.0,19295192000.0,16.585974895397488,12.554387965162311,40.55292071611253,50.177822784810125,4.580067013287118,4.580067013287118,15.277269992082344,46.38267307692307,49.34831713554987,61.06073417721519,0.0150729759074562,0.0199291229571387,1.1114962449451185,0.4077134986225895,8.266826923076923,1.1302791696492485,7.682926829268292,1.6359832635983265,0.0046410891089108,0.307907949790795,0.0516231195566112,0.0,0.768595041322314,0.1918158567774936,0.0593824228028503,0.7425742574257426,0.0079176563737133,8.794804651368345,0.0217685719439859,0.1094322344322344,-9.989262128006525,182000000.0,-3792000000.0,-4397000000.0,7740000000.0,739000000.0,54500000.0,212029000.0,53.30166270783848,6.893617021276596,26.876936170212765,1.6885026737967914,13.055555555555555,3.348595964585629,0.0690352397458116,0.1528740317977986,2014-10-28,0.42,amc,267535483.0,2025-04-25,2014-09-30,0.0238095238095238,31.60390625,1780381.25
2014-06-30,FI,USD,798354,2014-08-08,2014-08-08 16:20:22,2014,Q2,1253000000.0,703000000.0,550000000.0,0.4389465283,0,71800000.0,171200000.0,243000000.0,0.0,243000000.0,946000000.0,1000000.0,40000000.0,99000000.0,406000000.0,0.3240223464,307000000.0,0.2450119713,-40000000.0,267000000.0,0.2130885874,101000000.0,166000000.0,0.1324820431,0.33,0.33,498200000,506800000,https://www.sec.gov/Archives/edgar/data/1575828/000157582814000024/0001575828-14-000024-index.html,https://www.sec.gov/Archives/edgar/data/1575828/000157582814000024/a06302014-documentfy14q2.htm,2.5150541951023686,0.3331995182657567,0.5560016057808109,0.39542352468888,0.660377358490566,6.975110397430751,-7.65154556403051,6.975110397430751,7.804094741067844,15025712000.0,18544712000.0,22.6290843373494,11.9917893056664,54.2444476534296,76.2726497461929,4.323945899280576,4.323945899280576,14.800249002394256,45.67663054187192,66.94841877256317,94.13559390862945,0.0110477293854693,0.0131108595719124,1.1073381294964029,0.409231096458577,8.667487684729064,1.114766081871345,7.675,1.6686746987951808,0.0024867374005305,0.2250903614457831,0.0573024740622506,0.0,0.7749654365627991,0.2888086642599278,0.0638467677573822,0.8080808080808081,0.0095770151636073,7.231343377697807,0.0234857775141722,0.0784499054820415,-9.92520875150542,157000000.0,-3812000000.0,-4403000000.0,7744000000.0,741000000.0,58000000.0,208325500.0,52.4341580207502,7.041251778093884,27.33567567567568,1.7164383561643837,12.78181818181818,3.2924007830574835,0.0477697841726618,0.1605780810919309,2014-07-29,0.41,amc,367821739.0,2025-04-25,2014-06-30,0.0,29.645396825396823,2345526.984126984
2014-03-31,FI,USD,798354,2014-05-06,2014-05-06 12:25:02,2014,Q1,1234000000.0,721000000.0,513000000.0,0.4157212318,0,59500000.0,182500000.0,242000000.0,0.0,242000000.0,963000000.0,0.0,41000000.0,100000000.0,371000000.0,0.3006482982,271000000.0,0.2196110211,-37000000.0,230000000.0,0.1863857374,66000000.0,168000000.0,0.1361426256,0.33,0.33,503200000,517200000,https://www.sec.gov/Archives/edgar/data/1575828/000157582814000014/0001575828-14-000014-index.html,https://www.sec.gov/Archives/edgar/data/1575828/000157582814000014/a03312014-documentfy14q1.htm,2.4523052464228936,0.3338632750397456,0.5802861685214626,0.4411764705882353,0.6100953895071543,6.84220985691574,-7.6967408585055646,6.84220985691574,7.728537360890302,14260688000.0,17801688000.0,21.221261904761903,11.556473257698542,48.837972602739725,64.23733333333334,4.141936683125182,4.141936683125182,14.426003241491086,47.98298652291105,60.96468493150685,80.18778378378379,0.0117806377925104,0.0155672713686745,1.1176299738600055,0.4062071149583025,9.544474393530995,1.0757997218358832,6.609756097560975,1.738095238095238,0.0026464361326746,0.2246428571428571,0.0482171799027552,0.0,0.7723002216826771,0.2397260273972602,0.0567260940032414,0.7,0.0121555915721231,7.169250888700308,0.0237768897020666,0.0778859527121001,-10.050547496025438,109000000.0,-3873000000.0,-4483000000.0,7709000000.0,751500000.0,64000000.0,194359000.0,54.84602917341977,7.614424410540916,25.355908460471568,1.6409574468085106,11.81967213114754,3.549468564311349,0.0487946558234098,0.1391096979332273,2014-04-29,0.37,amc,293888888.0,2025-04-25,2014-03-31,0.108108108108108,28.604590163934425,2556078.6885245903
2013-12-31,FI,USD,798354,2014-03-04,2014-03-04 13:08:22,2013,Q4,1263000000.0,700000000.0,563000000.0,0.4457640538,102000000,64700000.0,201300000.0,266000000.0,0.0,266000000.0,966000000.0,1000000.0,40000000.0,102000000.0,399000000.0,0.3159144893,297000000.0,0.2351543943,-40000000.0,257000000.0,0.2034837688,110000000.0,221000000.0,0.1749802059,0.43,0.43,513400000,513400000,https://www.sec.gov/Archives/edgar/data/1575828/000157582814000007/0001575828-14-000007-index.htm,https://www.sec.gov/Archives/edgar/data/1575828/000157582814000007/a12312013-documentfy1310xk.htm,2.460070120763538,0.4304635761589404,0.6973120373977405,0.5707051032333463,0.7791195948578107,6.982859368913128,-7.349045578496299,6.982859368913128,7.57304246201792,15160702000.0,18608702000.0,17.150115384615386,12.00372288202692,42.34832960893855,51.74301023890785,4.2289266387726645,4.2289266387726645,14.733730799683292,46.63835087719298,51.97961452513967,63.510928327645054,0.0145771614005736,0.0193262818568691,1.0733612273361228,0.4044991064858614,8.641604010025063,1.18018018018018,7.425,1.6272727272727272,0.002539790044023,0.1742307692307692,0.0512272367379255,0.0807600950118764,0.7734678860506675,0.1815642458100558,0.0514647664291369,0.6372549019607843,0.007125890736342,8.223867633573597,0.0205341928480486,0.1025522041763341,-9.489589988313206,240000000.0,-3773000000.0,-4356000000.0,7864000000.0,730500000.0,64000000.0,173529000.0,53.51543942992874,8.614285714285714,23.86144285714285,1.681757656458056,10.447761194029852,3.7717752668531,0.0616457461645746,0.1266069341643942,2014-02-05,0.32,amc,250755555.0,2025-04-25,2013-12-31,0.1249999999999999,26.9771875,1851884.375
2013-09-30,FI,USD,798354,2013-11-13,2013-11-13 17:03:31,2013,Q3,1201000000.0,684000000.0,517000000.0,0.4304746045,0,64100000.0,172900000.0,237000000.0,0.0,237000000.0,921000000.0,0.0,41000000.0,101000000.0,381000000.0,0.317235637,280000000.0,0.2331390508,-40000000.0,239000000.0,0.1990008326,79000000.0,159000000.0,0.1323896753,0.31,0.3,517200000,527600000,https://www.sec.gov/Archives/edgar/data/1575828/000157582813000015/0001575828-13-000015-index.html,https://www.sec.gov/Archives/edgar/data/1575828/000157582813000015/a09302013-documentfy13q3.htm,2.322119102861562,0.3074245939675174,0.5491105955143079,0.431167826759474,0.6206496519721578,6.689868522815159,-7.612142304717711,6.689868522815159,7.679814385150812,13064472000.0,16674472000.0,20.54162264150943,10.877995004163198,46.00166197183098,58.585076233183855,3.775858959537573,3.775858959537573,13.883823480432971,43.76501837270341,58.71292957746479,74.77341704035875,0.0121704114793158,0.0170691934584114,1.1361271676300575,0.4157148900169204,9.4750656167979,1.243485342019544,6.829268292682927,1.763975155279503,0.0,0.0,0.0533721898417985,0.0,0.7822546531302876,0.2147887323943662,0.0507910074937552,0.6039603960396039,0.0091590341382181,6.802512592583481,0.0227761480856342,0.0772219524040796,-9.786862915699922,299000000.0,-3937000000.0,-4469000000.0,7955000000.0,700500000.0,59500000.0,152568000.0,53.20566194837635,8.026315789473685,21.24592105263158,1.691549295774648,11.21311475409836,4.236107240399086,0.0459537572254335,0.1179427687548337,2013-10-29,0.4,amc,317764705.0,2025-04-25,2013-09-30,-0.15,24.18640625,2192112.5
2013-06-30,FI,USD,798354,2013-06-30,2013-06-29 20:00:00,2013,Q2,1198000000.0,680000000.0,518000000.0,0.4323873122,0,51987000.0,193013000.0,245000000.0,0.0,245000000.0,925000000.0,0.0,41000000.0,103000000.0,376000000.0,0.3138564274,273000000.0,0.2278797997,-40000000.0,232000000.0,0.1936560935,81000000.0,151000000.0,0.1260434057,0.29,0.28,524400000,537200000,,,2.2845156369183828,0.2879481311975591,0.3337147215865751,0.2345537757437071,0.6102212051868803,6.603737604881769,-7.583905415713196,6.603737604881769,7.616323417238749,11442408000.0,15075408000.0,18.944384105960264,9.55125876460768,65.38518857142857,93.02770731707317,3.304189431129079,3.304189431129079,12.583813021702838,40.09417021276596,86.14518857142858,122.56429268292683,0.0131965229696406,0.0107494855977867,1.1414958128790067,0.4190163239347043,9.662234042553193,1.2395566922421142,6.658536585365853,1.1513157894736843,0.0,0.0,0.0433948247078464,0.0,0.7886368454526181,0.2971428571428571,0.0434056761268781,0.5048543689320388,0.010016694490818,6.540987142664851,0.0215037328848585,0.0757271815446339,-9.650870518688023,281000000.0,-3977000000.0,-4517000000.0,7976000000.0,682500000.0,76500000.0,136069000.0,51.91151919866443,7.676470588235293,19.01475,1.7337192474674386,11.724137931034482,4.733167672464797,0.0436038117239387,0.099160945842868,2013-06-29,,bmo,,2025-04-25,2013-06-30,,21.9309375,2391500.0
2013-03-31,FI,USD,798354,2013-03-31,2013-03-30 20:00:00,2013,Q1,1152000000.0,712000000.0,440000000.0,0.3819444444,0,44145000.0,184855000.0,229000000.0,0.0,229000000.0,941000000.0,0.0,41000000.0,97000000.0,338000000.0,0.2934027778,211000000.0,0.1831597222,-41000000.0,170000000.0,0.1475694444,58000000.0,117000000.0,0.1015625,0.22,0.22,532799996,540400000,,,2.162162178394611,0.2195945962432026,0.4166666697947948,0.3078078101186772,0.6681681731844458,6.563438487713502,-7.481231287396631,6.563438487713502,7.676426484057256,11588399913.0,15281399913.0,24.761538275641023,10.059374924479169,52.19999960810811,70.6609750792683,3.313811813840435,3.313811813840435,13.265104091145831,45.211242346153846,68.83513474324324,93.17926776219512,0.0100963032755495,0.0141520832238472,1.157849585358879,0.4234026978981491,10.92603550295858,1.2210084033613446,5.146341463414634,1.8974358974358976,0.0,0.0,0.0383203125,0.0,0.7824950329394541,0.2612612612612612,0.0503472222222222,0.5979381443298969,0.0121527777777777,5.694659915677337,0.016598419666374,0.05625,-9.64764365351084,263000000.0,-3986000000.0,-4613000000.0,8004000000.0,667500000.0,96000000.0,118507000.0,52.65625,12.008426966292134,16.23931179775281,1.7091988130563798,7.494736842105263,5.542106778961789,0.0334572490706319,0.1088588596761175,2013-07-30,0.36,amc,,2025-04-25,2013-03-31,0.0555555555555556,20.581666666666667,2936860.0
2012-12-31,FI,USD,798354,2012-12-31,2012-12-30 19:00:00,2012,Q4,1156000000.0,657000000.0,499000000.0,0.4316608997,0,53028000.0,156972000.0,210000000.0,0.0,210000000.0,867000000.0,1000000.0,38000000.0,89000000.0,379000000.0,0.3278546713,289000000.0,0.25,-38000000.0,251000000.0,0.2171280277,94000000.0,179000000.0,0.1548442907,0.34,0.33,533600000,540400000,,,2.166416791604198,0.3354572713643178,0.537856071964018,0.4460269865067466,0.6709145427286357,6.403673163418291,-5.738380809595203,6.403673163418291,6.124437781109445,10543936000.0,13415936000.0,14.726167597765365,9.121051903114187,36.73845296167248,44.302252100840334,3.085729002048581,3.085729002048581,11.605480968858132,35.39824802110818,46.74542160278746,56.36947899159664,0.0169765825589229,0.0225722159163333,0.945273631840796,0.3801341649994115,7.577836411609499,1.2778280542986424,7.605263157894737,0.4856175972927242,0.0,0.0,0.0458719723183391,0.0,0.7625044133223491,0.1707317073170731,0.0423875432525951,0.550561797752809,0.0077854671280276,6.952234988653448,0.0244480557618053,0.0887016848364717,-7.818550412293853,307000000.0,-3062000000.0,-3668000000.0,7035000000.0,652000000.0,90500000.0,54271500.0,51.46193771626298,13.287671232876711,14.86890410958904,1.7488653555219364,6.77319587628866,6.052900693734281,0.0523851331577407,0.0918290854572713,2012-12-30,,bmo,,2025-04-25,2012-12-31,,19.056129032258063,3011322.580645161
2012-09-30,FI,USD,798354,2012-09-30,2012-09-29 20:00:00,2012,Q3,1118000000.0,644000000.0,474000000.0,0.4239713775,0,46524000.0,160476000.0,207000000.0,0.0,207000000.0,851000000.0,0.0,48000000.0,90000000.0,357000000.0,0.3193202147,267000000.0,0.2388193202,-46000000.0,219000000.0,0.1958855098,80000000.0,139000000.0,0.1243291592,0.26,0.26,535200000,546400000,,,2.088938714499253,0.2597159940209267,0.304559043348281,0.2223467862481315,0.5736173393124065,6.0874439461883405,-6.059417040358745,6.0874439461883405,6.534005979073243,9917256000.0,13059256000.0,17.836791366906475,8.870533094812165,60.84206134969326,83.33828571428572,3.043970534069982,3.043970534069982,11.680908765652951,36.58054901960784,80.11813496932515,109.74164705882352,0.0140159737733905,0.0119992868995214,1.0586249232658071,0.4080208210102922,8.801120448179272,1.2607040913415797,5.5625,54.333333333333336,0.0,0.0,0.0416135957066189,0.0,0.7690760676682834,0.2699386503067484,0.0393559928443649,0.4888888888888889,0.0089445438282647,5.964280970867067,0.022888405378803,0.0712090163934426,-8.231969357249627,274000000.0,-3243000000.0,-3870000000.0,7031000000.0,624500000.0,89000000.0,0.0,51.76207513416816,11.739130434782608,0.0,1.7387247278382585,7.666666666666667,0.0,0.0426642111724984,0.0822122571001494,2012-09-29,,bmo,,2025-04-25,2012-09-30,,17.84174603174603,2524247.619047619
2012-06-30,FI,USD,798354,2012-06-30,2012-06-29 20:00:00,2012,Q2,1100000000.0,635000000.0,465000000.0,0.4227272727,0,46115000.0,159885000.0,206000000.0,0.0,206000000.0,841000000.0,6000000.0,38000000.0,87000000.0,349000000.0,0.3172727273,259000000.0,0.2354545455,-38000000.0,221000000.0,0.2009090909,61000000.0,161000000.0,0.1463636364,0.3,0.29,542400000,551200000,,,2.028023598820059,0.2968289085545723,0.2747050147492625,0.1935840707964601,0.5567846607669616,5.997418879056047,-6.045353982300885,5.997418879056047,6.366150442477876,9795744000.0,12908744000.0,15.21078260869565,8.905221818181818,65.74324832214765,93.2928,3.011295419612665,3.011295419612665,11.735221818181818,36.98780515759312,86.63586577181208,122.94041904761905,0.0164357092222908,0.0107189407971461,1.0498001844451277,0.4057747148288973,8.919770773638968,1.0388663967611336,6.815789473684211,74.5,0.0,0.0,0.0419227272727272,0.0,0.7761406844106464,0.2953020134228188,0.04,0.5057471264367817,0.01,6.328875433308261,0.0254805424945229,0.0854564755838641,-8.124078171091446,48000000.0,-3279000000.0,-3880000000.0,6836000000.0,628000000.0,89500000.0,0.0,49.581818181818186,13.32283464566929,0.0,1.8151815181518152,6.75531914893617,0.0,0.04949277589917,0.0811209439528023,2012-06-29,,bmo,,2025-04-25,2012-06-30,,17.10920634920635,2976146.031746032
2012-03-31,FI,USD,798354,2012-03-31,2012-03-30 20:00:00,2012,Q1,1108000000.0,661000000.0,447000000.0,0.4034296029,0,41608000.0,164392000.0,206000000.0,0.0,206000000.0,867000000.0,0.0,43000000.0,88000000.0,329000000.0,0.2969314079,241000000.0,0.2175090253,-41000000.0,198000000.0,0.178700361,68000000.0,132000000.0,0.119133574,0.24,0.24,549200000,562000000,,,2.0174799708667157,0.2403495994173343,0.4297159504734159,0.3241077931536781,0.5662782228696286,5.853969410050984,-6.112527312454479,5.853969410050984,6.261835396941005,9528620000.0,12613620000.0,18.046628787878788,8.599837545126354,40.37550847457627,53.531573033707865,2.963800933125972,2.963800933125972,11.38413357400722,38.33927051671733,53.44754237288136,70.86303370786517,0.0138530028482613,0.0186805644468978,1.056298600311042,0.4002828854314003,9.376899696048632,0.9726533628972652,5.604651162790698,236.0,0.0,0.0,0.0375523465703971,0.0,0.7746346063177746,0.2457627118644068,0.0523465703971119,0.6590909090909091,0.0126353790613718,5.626498205892307,0.0216489702055442,0.0690376569037656,-8.140021849963583,-37000000.0,-3357000000.0,-3953000000.0,6795000000.0,658000000.0,90500000.0,22000000.0,52.79783393501805,11.57337367624811,0.0,1.7046153846153846,7.776470588235294,0.0,0.0410575427682737,0.1056081573197378,2012-03-30,,bmo,,2025-04-25,2012-03-31,,16.267096774193547,3037225.806451613
2011-12-31,FI,USD,798354,2011-12-31,2011-12-31 00:00:00,2011,Q4,1161000000.0,663000000.0,498000000.0,0.4289405685,0,0.0,0.0,217000000.0,0.0,217000000.0,880000000.0,6000000.0,50000000.0,90000000.0,377000000.0,0.3247200689,281000000.0,0.2420327304,-44000000.0,237000000.0,0.2041343669,88000000.0,143000000.0,0.1231696813,0.26,0.26,560400000,560400000,,,2.071734475374732,0.255174875089222,0.4853675945753034,0.3997144896502498,0.6013561741613134,5.8137044967880085,-5.965381870092791,5.8137044967880085,6.147394718058529,8232276000.0,11290276000.0,14.392090909090909,7.09067700258398,30.265720588235293,36.75123214285714,2.5267882136279924,2.5267882136279924,9.724613264427218,29.947681697612733,41.508367647058826,50.403017857142856,0.0173706518100219,0.0272099720660483,1.0420503376304482,0.3971689284043051,8.111405835543767,0.9797687861271676,5.62,27.2,0.0,0.0,0.0,0.0,0.7722274216190922,0.1764705882352941,0.041343669250646,0.5333333333333333,0.0086132644272179,5.7774565919965495,0.0240586200813542,0.0734463276836158,-7.907744468236974,-28000000.0,-3343000000.0,-3934000000.0,6831000000.0,622500000.0,95500000.0,22000000.0,51.627906976744185,13.031674208144796,5.972850678733032,1.7432432432432432,6.90625,15.068181818181818,0.0438919582565991,0.0856531049250535,2011-12-31,,bmo,,2025-04-25,2011-12-31,,14.277142857142858,4321695.238095238
2011-09-30,FI,USD,798354,2011-09-30,2011-09-30 00:00:00,2011,Q3,1063000000.0,631000000.0,432000000.0,0.4063969897,0,0.0,0.0,189000000.0,0.0,189000000.0,820000000.0,0.0,45000000.0,86000000.0,329000000.0,0.3095014111,243000000.0,0.2285983067,-69000000.0,174000000.0,0.1636876764,55000000.0,127000000.0,0.1194731891,0.23,0.22,563200000,570400000,,,1.8874289772727275,0.2254971590909091,0.4669744318181818,0.3924005681818182,0.4989346590909091,5.596590909090909,-6.226917613636363,5.596590909090909,6.326349431818182,7147008000.0,10384008000.0,14.068913385826772,6.723431796801505,27.17493536121673,32.33940271493213,2.267451776649746,2.267451776649746,9.768587017873942,31.56233434650456,39.48292015209125,46.98646153846154,0.0177696736872268,0.0309220305895837,1.1161167512690355,0.4162820967932789,9.838905775075988,1.1621880998080614,5.4,-1.301980198019802,0.0,0.0,0.0,0.0,0.787954088273577,0.1596958174904943,0.0395108184383819,0.4883720930232558,0.0075258701787394,5.328728308739824,0.0224186773468789,0.0708705357142857,-8.138760653409092,169000000.0,-3507000000.0,-4088000000.0,7090000000.0,563000000.0,47500000.0,0.0,49.02163687676387,13.549920760697306,0.0,1.8359240069084628,6.642105263157895,0.0,0.0402918781725888,0.0745738636363636,2011-09-30,,bmo,,2025-04-25,2011-09-30,,14.09296875,4960306.25
2011-06-30,FI,USD,798354,2011-06-30,2011-06-30 00:00:00,2011,Q2,1065000000.0,624000000.0,441000000.0,0.414084507,0,0.0,0.0,190000000.0,0.0,190000000.0,814000000.0,0.0,48000000.0,88000000.0,339000000.0,0.3183098592,251000000.0,0.2356807512,-109000000.0,142000000.0,0.1333333333,49000000.0,90000000.0,0.0845070423,0.16,0.16,566000000,576800000,,,1.881625441696113,0.1590106007067137,0.2385159010600706,0.1572438162544169,1.1925795053003534,5.4522968197879855,-5.584805653710247,5.4522968197879855,6.53886925795053,8863560000.0,11841560000.0,24.621,8.322591549295774,65.656,99.5905617977528,2.8721840570317565,2.8721840570317565,11.118835680751172,34.93085545722714,87.71525925925926,133.05123595505617,0.0101539336338897,0.0100411121490687,1.1837329876863254,0.4350881372081944,8.784660766961652,1.3197573656845754,5.229166666666667,1.3917525773195876,0.0,0.0,0.0,0.0,0.7440447832301096,0.3407407407407407,0.0431924882629108,0.5227272727272727,0.0084507042253521,4.41666076717245,0.0217875843530367,0.0418799441600744,-7.464222614840989,369000000.0,-3161000000.0,-3787000000.0,6888000000.0,537500000.0,0.0,0.0,46.225352112676056,0.0,0.0,1.946983546617916,0.0,0.0,0.0291639662994167,0.0812720848056537,2011-06-30,,bmo,,2025-04-25,2011-06-30,,15.602380952380951,4135879.365079365
2011-03-31,FI,USD,798354,2011-03-31,2011-03-31 00:00:00,2011,Q1,1048000000.0,624000000.0,424000000.0,0.4045801527,0,0.0,0.0,203000000.0,0.0,203000000.0,827000000.0,0.0,45000000.0,85000000.0,306000000.0,0.2919847328,221000000.0,0.2108778626,-45000000.0,176000000.0,0.1679389313,64000000.0,112000000.0,0.106870229,0.19,0.19,574800000,590800000,,,1.8232428670842031,0.1948503827418232,0.4923451635351427,0.394919972164231,0.8994432846207376,5.45929018789144,-5.471468336812804,5.45929018789144,5.915100904662491,9012864000.0,11850864000.0,20.118,8.60006106870229,31.847575971731448,39.70424669603524,2.872168260038241,2.872168260038241,11.308076335877862,38.72831372549019,41.8758445229682,52.20644933920705,0.0124266825728203,0.0251862227145555,1.0691523263224985,0.4063219086835412,9.27450980392157,1.4228329809725158,4.911111111111111,2.482456140350877,0.0,0.0,0.0,0.0,0.7609301198982681,0.1978798586572438,0.0534351145038167,0.6588235294117647,0.0114503816793893,4.892265079562826,0.0192283789494618,0.0567375886524822,-7.317327766179541,400000000.0,-3145000000.0,-3773000000.0,6959000000.0,550000000.0,268500000.0,0.0,45.34351145038168,0.0,0.0,1.9848484848484849,0.0,0.0,0.0356915232632249,0.0974251913709116,2011-03-31,,bmo,,2025-04-25,2011-03-31,,15.333387096774192,3840567.741935484
2010-12-31,FI,USD,798354,2010-12-31,2010-12-31 00:00:00,2010,Q4,1078000000.0,613000000.0,465000000.0,0.4313543599,0,0.0,0.0,198000000.0,0.0,198000000.0,811000000.0,10000000.0,58000000.0,87000000.0,338000000.0,0.3135435993,267000000.0,0.2476808905,-74000000.0,193000000.0,0.1790352505,77000000.0,116000000.0,0.107606679,0.2,0.2,592000000,598400000,,,1.820945945945946,0.1959459459459459,0.5135135135135135,0.4358108108108108,0.9510135135135136,5.454391891891892,-5.113175675675675,5.454391891891892,5.766891891891892,8666880000.0,11459880000.0,18.678620689655173,8.039777365491652,28.50947368421053,33.59255813953489,2.684075565190461,2.684075565190461,10.630686456400742,33.90497041420118,37.696973684210526,44.41813953488372,0.0133842859252695,0.0297684980062029,1.039331062248374,0.4052650646057239,8.263313609467456,1.590347923681257,4.603448275862069,2.554621848739496,0.0,0.0,0.0,0.0,0.7554643159038763,0.1513157894736842,0.0426716141001855,0.5287356321839081,0.0092764378478664,4.9037979692657325,0.0240054875000484,0.0572839506172839,-6.858108108108108,526000000.0,-3027000000.0,-3635000000.0,7049000000.0,557500000.0,268500000.0,0.0,47.755102040816325,78.84176182707994,0.0,1.8846153846153848,1.1415270018621977,0.0,0.0359244348095385,0.0777027027027027,2010-12-31,,bmo,,2025-04-25,2010-12-31,,14.098125,3984562.5
2010-09-30,FI,USD,798354,2010-09-30,2010-09-30 00:00:00,2010,Q3,1025000000.0,589000000.0,436000000.0,0.4253658537,0,0.0,0.0,185000000.0,0.0,185000000.0,774000000.0,0.0,49000000.0,85000000.0,336000000.0,0.327804878,251000000.0,0.2448780488,-49000000.0,202000000.0,0.1970731707,73000000.0,132000000.0,0.1287804878,0.22,0.22,597600000,603600000,,,1.715194109772423,0.2208835341365461,0.3731593038821954,0.2978580990629183,1.2433065595716195,5.401606425702811,-5.120481927710843,5.401606425702811,6.283467202141901,8043696000.000001,11006696000.0,15.234272727272728,7.847508292682928,36.07038565022422,45.189303370786526,2.491851301115242,2.491851301115242,10.73824,32.75802380952381,49.357381165919286,61.83537078651685,0.0164103665777523,0.0221291306881811,1.148079306071871,0.4302298583700952,8.818452380952381,1.5556552962298025,5.122448979591836,1.664179104477612,0.0,0.0,0.0,0.0,0.7299744601811006,0.2017937219730941,0.0439024390243902,0.5294117647058824,0.008780487804878,5.181248222174659,0.0206748457639521,0.056749785038693,-7.087935073627845,619000000.0,-3060000000.0,-3653000000.0,7177000000.0,521500000.0,0.0,0.0,47.678048780487806,0.0,0.0,1.887661141804788,0.0,0.0,0.0408921933085501,0.0753012048192771,2010-09-30,,bmo,,2025-04-25,2010-09-30,,12.56140625,4639737.5
2010-06-30,FI,USD,798354,2010-06-30,2010-06-30 00:00:00,2010,Q2,1022000000.0,586000000.0,436000000.0,0.4266144814,0,0.0,0.0,185000000.0,0.0,185000000.0,771000000.0,0.0,46000000.0,83000000.0,334000000.0,0.3268101761,251000000.0,0.2455968689,-46000000.0,205000000.0,0.2005870841,78000000.0,127000000.0,0.1242661448,0.21,0.21,610000000,610400000,,,1.6754098360655738,0.2081967213114754,0.280327868852459,0.2114754098360655,0.5540983606557377,5.116393442622951,-5.237704918032787,5.116393442622951,5.713114754098361,6966200000.0,10067200000.0,13.712992125984252,6.816242661448141,40.73801169590643,54.0015503875969,2.232041012495994,2.232041012495994,9.850489236790606,30.14131736526946,58.87251461988304,78.04031007751938,0.0182308862794636,0.0185179868507938,1.1018904197372636,0.420312881935957,9.284431137724551,1.3546099290780145,5.456521739130435,1.3153846153846154,0.0,0.0,0.0,0.0,0.7719384013688585,0.2456140350877192,0.0410958904109589,0.5060240963855421,0.009784735812133,4.895647826703499,0.021030235457886,0.0680600214362272,-7.127868852459017,300000000.0,-3195000000.0,-3915000000.0,6889000000.0,507000000.0,0.0,0.0,44.031311154598825,0.0,0.0,2.044,0.0,0.0,0.0406920858699134,0.0688524590163934,2010-06-30,,bmo,,2025-04-25,2010-06-30,,12.449365079365078,7389219.047619048
2010-03-31,FI,USD,798354,2010-03-31,2010-03-31 00:00:00,2010,Q1,1008000000.0,598000000.0,410000000.0,0.4067460317,0,0.0,0.0,172000000.0,0.0,172000000.0,770000000.0,0.0,45000000.0,84000000.0,322000000.0,0.3194444444,238000000.0,0.2361111111,-45000000.0,193000000.0,0.191468254,73000000.0,121000000.0,0.1200396825,0.2,0.2,610400000,614800000,,,1.651376146788991,0.1982306684141546,0.4259501965923984,0.3571428571428571,0.6815203145478375,5.108125819134994,-5.276867627785059,5.108125819134994,5.830602883355177,7745976000.0,10843976000.0,16.0040826446281,7.6845,29.792215384615385,35.532,2.4842771007055804,2.4842771007055804,10.757912698412698,33.67694409937888,41.7076,49.74300917431193,0.015621014059429,0.0281436451649217,1.1270044900577294,0.4229149115417017,9.62111801242236,1.2565656565656569,5.288888888888889,2.113821138211382,0.0,0.0,0.0,0.0,0.7629076904561319,0.1615384615384615,0.0416666666666666,0.5,0.0099206349206349,4.773176290280032,0.0198576589655661,0.0614213197969543,-7.191186107470511,254000000.0,-3221000000.0,-3947000000.0,6874000000.0,534000000.0,52000000.0,0.0,45.892857142857146,0.0,0.0,1.961089494163424,0.0,0.0,0.0388069275176395,0.0688073394495412,2010-03-31,,bmo,,2025-04-25,2010-03-31,,12.092786885245902,5542373.770491803
2009-12-31,FI,USD,798354,2009-12-31,2009-12-31 00:00:00,2009,Q4,1062000000.0,611000000.0,451000000.0,0.4246704331,0,0.0,0.0,195000000.0,0.0,195000000.0,806000000.0,8000000.0,59000000.0,85000000.0,349000000.0,0.3286252354,256000000.0,0.2410546139,-51000000.0,205000000.0,0.1930320151,79000000.0,118000000.0,0.1111111111,0.19,0.19,614400000,618000000,,,1.728515625,0.1920572916666666,0.3336588541666667,0.2571614583333333,0.5908203125,4.925130208333333,-5.4541015625,4.925130208333333,6.022135416666667,7446527999.999999,10724528000.0,15.776542372881355,7.01179661016949,36.32452682926829,47.12992405063291,2.460848645076008,2.460848645076008,10.098425612052733,30.72930659025788,52.31477073170732,67.87675949367089,0.0158463111936193,0.0212179421067106,1.2032385988103107,0.4345905944139412,9.392550143266476,1.0999138673557278,4.338983050847458,1.6015625,0.0,0.0,0.0,0.0,0.7611601814275484,0.2292682926829268,0.0442561205273069,0.5529411764705883,0.007532956685499,4.613340579304674,0.0210468621540148,0.0589705147426286,-7.44384765625,116000000.0,-3351000000.0,-4075000000.0,6786000000.0,536000000.0,103000000.0,156500000.0,46.94915254237288,15.319148936170212,0.0,1.916967509025271,5.875,0.0,0.0389953734302709,0.0764973958333333,2009-12-31,,bmo,,2025-04-25,2009-12-31,,11.95671875,5039562.5
2009-09-30,FI,USD,798354,2009-09-30,2009-09-30 00:00:00,2009,Q3,992000000.0,579000000.0,413000000.0,0.4163306452,0,0.0,0.0,182000000.0,0.0,182000000.0,761000000.0,0.0,52000000.0,79000000.0,310000000.0,0.3125,231000000.0,0.2328629032,-52000000.0,179000000.0,0.1804435484,60000000.0,115000000.0,0.1159274194,0.19,0.19,621200000,621200000,,,1.596909207984546,0.1851255634256278,0.4201545396007727,0.334835801674179,0.4475209272376046,4.690920798454604,-5.592401802962009,4.690920798454604,6.163876368319382,7485460000.0,10984460000.0,16.272739130434786,7.545826612903226,28.67992337164751,35.987788461538464,2.568792038435141,2.568792038435141,11.073044354838707,35.43374193548387,42.086053639846746,52.80990384615384,0.0153631172967325,0.027787203458438,1.2961564859299932,0.4152374670184696,11.287096774193548,1.2555066079295154,4.4423076923076925,2.0232558139534884,0.0,0.0,0.0,0.0,0.7022867194371152,0.2030651340996168,0.0534274193548387,0.6708860759493671,0.0080645161290322,4.420317919050094,0.0204459902013359,0.0424667651403249,-8.626851255634257,406000000.0,-3474000000.0,-4187000000.0,7082000000.0,530000000.0,101500000.0,334000000.0,46.99596774193549,15.854922279792747,48.652849740932645,1.915057915057915,5.676470588235294,1.8498402555910545,0.0394646533973919,0.0853187379265937,2009-09-30,,bmo,,2025-04-25,2009-09-30,,11.9840625,5898068.75
2009-06-30,FI,USD,798354,2009-06-30,2009-06-30 00:00:00,2009,Q2,1032000000.0,619000000.0,413000000.0,0.4001937984,0,0.0,0.0,181000000.0,0.0,181000000.0,800000000.0,0.0,55000000.0,85000000.0,317000000.0,0.3071705426,232000000.0,0.2248062016,-55000000.0,177000000.0,0.1715116279,67000000.0,140000000.0,0.1356589147,0.23,0.22,622222222,623200000,,,1.6585714291637754,0.2250000000803571,0.2475000000883928,0.1623214286294005,0.4966071430345025,4.557857144484949,-5.848392859231569,4.557857144484949,6.324107145115753,7111999997.46,10682999997.46,12.699999995464283,6.891472865755814,46.18181816532468,70.4158415590099,2.507757403899859,2.507757403899859,10.35174418358527,33.70031544940063,69.37012985363636,105.77227720257424,0.0196850393771091,0.014201349836343,1.368124118476728,0.4221980413492927,11.264984227129338,1.1639528354856823,4.218181818181818,1.350877192982456,0.0,0.0,0.0,0.0,0.704570184983678,0.3441558441558441,0.0513565891472868,0.6235294117647059,0.0087209302325581,4.803556162073659,0.0191271943433871,0.0515653775322283,-8.776607145991646,292000000.0,-3639000000.0,-4281000000.0,7059000000.0,547000000.0,97500000.0,362000000.0,47.26744186046512,14.68497576736672,51.61550888529887,1.904059040590406,6.128712871287129,1.7436619718309858,0.0493653032440056,0.0851785714589923,2009-06-30,,bmo,,2025-04-25,2009-06-30,,10.236190476190476,8957041.26984127
2009-03-31,FI,USD,798354,2009-03-31,2009-03-31 00:00:00,2009,Q1,1044000000.0,625000000.0,419000000.0,0.4013409962,0,0.0,0.0,201000000.0,0.0,201000000.0,826000000.0,0.0,54000000.0,84000000.0,302000000.0,0.2892720307,218000000.0,0.2088122605,-47000000.0,164000000.0,0.1570881226,63000000.0,103000000.0,0.0986590038,0.17,0.17,622000000,624000000,,,1.6784565916398717,0.1655948553054662,0.360128617363344,0.2877813504823151,0.5016077170418006,4.353697749196141,-6.098070739549839,4.353697749196141,6.528938906752412,5672639999.999999,9367640000.0,13.768543689320389,5.433563218390804,25.32428571428571,31.69072625698324,2.094771048744461,2.094771048744461,8.972835249042145,31.018675496688743,41.81982142857143,52.3331843575419,0.0181573306255993,0.0315549726406047,1.4796898079763663,0.4291988003427592,12.235099337748345,1.0720588235294115,4.037037037037037,2.196078431372549,0.0,0.0,0.0,0.0,0.6963367609254498,0.2008928571428571,0.043103448275862,0.5357142857142857,0.0105363984674329,4.027576671956979,0.0177799096226957,0.0363315696649029,-9.192122186495176,147000000.0,-3793000000.0,-4441000000.0,6942000000.0,571500000.0,95500000.0,367500000.0,47.58620689655172,13.536,53.136,1.891304347826087,6.648936170212766,1.6937669376693767,0.0380354505169867,0.0723472668810289,2009-03-31,,bmo,,2025-04-25,2009-03-31,,8.504426229508196,8593147.540983606
2008-12-31,FI,USD,798354,2008-12-31,2008-12-31 00:00:00,2008,Q4,1061000000.0,640000000.0,421000000.0,0.396795476,0,0.0,0.0,202000000.0,0.0,183000000.0,823000000.0,0.0,0.0,86000000.0,313000000.0,0.2950047125,219000000.0,0.2064090481,-103000000.0,116000000.0,0.10933082,48000000.0,62000000.0,0.0584354383,0.1,0.1,632400000,633200000,,,1.6777356103731815,0.0980392156862745,-0.7147375079063883,-0.8096141682479443,0.3668564199873498,4.1018342820999365,-6.223908918406072,4.1018342820999365,6.491144845034788,5748516000.0,9621516000.0,23.1795,5.418016965127238,-12.71795575221239,-11.2275703125,2.216081727062452,2.216081727062452,9.06834684260132,30.739667731629392,-21.286539823008848,-18.7920234375,0.0107853922647166,-0.0890664651537892,1.5824980724749422,0.4399314114242846,12.373801916932909,1.0478749389350268,0.0,2.8074534161490683,0.0,0.0,0.0,0.0,0.6998178115957561,-0.1327433628318584,0.0565504241281809,0.6976744186046512,0.0,3.0080165986199927,0.0170128956195106,0.0221349518029275,-9.295936116382038,98000000.0,-3936000000.0,-4592000000.0,6931000000.0,576000000.0,101000000.0,382000000.0,50.13195098963243,13.640625,51.46875,1.7952622673434857,6.597938144329897,1.7486338797814207,0.0239013107170393,0.0948766603415559,2008-12-31,,bmo,,2025-04-25,2008-12-31,,8.67375,9720593.75
2008-09-30,FI,USD,798354,2008-09-30,2008-09-30 00:00:00,2008,Q3,1080000000.0,662000000.0,418000000.0,0.387037037,0,0.0,0.0,204000000.0,0.0,223000000.0,885000000.0,0.0,0.0,88000000.0,285000000.0,0.2638888889,214000000.0,0.1981481481,-38000000.0,176000000.0,0.162962963,105000000.0,78000000.0,0.0722222222,0.12,0.12,650000000,655200000,,,1.6615384615384616,0.12,0.2953846153846154,0.2230769230769231,0.7261538461538461,4.269230769230769,-5.726153846153847,4.269230769230769,6.552307692307692,7689500000.0,11476500000.0,24.645833333333336,7.119907407407408,40.04947916666666,53.03103448275862,2.770990990990991,2.770990990990991,10.626388888888888,40.26842105263158,59.7734375,79.14827586206897,0.0101437024513947,0.0188568827622082,1.5347747747747749,0.4442010846891948,13.287719298245614,1.350935093509351,0.0,2.430379746835443,0.0,0.0,0.0,0.0,0.6776178556528994,0.2447916666666666,0.0435185185185185,0.5340909090909091,0.0,3.395132262066248,0.011099195867131,0.0252345519249433,-8.801923076923076,638000000.0,-3722000000.0,-4357000000.0,7437000000.0,684500000.0,139500000.0,428000000.0,46.75,14.274924471299093,54.10876132930513,1.925133689839572,6.304761904761905,1.6633165829145728,0.0281081081081081,0.0723076923076923,2008-09-30,,bmo,,2025-04-25,2008-09-30,,12.42453125,7659681.25
2008-06-30,FI,USD,798354,2008-06-30,2008-06-30 00:00:00,2008,Q2,1295000000.0,852000000.0,443000000.0,0.3420849421,0,0.0,0.0,219000000.0,0.0,219000000.0,1071000000.0,0.0,61000000.0,98000000.0,322000000.0,0.2486486486,224000000.0,0.172972973,-61000000.0,162000000.0,0.1250965251,63000000.0,100000000.0,0.0772200772,0.15,0.15,653600000,659200000,,,1.9813341493268053,0.1529987760097919,1.2515299877600978,1.1872705018359853,0.3228274173806609,4.357405140758874,-6.531517747858017,4.357405140758874,7.002753977968176,7411824000.0,11716824000.0,18.52956,5.723416216216216,9.060909535452325,9.551319587628866,2.602466292134832,2.602466292134832,9.04774054054054,36.38765217391305,14.323745721271392,15.099,0.013491955556419,0.1046975751178117,1.5856741573033708,0.4470401900613739,13.369565217391305,1.1248888888888888,3.672131147540984,8.262626262626263,0.0,0.0,0.0,0.0,0.7045139576321521,0.0513447432762836,0.0324324324324324,0.4285714285714285,0.0,3.873015258824171,0.0168686246320257,0.033500837520938,-9.498164014687882,281000000.0,-4269000000.0,-4723000000.0,7730000000.0,825000000.0,172500000.0,448500000.0,56.15444015444016,18.380281690140848,48.38028169014085,1.6027227722772277,4.896551724137931,1.8602620087336244,0.0351123595505618,0.0642594859241126,2008-06-30,,bmo,,2025-04-25,2008-06-30,,12.676875,6391000.0
2008-03-31,FI,USD,798354,2008-03-31,2008-03-31 00:00:00,2008,Q1,1310000000.0,872000000.0,438000000.0,0.334351145,0,0.0,0.0,212000000.0,0.0,212000000.0,1084000000.0,0.0,0.0,90000000.0,316000000.0,0.241221374,226000000.0,0.172519084,-68000000.0,158000000.0,0.120610687,61000000.0,329000000.0,0.2511450382,0.5,0.5,656000000,661600000,,,1.9969512195121952,0.5015243902439024,0.3307926829268293,0.2545731707317073,0.5655487804878049,4.103658536585366,-6.754573170731708,4.103658536585366,7.280487804878049,7885120000.0,12290120000.0,5.991732522796353,6.019175572519084,36.33695852534562,47.2162874251497,2.9290936106983656,2.9290936106983656,9.381770992366413,38.892784810126585,56.63649769585253,73.59353293413173,0.0417241589221216,0.0211791323404082,1.7741456166419018,0.4539923954372623,13.939873417721518,1.0663003663003665,0.0,0.6595744680851063,0.0,0.0,0.0,0.0,0.6770912547528517,0.2304147465437788,0.0381679389312977,0.5555555555555556,0.0,6.804918002439751,0.0168015058661949,0.0968501619075655,-10.070121951219512,181000000.0,-4431000000.0,-4917000000.0,7664000000.0,839000000.0,176000000.0,431500000.0,57.847328244274806,17.64908256880734,45.30963302752294,1.5558194774346794,5.099415204678363,1.986332574031891,0.1222139673105497,0.0762195121951219,2008-03-31,,bmo,,2025-04-25,2008-03-31,,12.70704918032787,8078655.737704918
2007-12-31,FI,USD,798354,2007-12-31,2007-12-31 00:00:00,2007,Q4,383136000.0,131599000.0,251537000.0,0.6565214441,0,0.0,0.0,96477000.0,0.0,96477000.0,228076000.0,0.0,0.0,41386000.0,196446000.0,0.5127317715,155060000.0,0.4047126869,-35791000.0,119269000.0,0.3112967719,44934000.0,96326000.0,0.2514146413,0.15,0.14,656800000,664400000,,,0.5833373934226553,0.1466595615103532,0.2619838611449452,0.1994914738124238,0.4521924482338611,3.756090133982948,-7.1163215590743,3.756090133982948,8.229293544457978,9109816000.0,14217816000.0,23.64319083113593,23.77697736573958,52.94219246706301,69.52678094424007,3.69266963923794,3.69266963923794,37.10905788023051,72.3751870743105,82.62761302020678,108.5114099491704,0.0105738688904364,0.0143829469223088,2.190920145926226,0.4562721593786932,26.00205654480111,1.119872136387853,0.0,1.7863401366193967,0.0,0.0,0.0,0.0,0.6028195171365862,0.2385352557955727,0.1071290612210807,0.9917604987193736,0.0,3.520581908005312,0.0112309029083612,0.0204731137088204,-12.550243605359318,450000000.0,-4674000000.0,-5175000000.0,7963000000.0,747106000.0,213224500.0,308943500.0,196.3793535454773,123.78513514540384,289.97180829641565,0.4582966507177033,0.7270662983425414,0.310375,0.0390458046209971,0.0624923873325213,2007-12-31,,bmo,,2025-04-25,2007-12-31,,13.34015625,6344656.25
2007-09-30,FI,USD,798354,2007-09-30,2007-09-30 00:00:00,2007,Q3,1173747000.0,826289000.0,347458000.0,0.2960246118,0,0.0,0.0,141483000.0,0.0,141483000.0,967772000.0,0.0,0.0,50358000.0,256333000.0,0.2183886306,205975000.0,0.1754850066,-12000000.0,193321000.0,0.1647041483,73371000.0,121000000.0,0.1030886554,0.18,0.18,658800000,666400000,,,1.781643897996357,0.1836672738312082,0.2554538554948391,0.1991150576806314,0.2447632058287796,3.615514571948998,-0.9051472374013356,3.615514571948998,1.4753430479659988,8531460000.0,9342166000.0,17.62698347107438,7.26856809857661,50.694087098096766,65.03777339015224,3.581786144764203,3.581786144764203,7.959267201534914,36.4454284075792,55.51131657288182,71.21801840261631,0.0141828010680469,0.0153756801297784,0.4080589411566643,0.1548208735382742,3.162706323415245,1.0963673975519592,0.0,1.3922895553257495,0.0,0.0,0.0,0.0,0.474393268236598,0.2205439323085333,0.0316218060621241,0.7370427737400215,0.0,3.865380105611194,0.0354822041746819,0.0366697002509601,-4.772594869459623,263762000.0,-596311000.0,-895230000.0,3480138000.0,611196000.0,238299500.0,191350000.0,50.47005870941523,26.734483939638555,21.118313326209112,1.7832354925160891,3.3664386491694813,4.261703982216446,0.0507997603594775,0.0563387978142076,2007-09-30,,bmo,,2025-04-25,2007-09-30,,12.616190476190477,7917549.206349206
2007-06-30,FI,USD,798354,2007-06-30,2007-06-30 00:00:00,2007,Q2,1180136000.0,834330000.0,345806000.0,0.2930221602,0,0.0,0.0,164686000.0,0.0,164686000.0,999016000.0,0.0,0.0,50993000.0,232113000.0,0.1966832636,181120000.0,0.1534738369,-11000000.0,169675000.0,0.1437758021,65032000.0,108000000.0,0.0915148763,0.16,0.16,669600000,679600000,,,1.7624492234169653,0.1612903225806451,0.1794877538829151,0.130310633213859,0.226373954599761,3.572278972520908,-0.8838112305854241,3.572278972520908,1.3139187574671445,9508320000.0,10236540000.0,22.01,8.056969705186521,79.114032533178,108.9703859906482,3.9750534908474,3.9750534908474,8.67403417911156,44.10153675149604,85.17319133003286,117.31617309984414,0.0113584734211721,0.0091768051559055,0.3678096720816656,0.136332799551735,3.1373512039394607,1.0839644482544917,0.0,1.1103976495805463,0.0,0.0,0.0,0.0,0.4623659179777993,0.2739859383450513,0.0279027162971047,0.6457552997470241,0.0,3.600543795884719,0.0317057804108662,0.0311281534548791,-5.066019265232975,246038000.0,-591800000.0,-885026000.0,3468082000.0,581578000.0,227086500.0,94406500.0,43.02571906966655,24.93437848333393,20.367444536334546,2.091772129462228,3.609474367293965,4.418816500982453,0.0451505394235279,0.0491771206690561,2007-06-30,,bmo,,2025-04-25,2007-06-30,,13.777619047619048,6497771.428571428
2007-03-31,FI,USD,798354,2007-03-31,2007-03-31 00:00:00,2007,Q1,1219419000.0,868625000.0,350794000.0,0.287673064,0,0.0,0.0,157425000.0,0.0,157425000.0,1026050000.0,0.0,0.0,50263000.0,243632000.0,0.1997935082,193369000.0,0.1585746983,-8000000.0,184981000.0,0.1516960126,71418000.0,114000000.0,0.0934871443,0.17,0.17,680000000,690400000,,,1.7932632352941176,0.1676470588235294,0.2506632352941176,0.1787367647058823,0.2952867647058823,3.573154411764706,-0.8691955882352941,3.573154411764706,1.2086823529411763,9023600000.0,9644709000.0,19.78859649122807,7.399917501695479,52.939554476066434,74.24325947622613,3.713805358175446,3.713805358175446,7.909265806092901,39.58720118867801,56.583469736170514,79.35354324878024,0.0126335387206879,0.0134692362250099,0.3382675959822944,0.1291671080129735,2.5493736454981284,1.1087151627518077,0.0,1.500937805447197,0.0,0.0,0.0,0.0,0.4747363944589324,0.286944635115077,0.0401092651500427,0.9730815908322226,0.0,3.671259814659009,0.0216515322589701,0.0341081671707095,-4.828432352941176,95695000.0,-591053000.0,-2957430000.0,3362526000.0,588488000.0,225511500.0,-968882000.0,44.20780716062321,23.10786587998273,0.0,2.0358394994123303,3.894777668670944,0.0,0.0469185037936079,0.0719264705882353,2007-03-31,,bmo,,2025-04-25,2007-03-31,,13.20704918032787,4277390.163934426
2006-12-31,FI,USD,798354,2006-12-31,2006-12-31 00:00:00,2006,Q4,1197741000.0,861958000.0,335783000.0,0.2803469197,0,0.0,0.0,154384000.0,0.0,154384000.0,1016342000.0,0.0,0.0,56158000.0,237557000.0,0.1983375371,181399000.0,0.1514509397,-9129000.0,172270000.0,0.1438290916,66324000.0,105946000.0,0.0884548496,0.16,0.15,688444000,699164000,,,1.7397798513749847,0.1538919650690542,0.2649249612168891,0.2104208911690711,0.2691983661706689,3.5233395889861776,-0.8022061344132566,3.5233395889861776,1.085427427648436,9025500840.0,9587428840.0,21.29740820795499,7.535436158568505,49.485710745342296,62.303699633446776,3.7209016244080897,3.7209016244080897,8.004592679051648,40.358435407081245,52.56669283826609,66.18273016574281,0.0117385175491269,0.0160504112257109,0.3080677863244974,0.1203713383687265,2.365444924796996,1.0983180546746307,0.0,1.721499631887943,0.0,0.0,0.0,0.0,0.479692805468109,0.2057339927406709,0.0313281418937817,0.6681683820648884,0.0,3.4928222387462307,0.020925465602486,0.0328003450125958,-6.002456263690293,86186000.0,-552274000.0,-2819511000.0,3312122000.0,584842000.0,233027000.0,-968882000.0,43.43176028874356,23.806264342346143,-202.3286053380791,2.0722162629757785,3.780517543859649,-0.4448209379470358,0.0436778690166893,0.0545040700478179,2006-12-31,,bmo,,2025-04-25,2006-12-31,,12.6515873015873,4129117.460317461
2006-09-30,FI,USD,798354,2006-09-30,2006-09-30 00:00:00,2006,Q3,1156545000.0,824708000.0,331837000.0,0.2869209585,0,0.0,0.0,146097000.0,0.0,146097000.0,970805000.0,0.0,0.0,50047000.0,235787000.0,0.203871877,185740000.0,0.1605990255,-11582000.0,175753000.0,0.1519638233,65665000.0,110088000.0,0.0951869577,0.16,0.16,693704000,703500000,,,1.6672024379274155,0.1586959279462133,0.2437509369990659,0.1662755296207027,0.246354352865199,3.527890858348806,-0.7810723305617382,3.527890858348806,1.1952417745897386,8164896080.0,8823143080.0,18.541748601119103,7.059730559554535,48.2869938672076,70.7861224489796,3.3362710108069584,3.3362710108069584,7.628880052224513,37.41997260239114,52.179850376424525,76.49283963032961,0.0134830864865092,0.0141270628394819,0.3387978320704511,0.1344911731368016,2.79170183258619,1.111949839640173,0.0,1.5359621393794056,0.0,0.0,0.0,0.0,0.484853798285949,0.3178466033082778,0.0464703059543727,1.0738905428896837,0.0,3.549210201272828,0.0217845564307735,0.0346635708503324,-4.473193177493571,92291000.0,-541833000.0,-2801045000.0,3335060000.0,587454000.0,253591000.0,0.0,46.04365588887592,25.978722165905992,0.0,1.9546666801873973,3.4643736295126315,0.0,0.0449832305811437,0.0774754073783631,2006-09-30,,bmo,,2025-04-25,2006-09-30,,11.129047619047618,4353346.031746032
2006-06-30,FI,USD,798354,2006-06-30,2006-06-30 00:00:00,2006,Q2,1093197000.0,765788000.0,327409000.0,0.299496797,0,0.0,0.0,143220000.0,0.0,143220000.0,909008000.0,0.0,0.0,45535000.0,229724000.0,0.210139618,184189000.0,0.1684865582,-10351000.0,175415000.0,0.1604605574,64435000.0,117669000.0,0.1076375072,0.17,0.17,700452000,710204000,,,1.5607022322728752,0.1679900978225488,0.1327971081530212,0.0627737518059767,0.2169727547355136,3.419934556543489,-0.7475201726884926,3.419934556543489,1.1179852438139943,7943125680.0,8574241680.0,16.87599469698901,7.265960005378719,85.39342578855704,180.648753240846,3.315852924232937,3.315852924232937,7.843272237300322,37.32410057286135,92.1783061342966,195.0020850579941,0.0148139416069267,0.0055356042156945,0.3269025255687748,0.1210121819604624,2.747279343908342,1.0579741921659596,0.0,0.7905055707110624,0.0,0.0,0.0,0.0,0.4510907391633834,0.52729579221226,0.0448665702522052,1.0771494454814978,0.0,3.595356820367105,0.0205576312666964,0.033126545210081,-4.977230416930782,46536000.0,-523602000.0,-3226470000.0,3204925000.0,566785000.0,269050500.0,0.0,48.015279954116224,31.62953715649762,0.0,1.8744033167359369,2.8454415742694925,0.0,0.0491208515967439,0.0700233563470444,2006-06-30,,bmo,,2025-04-25,2006-06-30,,10.913174603174603,5840292.063492063
2006-03-31,FI,USD,798354,2006-03-31,2006-03-31 00:00:00,2006,Q1,1096668000.0,758062000.0,338606000.0,0.3087588951,0,0.0,0.0,145653000.0,0.0,145653000.0,903715000.0,0.0,0.0,47366000.0,240319000.0,0.2191355998,192953000.0,0.1759447709,-6106000.0,186847000.0,0.1703769965,70636000.0,116211000.0,0.1059673484,0.16,0.16,717404000,727132000,,,1.528661674593395,0.1619882242083958,0.2654947560928012,0.1997410106439328,0.2854388879905883,3.3218883641574344,-0.6992266561100858,3.3218883641574344,1.0564967577543476,7633178560.0,8186338560.0,16.42094672621353,6.960336729073886,40.076121112843694,53.26898049478349,3.202997462167497,3.202997462167497,7.464737331626345,34.0644666464158,42.98035124194743,57.12926871139956,0.0152244571624432,0.0187726513763094,0.3180410182213688,0.1244729358999729,2.3017738922016155,1.0233403511075267,0.0,1.6389756563492268,0.0,0.0,0.0,0.0,0.4737544043467443,0.2476649498338294,0.0430139294663471,0.99590423510535,0.0,3.4795693606233664,0.0229195518847937,0.0362661735100367,-4.305084025179676,19911000.0,-501628000.0,-2833036000.0,3137818000.0,551673000.0,255486500.0,52391000.0,45.16511834028165,31.93349620479591,0.0,1.992688236127817,2.8183572328821107,0.0,0.0487638976541833,0.0657537454488684,2006-03-31,,bmo,,2025-04-25,2006-03-31,,10.688709677419356,6574922.580645162
2005-12-31,FI,USD,798354,2005-12-31,2005-12-31 00:00:00,2005,Q4,1078293000.0,1962363000.0,-884070000.0,-0.819879198,0,0.0,0.0,-950234000.0,0.0,-1082686000.0,879677000.0,0.0,0.0,46727000.0,245343000.0,0.2275290668,198616000.0,0.1841948339,37474000.0,236090000.0,0.2189479112,87714000.0,150476000.0,0.1395501965,0.21,0.2,734128000,742412000,,,1.4688078918117822,0.2049724298759889,0.2821646906261578,0.2066056600483839,0.251279068500316,3.358733081969357,-0.5143108558725454,3.358733081969357,0.8110097966567138,7943264960.0,8354178960.0,13.196896780882,7.366518154156616,38.34639967172753,52.37029807153453,3.221452772798429,3.221452772798429,7.747596395413862,34.05101820716303,40.33010190929059,55.07947229273117,0.0189438474931597,0.0190947929804421,0.2414630090763827,0.0985815750798573,1.6748552027161974,0.990469291700958,0.0,1.3765982615167869,0.0,0.0,0.0,0.0,0.4707844138503814,0.2677834367230683,0.0514424187117972,1.1871080959616496,0.0,3.935742982603524,0.0240614527448101,0.0470795687136561,-3.980455724342349,-8118000.0,-377570000.0,-2730121000.0,3061205000.0,535600000.0,237409500.0,52391000.0,46.15628590744816,11.098863971650506,4.805624647427617,1.9498969258589511,8.108938016528926,18.728054436830757,0.0610267100343101,0.0755590305777739,2005-12-31,,bmo,,2025-04-25,2005-12-31,,11.10142857142857,5875523.80952381
2005-09-30,FI,USD,798354,2005-09-30,2005-09-30 00:00:00,2005,Q3,1011645000.0,301217000.0,710428000.0,0.7022502953,0,0.0,0.0,494626000.0,0.0,538909000.0,840126000.0,0.0,0.0,44283000.0,215802000.0,0.2133179129,171519000.0,0.1695446525,-3429000.0,168090000.0,0.1661551236,58751000.0,112939000.0,0.1116389643,0.15,0.15,749624000,758704000,,,1.3495365676659232,0.1506608646468096,0.1871538264516611,0.1340058482652636,0.2321337096997961,3.33191039774607,-0.4674250024012038,3.33191039774607,0.851983127541274,8598187280.0,9062841280.0,19.03281258024243,8.49921393374158,61.28648405146299,85.59327931192387,3.4424695237180107,3.4424695237180107,8.95851932248961,41.99609493887916,64.59846238283616,90.21881936010512,0.0131352105184664,0.0116831602672418,0.2557040933986739,0.1044784933642013,2.1531496464351583,0.9594662911204996,0.0,1.2422192511001513,0.0,0.0,0.0,0.0,0.4659116190929875,0.2839801846109983,0.0393823920446401,0.8996906261996703,0.0,3.360764984736014,0.020924063548296,0.0345926021898223,-4.072122824242554,-33675000.0,-350393000.0,-2818109000.0,3024889000.0,496048500.0,226449000.0,0.0,46.10115208398203,69.56350405189615,0.0,1.9522288691624856,1.2937818648821615,0.0,0.0452175618974408,0.0531479781863974,2005-09-30,,bmo,,2025-04-25,2005-09-30,,11.19515625,4979981.25
2005-06-30,FI,USD,798354,2005-06-30,2005-06-30 00:00:00,2005,Q2,996426000.0,277957000.0,718469000.0,0.7210460185,0,0.0,0.0,486078000.0,0.0,531224000.0,809181000.0,0.0,0.0,45146000.0,232391000.0,0.2332245445,187245000.0,0.187916614,-1280000.0,185965000.0,0.1866320228,71968000.0,113997000.0,0.1144058866,0.15,0.15,763516000,772908000,,,1.3050492720519282,0.149305319076483,0.1512699144484202,0.1016730494187417,0.7420656541578696,3.3593035378433456,0.1384149120647111,3.3593035378433456,0.7736039585287015,8184891520.000001,8208971520.000001,17.94979587182119,8.214249246808093,70.8667023385889,105.43600355537237,3.191137650776917,3.191137650776917,8.238415617416647,35.32396486955175,71.07519260240527,105.74619691094824,0.0139277349884778,0.0094844262517482,0.2302870073555041,0.0991667700599994,0.1036184705948164,1.3017970088585906,0.0,1.0131582410063422,0.0,0.0,0.0,0.0,0.4128793786796624,0.3278699879650553,0.0380038256729551,0.8387897045142427,0.0,3.359336608369326,0.0221653492714625,0.0325983358969453,-3.234163069274252,264915000.0,105682000.0,-2248630000.0,2926453000.0,470180500.0,212947500.0,0.0,42.80371046118829,71.25961929363176,0.0,2.1026214557171707,1.2629873818038069,0.0,0.0444453195117748,0.0495968650296784,2005-06-30,,bmo,,2025-04-25,2005-06-30,,10.570625,7106106.25
2005-03-31,FI,USD,798354,2005-03-31,2005-03-31 00:00:00,2005,Q1,973114000.0,398591000.0,574523000.0,0.5903963975,0,0.0,0.0,343484000.0,0.0,386507000.0,785098000.0,0.0,0.0,43023000.0,231039000.0,0.237422337,188016000.0,0.1932106619,39790000.0,227806000.0,0.2341000129,88161000.0,139026000.0,0.1428671255,0.18,0.18,773532000,781980000,,,1.2580138895352746,0.1797288282837685,0.1734705222279104,0.1323965912205312,0.9304437308346648,3.3389581814327007,0.2131702373011071,3.3389581814327007,0.7741269915142489,7696643399.999999,7575727399.999999,13.840294980794958,7.90929264197206,57.35844841077616,75.15299229589992,2.979971434002984,2.979971434002984,7.785035874522409,32.789820766190985,56.45733427730372,73.97232187319968,0.0180631988224892,0.0133061900724152,0.2318468664324755,0.0922846749480793,-0.523357528382654,1.3543454768770131,0.0,0.9651791751183232,0.0,0.0,0.0,0.0,0.3726292036614768,0.2367775831873905,0.0326498231450785,0.7384887153383074,0.0,3.6745623462994255,0.0204342167467125,0.0341515815734842,-3.666792065486625,336102000.0,164894000.0,-2621340000.0,2950335000.0,452114000.0,204216000.0,0.0,43.14166685506528,46.47229867207238,0.0,2.0861502709748234,1.9366375791969528,0.0,0.0538278164977344,0.0410739310073791,2005-03-31,,bmo,,2025-04-25,2005-03-31,,9.64639344262295,6442367.213114754
2004-12-31,FI,USD,798354,2004-12-31,2004-12-31 00:00:00,2004,Q4,888152000.0,0.0,888152000.0,1.0,0,0.0,0.0,-523505000.0,0.0,-478463000.0,706449000.0,0.0,0.0,45042000.0,226745000.0,0.2552997685,181703000.0,0.2045854764,-4581000.0,177122000.0,0.1994275755,62413000.0,97453000.0,0.1097255875,0.13,0.12,779936000,788932000,,,1.1387498461412218,0.1249499958970992,0.3383200672875723,0.2723377302753046,0.6617555799450211,3.287990296639724,0.238001579616789,3.287990296639724,0.7761239383744307,7838356800.000001,7927556800.000001,20.10804387756149,8.825467712733857,29.70559825367229,36.90270896302365,3.05657836346748,3.05657836346748,8.92590097190571,34.962432688703174,30.043646065456976,37.32265943523253,0.0124328354126466,0.0270982816194332,0.2360481231248211,0.0722058690387338,0.3933934596132219,1.1254177497215,0.0,2.707643684647984,0.0,0.0,0.0,0.0,0.2837524717150628,0.1950293328482423,0.0579427845684072,1.1425336352737443,0.0,3.0403574488345613,0.0155940756234736,0.0162298509147974,-6.378057943215854,117537000.0,185626000.0,-4764226000.0,2710132000.0,1676021000.0,1504014500.0,0.0,44.36037975481674,0.0,0.0,2.0288374557981013,0.0,0.0,0.0380019357188481,0.0659823370122676,2004-12-31,,bmo,,2025-04-25,2004-12-31,,9.3359375,5916868.75
2004-09-30,FI,USD,798354,2004-09-30,2004-09-30 00:00:00,2004,Q3,958094000.0,247265000.0,710829000.0,0.7419198951,0,0.0,0.0,751966000.0,0.0,797377000.0,797377000.0,0.0,0.0,45411000.0,206128000.0,0.2151438168,160717000.0,0.1677465885,-4395000.0,156322000.0,0.163159356,63965000.0,92357000.0,0.0963965957,0.12,0.12,781336000,789888000,,,1.2262253371148903,0.1182039481093921,0.1449798806147419,0.0941477162193985,0.5760159521639858,3.2209907133422755,0.0436355166023324,3.2209907133422755,0.9206602537192706,6813249920.000001,7082532920.000001,18.442700390874545,7.111254135815485,60.146276593866425,92.62040918421448,2.707241583739822,2.707241583739822,7.392315284304046,34.35987793992083,62.52346369109625,96.28108535773032,0.0135554986363981,0.0107967564471787,0.2858313902941817,0.0871985863875678,1.3063872933322984,1.0622544473021365,0.0,1.226523165542406,0.0,0.0,0.0,0.0,0.3009371594870624,0.3506153004113773,0.0414541788175273,0.8746118781792958,0.0,2.9268602513045865,0.0182541123866324,0.0160149584154178,-3.963795985337934,203979000.0,34094000.0,-2252311000.0,2893011000.0,2854425000.0,1505680500.0,0.0,273.7570843779421,1021.1197298444988,0.0,0.3287586153414327,0.088138537890856,0.0,0.0366980095967856,0.0508321643953433,2004-09-30,,bmo,,2025-04-25,2004-09-30,,8.749375,5228737.5
2004-06-30,FI,USD,798354,2004-06-30,2004-06-30 00:00:00,2004,Q2,946020000.0,254620000.0,691400000.0,0.7308513562,0,0.0,0.0,483168000.0,0.0,531120000.0,785740000.0,0.0,0.0,47952000.0,208232000.0,0.2201137397,160280000.0,0.1694255935,-4486000.0,155794000.0,0.1646836219,60760000.0,95034000.0,0.10045665,0.12,0.12,780204000,789516000,,,1.2125290308688497,0.1218066044265346,0.2407331928572527,0.1917536951874125,0.2982963430077262,3.097842359177856,-0.0569171652542155,3.097842359177856,0.8259147607548795,7583582880.000001,7995232880.000001,19.949657175326728,8.016302911143528,40.3766505342853,50.69002707092583,3.137667729025313,3.137667729025313,8.451441703135242,38.39579353797688,42.568364985810966,53.44156944527997,0.0125315436652813,0.019727746418458,0.2666096802208073,0.0804759855398948,1.976881555188444,1.0150628317621908,0.0,1.9763558305448576,0.0,0.0,0.0,0.0,0.3073953801697336,0.2034596770329196,0.040394494830976,0.7969219219219219,0.0,2.9137771574801574,0.0193346189157421,0.0171362791658807,-4.180347703933843,46827000.0,-44407000.0,-2434580000.0,2709478000.0,2728438000.0,197108500.0,0.0,265.8627513160398,72.79600974000472,0.0,0.3385205319455001,1.2363315011556315,0.0,0.0393198201534248,0.0489794976698401,2004-06-30,,bmo,,2025-04-25,2004-06-30,,9.239193548387098,8014864.516129033
2004-03-31,FI,USD,798354,2004-03-31,2004-03-31 00:00:00,2004,Q1,937480000.0,392862000.0,544618000.0,0.58093826,0,0.0,0.0,340800000.0,0.0,387758000.0,780620000.0,0.0,0.0,46958000.0,203818000.0,0.2174105048,156860000.0,0.1673209028,-4732000.0,152128000.0,0.1622733285,59330000.0,92798000.0,0.098986645,0.12,0.12,778220000,788252000,,,1.2046465009894374,0.1192439156022718,0.1659749171185525,0.1252409344401326,0.2677212099406337,2.969922386985685,-0.1941713140243119,2.969922386985685,0.986195420318162,6957286800.0,7516417800.0,18.743094678764628,7.421264240303793,53.86356056207177,71.38241214795055,3.010179673103724,3.010179673103724,8.017683363911763,36.878086331923576,58.19237254674254,77.11914841225055,0.0133382455930952,0.014009053069366,0.3320610076006391,0.096795841803486,2.743285676436821,1.0117756110263705,0.0,1.3918942218582298,0.0,0.0,0.0,0.0,0.3105582392945635,0.2454225215809236,0.0338140546998336,0.6750713403466928,0.0,2.822811794174015,0.0186315415688016,0.0169758825682649,-4.385000385495104,34910000.0,-151108000.0,-2618057000.0,2699073000.0,1539912500.0,183730000.0,0.0,255.58663651491236,43.130183117736,0.0,0.3521310864574444,2.0867057242562503,0.0,0.0401505157592007,0.0407339826784199,2004-03-31,,bmo,,2025-04-25,2004-03-31,,9.441774193548389,6832335.483870967
2003-12-31,FI,USD,798354,2003-12-31,2003-12-31 00:00:00,2003,Q4,791505000.0,460399000.0,331106000.0,0.4183245842,0,0.0,0.0,141350000.0,0.0,192090000.0,652489000.0,0.0,0.0,50740000.0,189756000.0,0.2397407471,139016000.0,0.1756350244,-4632000.0,134384000.0,0.169782882,52410000.0,81974000.0,0.1035672548,0.11,0.11,775914331,782214037,,,1.0200932865615546,0.105648261315591,0.1476271225102556,0.1161094677603009,0.261327819191936,2.835117115525992,-0.2877366625156456,2.835117115525992,1.0801656400904909,7673792733.59,8309140733.59,23.40313005828068,9.695191734215198,66.99310961177169,85.17823904263467,3.4883920476650694,3.4883920476650694,10.497900497899572,43.78855337164569,72.53977208798212,92.2305306144898,0.0106823317811517,0.0117400877411831,0.3809950686605377,0.1161762779527804,3.3482366828980377,1.0150888614668343,0.0,1.3973454997926171,0.0,0.0,0.0,0.0,0.3358758277973573,0.2134950151031026,0.0308968357748845,0.4819668900275916,0.0,2.596019426416409,0.0181460982727268,0.0171096122233103,-5.797622327973215,39850000.0,-223259000.0,-2333496000.0,2668993000.0,1367232500.0,162318500.0,0.0,47.475240206947525,35.02872508411183,0.0,1.8957250054488275,2.569319887717575,0.0,0.0372641612358896,0.0315176547499546,2003-12-31,,bmo,,2025-04-25,2003-12-31,,9.36265625,6523250.0
2003-09-30,FI,USD,798354,2003-09-30,2003-09-30 00:00:00,2003,Q3,796052000.0,290866000.0,505186000.0,0.6346143217,0,0.0,0.0,325222000.0,0.0,368891000.0,659757000.0,0.0,0.0,43669000.0,179964000.0,0.2260706587,136295000.0,0.1712136896,-4472000.0,131823000.0,0.1655959661,51411000.0,80412000.0,0.1010135016,0.11,0.1,774504000,786112000,,,1.02782167684092,0.1038238666294815,0.2869268589962092,0.2379936062305682,0.2604273186452233,2.713763905673825,-0.2395610610145331,2.713763905673825,1.0255234317705266,7024751280.0,7617321280.0,21.839872407103417,8.824487948023496,31.61084337566261,38.110267513712046,3.342221473664979,3.342221473664979,9.568873993156226,42.32691693894334,34.277363044828235,41.32504342825522,0.0114469533218833,0.0262396478754761,0.3778970711587713,0.1107660503126814,3.2927140983752308,0.6094014507484753,0.0,2.763592498632045,0.0,0.0,0.0,0.0,0.3189865113907019,0.1705426007757868,0.0476086989292156,0.867869655819918,0.0,2.5178270176181794,0.0279267692425911,0.0164665481006398,-4.04063245638499,-1690823000.0,-185541000.0,-2430919000.0,817102000.0,2203084000.0,139772000.0,0.0,261.94891790988527,45.00402247082849,0.0,0.3435784378042801,1.9998212394978203,0.0,0.038258253200439,0.0489332527656409,2003-09-30,,bmo,,2025-04-25,2003-09-30,,9.5028125,6268787.5
2003-06-30,FI,USD,798354,2003-06-30,2003-06-30 00:00:00,2003,Q2,738615000.0,180768000.0,557847000.0,0.7552608599,0,0.0,0.0,385804000.0,0.0,425787000.0,606555000.0,0.0,0.0,39983000.0,172043000.0,0.2329264908,132060000.0,0.1787940944,-3474000.0,128586000.0,0.1740906968,50148000.0,78438000.0,0.1061960561,0.1,0.1,773180000,783244000,,,0.9552950153909828,0.1014485630771618,0.0507992964122196,-0.0078791484518482,0.3765604387076748,2.614792157065625,0.1369189580692723,2.614792157065625,0.912193797045966,6889033800.0,7303174800.0,21.956939876080472,9.326961678276232,175.3961300506658,-1130.832862770847,3.4075366089513555,3.4075366089513555,9.887661095428609,42.44970617810664,185.940239835018,-1198.813985554826,0.0113859217819485,-0.000884303978883,0.348859007619806,0.1064644603218403,2.4071947129496696,1.036822387932313,0.0,0.5007394375175298,0.0,0.0,0.0,0.0,0.2891988892397668,1.1551034956844972,0.0614244227371499,1.1347072505814972,0.0,2.4430524778019307,0.018237706792053,0.0166577118210333,-3.55011769575002,88874000.0,105863000.0,-2100487000.0,2229324000.0,2014451000.0,131240000.0,0.0,254.5712719075567,66.76413967073819,0.0,0.3535355711019977,1.348029053378872,0.0,0.0387979452986464,0.0586784448640678,2003-06-30,,bmo,,2025-04-25,2003-06-30,,8.176507936507937,8286000.0
2003-03-31,FI,USD,798354,2003-03-31,2003-03-31 00:00:00,2003,Q1,707498000.0,167942000.0,539556000.0,0.7626254774,0,0.0,0.0,377560000.0,0.0,414959000.0,582901000.0,0.0,0.0,37399000.0,161996000.0,0.2289702586,124597000.0,0.1761093318,-2977000.0,121620000.0,0.171901546,47432000.0,74188000.0,0.1048596604,0.0975,0.095,768548000,778984000,,,0.920564493044026,0.0965300800990959,0.1848316565783789,0.1386159355043536,0.2370196786667846,2.5132054211317967,0.192243034917793,2.5132054211317967,0.7864297350328151,6048472760.0,6470720760.0,20.38224766808648,8.549102273080631,42.57928617689297,56.77557902246252,3.131459105501939,3.131459105501939,9.145920921331228,39.94370700511123,45.55177512460226,60.73912083579736,0.0122655756161494,0.0176132065443905,0.3129190031265548,0.0930678710902914,2.606533494654189,0.97369155194372,0.0,1.9147571035747024,0.0,0.0,0.0,0.0,0.2746679309583415,0.2500422380536705,0.0502036754874218,0.9497312762373326,0.0,2.3363429143995598,0.0174468198412384,0.0157494590289673,-3.806975621561698,-60732000.0,147748000.0,-2315035000.0,1946937000.0,2009963500.0,125324000.0,59941000.0,246.74418867615177,68.79982374867514,0.0,0.3647502317394949,1.3081428860743718,0.0,0.0384091484474136,0.0462157210740253,2003-03-31,,bmo,,2025-04-25,2003-03-31,,8.002950819672131,6696793.442622951
2002-12-31,FI,USD,798354,2002-12-31,2002-12-31 00:00:00,2002,Q4,668861000.0,-83578000.0,752439000.0,1.1249557083,0,0.0,0.0,573083000.0,0.0,638602000.0,555024000.0,0.0,0.0,37719000.0,178844000.0,0.2673858993,113837000.0,0.1701953022,-1988000.0,111849000.0,0.1672230852,43621000.0,68228000.0,0.1020062464,0.09,0.09,766899482,766899482,,,0.8721625398098782,0.088966026971446,0.3714802352676514,0.284643561670837,0.2963113228442629,2.3831923777463184,0.2023498563270642,2.3831923777463184,0.7599744343027213,6510976602.18,6866561602.18,23.85742144786598,9.734424046520877,22.85451336026789,29.82677686494757,3.5624484532921445,3.5624484532921445,10.266051694118808,38.39414015667285,24.10267053080509,31.455711370405837,0.0104789195490513,0.0335269212804283,0.3188892518284218,0.0905188232726922,1.988241148710608,1.0222110672539308,0.0,4.175529108283989,0.0,0.0,0.0,0.0,0.2597551836898879,0.2337585296677992,0.0995647825183408,1.765555820673931,0.0,2.184152247561117,0.0166761242116828,0.0143149138373444,-3.603689029483528,52743000.0,155182000.0,-2183666000.0,1948300000.0,1896857500.0,103776500.0,59941000.0,279.91228371814174,-131.66072411400128,-129.0935413625595,0.321529297694651,-0.6835751558078288,-0.6971688827346891,0.0373306107396908,0.0868366735968143,2002-12-31,,bmo,,2025-04-25,2002-12-31,,7.7884375,8001837.5
2002-09-30,FI,USD,798354,2002-09-30,2002-09-30 00:00:00,2002,Q3,635672000.0,230455000.0,405217000.0,0.637462402,0,0.0,0.0,269239000.0,0.0,295394000.0,525849000.0,0.0,0.0,35281000.0,145104000.0,0.2282686669,109823000.0,0.1727667728,-1378000.0,108445000.0,0.1705989882,42294000.0,66151000.0,0.1040646749,0.085,0.085,768192000,768192000,,,0.8274910439056903,0.0861125864367241,0.1182022202782637,0.0946742481046405,0.2837428663667417,2.3032067503957343,0.5975719611763726,2.3032067503957343,0.5817868449554278,5392707840.0,5621662840.0,20.38029598947862,8.483475503089643,59.389747362392896,74.1489913100869,3.0479243770859177,3.0479243770859177,8.843653393574044,38.74230097033852,61.911222660293824,77.29709107908921,0.0122667502046615,0.0134863601288661,0.2525986192318453,0.0788805737410805,1.577868287573051,2.8827188017093364,0.0,1.3726474278544545,0.0,0.0,0.0,0.0,0.2312555739837633,0.1990484791083897,0.0284329025031777,0.512287066693121,0.0,2.1124723745980045,0.0130193274422654,0.0151876583028283,-3.115702194243106,1330090000.0,459050000.0,-1859963000.0,2906288000.0,1735679500.0,86792500.0,0.0,242.5967165456399,33.30728341758695,0.0,0.3709860598342774,2.7021116934585576,0.0,0.0373881269764116,0.0235279721736232,2002-09-30,,bmo,,2025-04-25,2002-09-30,,8.4884375,8414625.0
2002-06-30,FI,USD,798354,2002-06-30,2002-06-30 00:00:00,2002,Q2,632426000.0,187070000.0,445356000.0,0.704202547,0,0.0,0.0,309271000.0,0.0,334491000.0,521561000.0,0.0,0.0,34476000.0,145341000.0,0.2298150297,110865000.0,0.175301142,-1611000.0,109254000.0,0.1727538084,42609000.0,66645000.0,0.105379918,0.0875,0.085,765680000,781896000,,,0.8259664611848292,0.087040277922892,0.2018676209382509,0.1667263086406854,2.855841866053704,2.29027792289207,0.7686304983805246,2.29027792289207,0.5222717061957998,6760954400.0,6972518400.0,25.361821592017407,10.690506715410182,43.741536948617416,52.96104779138173,3.855427287553746,3.855427287553746,11.025034391375431,47.97351332383842,45.11029851325648,54.61830658237962,0.0098573361181078,0.0188818016580617,0.2280385716403782,0.0717069070973149,1.4556388080445295,2.1094555228988203,0.0,2.3192437542201216,0.0,0.0,0.0,0.0,0.2089192832196265,0.1740809751174255,0.0425456891399151,0.7804559693699965,0.0,2.117851412612974,0.0178208241348787,0.0151065037414352,-0.4154088522620416,2129368000.0,588525000.0,225508000.0,3557141000.0,1848431000.0,85741000.0,0.0,250.16424055936977,42.48046185919709,0.0,0.3597636488682758,2.118621033318988,0.0,0.038004242652342,0.0351413122975655,2002-06-30,,bmo,,2025-04-25,2002-06-30,,10.50859375,7833843.75
2002-03-31,FI,USD,798354,2002-03-31,2002-03-31 00:00:00,2002,Q1,631928000.0,188454000.0,443474000.0,0.7017793166,0,0.0,0.0,310740000.0,0.0,334960000.0,523414000.0,0.0,0.0,33638000.0,143067000.0,0.2263976276,108514000.0,0.17171893,-2687000.0,106742000.0,0.1689148131,41629000.0,65113000.0,0.1030386373,0.085,0.0825,762676000,780608000,,,0.8285667832736313,0.0853743922714232,0.0610508263010767,0.0213170468193571,2.541333410255469,2.2150375782114557,0.7141826935684353,2.2150375782114557,0.5583891455873792,8786027520.0,9073202520.0,33.733768679065626,13.903526224506589,188.69523474077573,540.4125673514577,5.2008147009866486,5.2008147009866486,14.357968819232571,63.41925475476525,194.8628177483785,558.0761791118218,0.0074109715513388,0.001850438091958,0.2520901455939423,0.0776217315331016,2.0072763110989955,1.9147189376468927,0.0,0.7150952958702563,0.0,0.0,0.0,0.0,0.208633989121256,0.6508311498646965,0.0479548302971224,0.9008859028479697,0.0,2.0627453695763767,0.018542775639923,0.0149967306284264,-0.5306083448279479,1904325000.0,544690000.0,189071000.0,3306092000.0,1838618500.0,83243500.0,0.0,276.15046334392525,39.72619312935783,0.0,0.3259092847796948,2.265507789959607,0.0,0.0385430897927967,0.0397337794817196,2002-03-31,,bmo,,2025-04-25,2002-03-31,,10.749833333333331,5979626.666666667
2001-12-31,FI,USD,798354,2001-12-31,2001-12-31 00:00:00,2001,Q4,496736000.0,131189000.0,365547000.0,0.7358979418,0,0.0,0.0,247941000.0,0.0,276049000.0,407238000.0,0.0,0.0,39648000.0,129146000.0,0.2599892096,89498000.0,0.1801721639,-1441000.0,88057000.0,0.1772712266,35223000.0,52834000.0,0.1063623333,0.07,0.07,762666126,762666126,,,0.6513151470424687,0.069275398760794,0.2021762796896528,0.1741338647050387,2.650112455630421,2.1042313868283693,0.649044166411555,2.1042313868283693,0.597762224462556,8069007613.08,8388812613.08,38.180942258204944,16.244056426512273,52.33057021447147,60.757854412300645,5.027964161273559,5.027964161273559,16.88786923653611,64.95603900298886,54.4046267540031,63.1659157950695,0.0065477692590542,0.0164587773823288,0.2840762799206892,0.0856580741725009,2.4763058863611724,2.0206388848251797,0.0,2.9184426694931296,0.0,0.0,0.0,0.0,0.2085252793841392,0.1387027945496877,0.0430550634542292,0.5394219128329297,0.0,1.8110378348253977,0.0152505953360699,0.0125424340402903,-0.5147258893729862,1953462000.0,495004000.0,150006000.0,3311032000.0,1768660500.0,80739500.0,0.0,314.94419570959224,57.14861764324753,0.0,0.2857649108192753,1.5748412422121651,0.0,0.0329219491708135,0.0280424149846141,2001-12-31,,bmo,,2025-04-25,2001-12-31,,9.738125,5542462.5
2001-09-30,FI,USD,798354,2001-09-30,2001-09-30 00:00:00,2001,Q3,467173000.0,121898000.0,345275000.0,0.7390731057,0,0.0,0.0,227949000.0,0.0,256060000.0,377958000.0,0.0,0.0,36660000.0,125875000.0,0.2694398007,89215000.0,0.1909677999,-1501000.0,87714000.0,0.1877548574,35085000.0,52629000.0,0.1126541988,0.07,0.0675,747776000,779688889,,,0.6247499251112633,0.0703807022423827,0.1348518807771311,0.1181730892673741,2.761115628209517,1.894739868623759,0.6146814019171517,1.894739868623759,0.5078833768401232,5982208000.0,6269240000.0,28.41688042714093,12.805123583768754,59.32434871428713,67.69730781852954,4.2222154779541246,4.2222154779541246,13.419525529086656,49.805283018867925,62.17078709626236,70.945488700533,0.0087975877802978,0.0147716361584217,0.2680491318362469,0.0726408502764511,2.2802939424031776,2.0531710485155714,0.0,1.9160348857094,0.0,0.0,0.0,0.0,0.1830824548809931,0.1236823054572139,0.0266967483137938,0.3402073104200764,0.0,1.7321793373402634,0.0156204863213852,0.0123223146068678,-0.531445579959774,2033509000.0,459644000.0,152965000.0,3208905000.0,1783641500.0,78011500.0,0.0,346.5841775958799,57.71907660503044,0.0,0.2596771746024158,1.5592765042979944,0.0,0.0371453112946336,0.0166787915097569,2001-09-30,,bmo,,2025-04-25,2001-09-30,,9.23457627118644,6530372.881355932
2001-06-30,FI,USD,798354,2001-06-30,2001-06-30 00:00:00,2001,Q2,472646000.0,128846000.0,343800000.0,0.7273942866,0,0.0,0.0,227194000.0,0.0,255421000.0,384267000.0,0.0,0.0,35679000.0,124058000.0,0.2624755102,88379000.0,0.1869877244,-1731000.0,86648000.0,0.183325364,34659000.0,51989000.0,0.1099956416,0.07,0.0684,745859072,764623688,,,0.6336934385374078,0.0697035163232552,0.1577697509054364,0.1344315618916277,2.499130291466107,1.8448324243215748,0.6127069002118406,1.8448324243215748,0.4643115743988698,7950857707.52,8219205707.52,38.23336526726808,16.82201416603547,67.5668177126638,79.29685447375508,5.778302603240587,5.778302603240587,17.389771007307797,66.25292772348418,69.84725349287014,81.97318866147387,0.0065387913999301,0.0126108407027793,0.2516822494431261,0.069948662180911,2.163085008624998,2.0925808009343485,0.0,2.2634403431495125,0.0,0.0,0.0,0.0,0.1856200379282199,0.1479256250318677,0.0368288317260698,0.4878780234872054,0.0,1.7009716069215592,0.0165394119262177,0.012894292299561,-0.5158809679263378,1945799000.0,456993000.0,151773000.0,3081922000.0,2055098500.0,75330000.0,0.0,336.7016752495525,54.37677537525418,0.0,0.2672989373554345,1.6551183732192634,0.0,0.0377831153682634,0.0233381890138087,2001-06-30,,bmo,,2025-04-25,2001-06-30,,9.034603174603172,7130819.047619048
2001-03-31,FI,USD,798354,2001-03-31,2001-03-31 00:00:00,2001,Q1,453912000.0,121997000.0,331915000.0,0.731232045,0,0.0,0.0,218695000.0,0.0,245310000.0,367307000.0,0.0,0.0,35709000.0,122314000.0,0.2694663283,86605000.0,0.1907968946,-1996000.0,84609000.0,0.1863995664,33844000.0,50765000.0,0.1118388586,0.0684,0.0667,744275864,763016492,,,0.6098706433398464,0.0682072366651406,0.0932839600989667,0.0708352944789299,2.652081164357091,1.7673984387057862,0.5200652321569842,1.7673984387057862,0.5046005361259438,5552297945.44,5845713945.44,27.34313968994386,12.232102137506828,79.97087593714441,105.31473123499174,4.22089317079104,4.22089317079104,12.8785181829077,47.792680686102976,84.19700622852122,110.88017953832438,0.0091430612151663,0.0094953477853793,0.2855046859130689,0.0666232755536136,2.398875026570957,1.924416599232231,0.0,1.3676548803309367,0.0,0.0,0.0,0.0,0.1646875458458331,0.2406487202753892,0.0368088968786901,0.4678932482007337,0.0,1.6469246129632422,0.0154526761783867,0.010781018017775,-0.7944792765710322,2114517000.0,387072000.0,80257000.0,3261011000.0,2400449000.0,76723000.0,0.0,464.3565933484904,53.715829077764205,0.0,0.1938165653060013,1.6754837735019843,0.0,0.0385918846432198,0.0224486656200368,2001-03-31,,bmo,,2025-04-25,2001-03-31,,8.317580645161291,8231670.967741935
2000-12-31,FI,USD,798354,2000-12-31,2000-12-31 00:00:00,2000,Q4,434581000.0,111530000.0,323051000.0,0.743361997,0,0.0,0.0,206581000.0,0.0,245310000.0,356840000.0,0.0,0.0,38729000.0,116470000.0,0.268005274,77741000.0,0.17888725,-3005000.0,74736000.0,0.1719725437,30641000.0,44095000.0,0.1014655496,0.06,0.0583,742320000,762924000,,,0.585436200021554,0.0594016057764845,0.4213317706649423,0.4015114775299062,2.5538244961741565,1.6867011531415024,0.5460354025218235,1.6867011531415024,0.4778033732083198,5493168000.0,5748995000.0,31.14393922213403,12.640147636459028,17.563356279355297,18.43035732259688,4.387262074385498,4.387262074385498,13.22882270508835,49.36030737528977,18.381314285896988,19.28869317228653,0.0080272440238492,0.0542583077743116,0.2832768403095029,0.0634913502985865,2.196505537906757,1.948205898566945,0.0,7.092935706996258,0.0,0.0,0.0,0.0,0.1515736656689914,0.0470420094448512,0.0338555988411826,0.3798962018125952,0.0,1.5014449812221564,0.0137987533218288,0.009303565019777,-0.8005910523763337,2163785000.0,405333000.0,111515000.0,3216079000.0,2763782500.0,79863000.0,0.0,509.2348491995738,65.06742580471622,0.0,0.1767357441099404,1.3831805836320117,0.0,0.0352176232676715,0.0198202931350361,2000-12-31,,bmo,,2025-04-25,2000-12-31,,8.75,7492200.0
2000-09-30,FI,USD,798354,2000-09-30,2000-09-30 00:00:00,2000,Q3,406189000.0,95291000.0,310898000.0,0.7654023127,0,0.0,0.0,198617000.0,0.0,232675000.0,327966000.0,0.0,0.0,34058000.0,112281000.0,0.2764255064,78223000.0,0.1925778394,-2388000.0,75835000.0,0.1866988028,31093000.0,44742000.0,0.1101506934,0.06,0.0583,740604000,762270000,,,0.5484563950505263,0.0604128522125184,0.2278721151924645,0.2080194003813104,2.4089783474029307,1.6615559732326588,0.5031028727903171,1.6615559732326588,0.8747225237778894,7391227920.0,7945123920.0,41.29915917929463,18.19652408115434,43.79649520333248,47.97629443074127,6.006418177163963,6.006418177163963,19.560165144797125,70.76107195340262,47.07858902721568,51.57162092691159,0.0060533920052623,0.0208436272927164,0.5264478223240733,0.106183049931798,4.933123146391642,1.138172326595914,0.0,3.771914532206875,0.0,0.0,0.0,0.0,0.1406252612275819,0.0871221772544929,0.0361974351841138,0.4317047389746902,0.0,1.5028423229697008,0.0238220568496645,0.00853358743494,-1.0597735091897964,600398000.0,372600000.0,75235000.0,1666230000.0,1655587000.0,73040000.0,0.0,679.9225483703399,74.7013883787556,0.0,0.1323680178216105,1.20479688468006,0.0,0.0363592037739069,0.0198527148111541,2000-09-30,,bmo,,2025-04-25,2000-09-30,,8.77920634920635,5500295.238095238
2000-06-30,FI,USD,798354,2000-06-30,2000-06-30 00:00:00,2000,Q2,416434000.0,97140000.0,319294000.0,0.7667337441,0,0.0,0.0,198029000.0,0.0,239906000.0,337046000.0,0.0,0.0,41877000.0,121265000.0,0.2911986053,79388000.0,0.1906376521,-3072000.0,76316000.0,0.1832607328,31289000.0,45027000.0,0.1081251771,0.0617,0.06,737946000,758406000,,,0.5643150040788892,0.0610166597555918,0.3416266230862421,0.31253370842853,3.817542204985189,1.5686229073672058,0.4321210495076875,1.5686229073672058,0.9872660059137118,5320590660.0,5976626660.0,29.54111233260044,12.776552010642742,21.10491253540233,23.069511561658565,4.596388313684227,4.596388313684227,14.351918095064285,49.28566907186739,23.70717669832052,25.914013432596377,0.0084627822129808,0.0433472549831525,0.629383901814076,0.1215470083345442,5.409936915020822,1.1401193389790127,0.0,5.598907322273303,0.0,0.0,0.0,0.0,0.1399201430638029,0.0851599749307819,0.0515543879702425,0.5126680516751438,0.0,1.467488647326504,0.0134018260159163,0.0087341318396707,-2.4898366547145727,388167000.0,318882000.0,-1677983000.0,1436787000.0,243765500.0,67833500.0,0.0,52.41791016103392,62.06331068560841,0.0,1.7169703966356065,1.4501321151865287,0.0,0.0388982332649998,0.029092914657712,2000-06-30,,bmo,,2025-04-25,2000-06-30,,7.182539682539683,6629695.238095238
2000-03-31,FI,USD,798354,2000-03-31,2000-03-31 00:00:00,2000,Q1,396402000.0,93698000.0,302704000.0,0.7636288414,0,0.0,0.0,189572000.0,0.0,223750000.0,317448000.0,0.0,0.0,34178000.0,113132000.0,0.2853971473,78954000.0,0.1991765935,-5806000.0,73148000.0,0.184529846,29991000.0,43157000.0,0.1088718019,0.0584,0.0567,735364316,752881560,,,0.539055256524033,0.0586879170786416,-0.2028382350823778,-0.2328832066961486,6.585013570334843,1.5652187289436,0.478818447317751,1.5652187289436,1.201310671158539,4559258759.2,5368004759.2,26.4108879162129,11.50160382440048,-30.566229278626977,-26.622786966727784,3.9611077259371377,3.9611077259371377,13.541820574063705,47.44903969875897,-35.988232496647896,-31.34528103985892,0.0094657930772002,-0.0375618075316368,0.7675033839962606,0.1411426083552686,7.148693561503377,1.5685838879546394,0.0,-3.456217994763306,0.0,0.0,0.0,0.0,0.1276417276129687,-0.1481228211316707,0.0557363484543468,0.6464392299139797,0.0,1.4376498554651698,0.0136820474970329,0.0079041762629292,-0.1112261612650783,1878206000.0,352106000.0,73592000.0,2880969000.0,1338204500.0,67540000.0,0.0,55.623306643256086,65.96939102222032,0.0,1.6180267846573957,1.3642690739662202,0.0,0.0374950260902202,0.0300449716137708,2000-03-31,,bmo,,2025-04-25,2000-03-31,,5.5901587301587305,7595466.666666667
1999-12-31,FI,USD,798354,1999-12-31,1999-12-31 00:00:00,1999,Q4,374545000.0,72327000.0,302218000.0,0.8068936977,0,0.0,0.0,182926000.0,0.0,236833000.0,309160000.0,0.0,0.0,53907000.0,119292000.0,0.3184984448,65385000.0,0.1745718138,-6210000.0,59175000.0,0.1579916966,24307000.0,34868000.0,0.0930942877,0.0483,0.0466,722813370,752550984,,,0.5181766352772362,0.0482392847824605,0.0327013873581226,0.2864363175794603,2.371631559609917,1.5094020742864789,0.3997504916103032,1.5094020742864789,0.9783631976813046,4618777434.3,5245397434.3,33.11616262977515,12.3317022902455,195.40455363624827,22.308623620073416,4.233464435260345,4.233464435260345,14.004718883712238,43.97107462612749,221.9146860557601,25.33518853506569,0.0075491838470204,0.0448257148011675,0.6481793117607808,0.1332352370419635,5.252825000838279,1.8786418555381224,0.0,0.6778995067110244,0.0,0.0,0.0,0.0,0.1511143223725486,7.759148792147903,0.4896687981417453,3.4022112156120725,0.0,1.2799534060022248,0.0117183980075116,0.0077387469346745,-0.9392237722442792,1980732000.0,288945000.0,18349000.0,2978136000.0,2312959000.0,67300000.0,0.0,584.2492090403023,82.62474594549752,0.0,0.1540438542447247,1.089262048192771,0.0,0.0319592013316028,0.2537349302213377,1999-12-31,,bmo,,2025-04-25,1999-12-31,,5.57671875,5319412.5
1999-09-30,FI,USD,798354,1999-09-30,1999-09-30 00:00:00,1999,Q3,352700000.0,94300000.0,258400000.0,0.7326339665,0,0.0,0.0,171200000.0,0.0,193700000.0,288000000.0,0.0,0.0,22500000.0,87200000.0,0.247235611,64700000.0,0.1834420187,-5000000.0,59700000.0,0.1692656649,24500000.0,35200000.0,0.099801531,0.0484,0.0467,727911906,753908760,,,0.4845366549066996,0.0483575000077001,0.0660794247264311,-0.112513615074734,0.1042708593916033,1.4022301209619177,0.3062183736283055,1.4022301209619177,0.9355527700353344,3945282530.52,4550382530.52,28.020472517897726,11.185944231698327,82.02250583201663,-48.17194786959707,3.865271412285686,3.865271412285686,12.901566573631984,52.18328590045872,94.6025474120582,-55.56022625787546,0.0089220479719003,-0.0207589695709841,0.6671891838934065,0.1344972646297869,6.939220183486238,1.1502725149234363,0.0,1.3664772727272727,0.0,0.0,0.0,0.0,0.1575652242608575,2.702702702702702,0.3685851998865891,5.777777777777778,0.0,1.2351873215902511,0.0218964950647701,0.0082522564763802,-3.188332243050301,521100000.0,222900000.0,-53800000.0,1514600000.0,2400250000.0,61400000.0,0.0,559.9801531046214,65.09013785790032,0.0,0.1607199817726133,1.3826979472140764,0.0,0.034486136964828,0.1785930398011651,1999-09-30,,bmo,,2025-04-25,1999-09-30,,5.1340625,6041990.625
1999-06-30,FI,USD,798354,1999-06-30,1999-06-30 00:00:00,1999,Q2,343300000.0,96400000.0,246900000.0,0.7191960385,0,0.0,0.0,163600000.0,0.0,184300000.0,280700000.0,0.0,0.0,20700000.0,83300000.0,0.242644917,62600000.0,0.1823478008,-4400000.0,58200000.0,0.1695310224,23900000.0,34300000.0,0.0999126129,0.0467,0.045,734632684,761841302,,,0.4673083671294973,0.0466899999782748,0.0941967346500472,-0.0194655101950242,0.084940408123742,1.462227346258392,0.5741644895287561,1.462227346258392,0.7447259180208214,3834782610.48,4319482610.48,27.95031057201166,11.170354239673754,55.41593367745665,-268.16661611748253,3.5698963046732453,3.5698963046732453,12.5822388886688,51.8545331390156,62.420268937572246,-302.0617210125874,0.0089444444402825,-0.0037290249415755,0.5093092533978775,0.1025761211939403,5.818727490996398,1.0565803382663848,0.0,2.011627906976744,0.0,0.0,0.0,0.0,0.1223188840557972,1.2066473988439306,0.2432274978153218,4.033816425120773,0.0,1.23939758843292,0.0216280496821235,0.0073271810646842,-3.052545916946978,214100000.0,421800000.0,-261300000.0,1053400000.0,2272500000.0,57050000.0,0.0,683.1925429653364,50.97510373443984,0.0,0.1317344589409056,1.7655677655677655,0.0,0.0319307391547197,0.1136622448450714,1999-06-30,,bmo,,2025-04-25,1999-06-30,,6.100793650793651,4406614.285714285
1999-03-31,FI,USD,798354,1999-03-31,1999-03-31 00:00:00,1999,Q1,337100000.0,94600000.0,242500000.0,0.7193711065,0,0.0,0.0,159500000.0,0.0,181900000.0,276500000.0,0.0,0.0,22400000.0,83000000.0,0.2462177395,60600000.0,0.1797686147,-4029000.0,56600000.0,0.1679026995,23200000.0,33400000.0,0.0990803916,0.045,0.0434,741851297,770384039,,,0.454403734768964,0.0450224999741423,0.0497404266181393,-0.0036395434110833,0.109860291853072,1.2758621624408917,0.4553473200977634,1.2758621624408917,0.6669800295570556,4421433730.12,4834733730.12,33.09456384820359,13.11608938036191,119.82205230677506,-1637.5680481925926,4.671351009107237,4.671351009107237,14.34213506413527,58.249803977349394,131.0225943121951,-1790.6421222666663,0.0075541107339165,-0.0006106616461549,0.5227680929741152,0.1112910481331534,4.9795180722891565,1.1457918726327276,0.0,1.1047904191616766,0.0,0.0,0.0,0.0,0.1369095816464237,1.0731707317073171,0.1174725600711955,1.7678571428571428,0.0,1.1368625000187342,0.0243218554228855,0.008704036692466,-2.6470938420425787,454200000.0,337800000.0,70100000.0,1247800000.0,1794250000.0,62450000.0,0.0,517.6802135864729,56.60676532769556,0.0,0.1738525012893244,1.5899159663865543,0.0,0.0352879027997887,0.0533799700292227,1999-03-31,,bmo,,2025-04-25,1999-03-31,,5.528688524590164,4375667.213114754
1998-12-31,FI,USD,798354,1998-12-31,1998-12-31 00:00:00,1998,Q4,339100000.0,189200000.0,149900000.0,0.4420524919,0,0.0,0.0,73000000.0,0.0,90300000.0,279500000.0,0.0,0.0,17300000.0,76900000.0,0.226776762,59600000.0,0.175759363,-9500000.0,50100000.0,0.1477440283,20500000.0,29600000.0,0.087289885,0.0399,0.0383,740491013,777310805,,,0.4579393862272303,0.0399734763560189,0.0907505949704213,0.0576644405541218,0.0966925982125322,1.1962332890595122,0.3924423050357803,1.1962332890595122,0.5779948608235168,4235608594.36,4592008594.36,35.773721236148646,12.490736049424948,63.02988979702381,99.1945806641686,4.781675992729736,4.781675992729736,13.541753448422291,59.71402593446033,68.33346122559523,107.54118487962528,0.006988369992311,0.0100811959010702,0.4831790471889817,0.1081272263345375,4.634590377113134,1.1610448991829698,0.0,2.27027027027027,0.0,0.0,0.0,0.0,0.1503675820427961,0.3645833333333333,0.072250073724565,1.416184971098266,0.0,1.0372541008216458,0.0265056638698515,0.0088014034670393,-2.381899265535043,429700000.0,290600000.0,25400000.0,1204300000.0,943950000.0,61050000.0,0.0,437.791212031849,31.109936575052856,0.0,0.2055774477114277,2.892966360856269,0.0,0.0334161210205464,0.0330861544162994,1998-12-31,,bmo,,2025-04-25,1998-12-31,,5.0921875,4119173.4375
1998-09-30,FI,USD,798354,1998-09-30,1998-09-30 00:00:00,1998,Q3,309500000.0,67800000.0,241700000.0,0.7809369952,0,0.0,0.0,171700000.0,0.0,190800000.0,258600000.0,0.0,0.0,19100000.0,72900000.0,0.2355411955,50900000.0,0.1644588045,-1800000.0,49000000.0,0.1583198708,20100000.0,28900000.0,0.0933764136,0.0384,0.0384,753536275,753536275,,,0.4107300607392789,0.0383525000173349,0.1345655190919641,0.2224179585780392,0.1165172837896888,1.0966957098382557,0.4482863150815135,1.0966957098382557,0.4877004759989822,3858105728.0,4137805728.0,33.37461702422146,12.465608168012924,38.04837996055227,23.019723914081144,4.668569370764763,4.668569370764763,13.36932383844911,56.7600237037037,40.8067626035503,24.688578329355607,0.0074907226596357,0.0434410075347732,0.4446999031945789,0.0896954017377721,3.83676268861454,0.142881634892333,0.0,3.508650519031142,0.0,0.0,0.0,0.0,0.1192521722151713,0.6528599605522682,0.2138933764135702,3.4659685863874348,0.0,0.9728170435329112,0.0247144251625075,0.0080086460123039,-3.986802095227598,-2499700000.0,337800000.0,-2854100000.0,-1843600000.0,226650000.0,56700000.0,0.0,69.32471728594507,75.2654867256637,0.0,1.298238255033557,1.1957671957671958,0.0,0.0349709583736689,0.0878524394860751,1998-09-30,,bmo,,2025-04-25,1998-09-30,,4.96,3153332.8125
1998-06-30,FI,USD,798354,1998-06-30,1998-06-30 00:00:00,1998,Q2,311200000.0,95700000.0,215500000.0,0.6924807198,0,0.0,0.0,144300000.0,0.0,162800000.0,258500000.0,0.0,0.0,18400000.0,71200000.0,0.2287917738,52700000.0,0.169344473,-4200000.0,48600000.0,0.1561696658,19900000.0,28700000.0,0.0922236504,0.0384,0.0367,748321491,782336105,,,0.4158640420498093,0.0383525000219457,-0.0021381184681224,-0.1416503485131098,0.0877964895972765,1.0657184239547652,0.4173339984966435,1.0657184239547652,0.5436166205201235,3532077437.52,3873177437.52,30.767225065505222,11.3498632311054,-2207.54839845,-33.32148525962264,4.428937225730407,4.428937225730407,12.445942922622107,54.398559515730334,-2420.73589845,-36.53940978792453,0.0081255296656664,-0.0300106670578622,0.5100940438871473,0.103493016511054,4.790730337078652,0.2445901639344262,0.0,-0.0559440559440559,0.0,0.0,0.0,0.0,0.1234385732821126,-65.25,0.3354755784061696,5.673913043478261,0.0,0.9589795265059344,0.012397400077934,0.0083297054128573,-3.88379197304117,-1152000000.0,312300000.0,-2760200000.0,-508000000.0,180200000.0,57600000.0,0.0,62.14974293059126,53.32288401253919,0.0,1.4481154025127967,1.687830687830688,0.0,0.035987460815047,0.1395122300449874,1998-06-30,,bmo,,2025-04-25,1998-06-30,,4.605079365079365,3514907.1428571427
1998-03-31,FI,USD,798354,1998-03-31,1998-03-31 00:00:00,1998,Q1,273800000.0,78500000.0,195300000.0,0.7132943755,0,0.0,0.0,128200000.0,0.0,145900000.0,224400000.0,0.0,0.0,17700000.0,67100000.0,0.2450693937,49400000.0,0.1804236669,-3300000.0,46100000.0,0.1683710738,18900000.0,27200000.0,0.0993425858,0.0384,0.0367,709210612,741447458,,,0.386063033134648,0.0383525000046107,0.1167495220728592,0.0958812500115269,0.1171725275876159,1.0745750093203623,0.3942411397532782,1.0745750093203623,0.5602003033761711,3326197770.28,3640397770.28,30.57167068272059,12.148275274945217,40.17147065555556,48.91467309235294,4.364516166224905,4.364516166224905,13.295828233308985,54.25331997436662,43.966156645893726,53.53526132764706,0.0081775053314735,0.0204437633286837,0.5213226610681013,0.11284046692607,4.682563338301043,0.2463258286429018,0.0,3.044117647058824,0.0,0.0,0.0,0.0,0.1370388253003493,0.178743961352657,0.054054054054054,0.8361581920903954,0.0,0.9629560509821103,0.0126980358907005,0.0089520800421274,-3.618917930122569,-964100000.0,279600000.0,-2443700000.0,-328600000.0,171650000.0,56150000.0,0.0,47.82688093498905,67.07006369426752,0.0,1.881786941580756,1.3418803418803418,0.0,0.0356908542186064,0.0208682720613323,1998-03-31,,bmo,,2025-04-25,1998-03-31,,4.046065573770492,4547264.75409836
1997-12-31,FI,USD,798354,1997-12-31,1997-12-31 00:00:00,1997,Q4,269400000.0,155500000.0,113900000.0,0.4227913883,0,0.0,0.0,52100000.0,0.0,68700000.0,224200000.0,0.0,0.0,16600000.0,61800000.0,0.2293986637,45200000.0,0.1677802524,-4200000.0,41000000.0,0.152190052,16800000.0,24200000.0,0.0898292502,0.0346,0.0342,706379159,711964910,,,0.3813815803702102,0.0342592213992542,0.0171296106996271,0.0028313406115086,0.126560925334435,1.089075166216788,0.5147377231722658,1.089075166216788,0.4912375960967444,2571220138.76,2828820138.76,26.562191516115703,9.544246988715663,212.49753212892563,1285.61006938,3.342285374704277,3.342285374704277,10.500445949368968,45.77378865307444,233.7867883272728,1414.41006938,0.0094118740107841,0.0007778408273375,0.4510594046535812,0.0954214216966863,4.168284789644013,0.1451971766150069,0.0,0.5,0.0,0.0,0.0,0.0,0.1115633163756359,0.8347107438016529,0.0374907201187824,0.608433734939759,0.0,0.9162393316686624,0.0237210139506036,0.0074904048532871,-3.7224342854656616,-2228300000.0,363600000.0,-2488700000.0,-1673500000.0,183400000.0,47850000.0,0.0,66.08017817371937,31.138263665594856,0.0,1.3619817997977754,2.890334572490706,0.0,0.031457168854803,0.0142982700881184,1997-12-31,,bmo,,2025-04-25,1997-12-31,,3.48046875,3997350.0
1997-09-30,FI,USD,798354,1997-09-30,1997-09-30 00:00:00,1997,Q3,238300000.0,46600000.0,191700000.0,0.8044481746,0,0.0,0.0,134500000.0,0.0,150200000.0,196800000.0,0.0,0.0,15700000.0,57200000.0,0.2400335711,41500000.0,0.1741502308,-2200000.0,39300000.0,0.1649181704,16100000.0,23200000.0,0.0973562736,0.0334,0.0317,695652174,732265446,,,0.3425562499571805,0.0333499999958312,0.0888374999888953,0.0741749999907281,0.1037874999870265,0.984831249876896,0.4965124999379359,0.984831249876896,0.3514687499560664,2260869565.5,2433169565.5,24.36281859375,9.487492931179188,36.58364992718447,43.81530165697674,3.30005775142315,3.30005775142315,10.21053111833823,42.53792946678322,39.3716758171521,47.15444894379845,0.0102615384602557,0.022823076920224,0.3568822069770836,0.0787794818919963,3.012237762237762,0.1424977127172918,0.0,2.663793103448276,0.0,0.0,0.0,0.0,0.1094535378270395,0.1650485436893204,0.0428031892572387,0.6496815286624203,0.0,0.8596468746142231,0.0260403143445673,0.0083939361047794,-3.1906031246011746,-1874500000.0,345400000.0,-2107000000.0,-1388200000.0,173450000.0,46850000.0,0.0,63.82710868652958,80.92274678111589,0.0,1.4100591715976332,1.1121718377088303,0.0,0.0338636695372938,0.0146624999981671,1997-09-30,,bmo,,2025-04-25,1997-09-30,,3.47984375,4076451.5625
1997-06-30,FI,USD,798354,1997-06-30,1997-06-30 00:00:00,1997,Q2,238400000.0,47100000.0,191300000.0,0.8024328859,0,0.0,0.0,137800000.0,0.0,153500000.0,200600000.0,0.0,0.0,16300000.0,54100000.0,0.2269295302,37800000.0,0.158557047,-2500000.0,35300000.0,0.1480704698,14500000.0,20800000.0,0.0872483221,0.03,0.0283,692986840,733750772,,,0.3440180768800747,0.0300149999962481,0.0963943269110276,0.0829741586434743,0.1036094711408949,0.952543341227086,0.4616249278269123,0.952543341227086,0.394524086489146,2293786440.4,2495386440.4,27.5695485625,9.621587417785236,34.33812036526946,39.89193809391305,3.474907499469777,3.474907499469777,10.467225001677852,46.125442521256936,37.35608443712575,43.39802505043478,0.0090679758296822,0.0250677216445541,0.414179669747008,0.0955509733337993,3.7264325323475047,0.1656643536365973,0.0,2.6403162055335967,0.0,0.0,0.0,0.0,0.1188970048579317,0.1392215568862275,0.0390100671140939,0.5705521472392638,0.0,0.802052516126928,0.0238011197036726,0.0082503669033358,-2.880249500841892,-1623200000.0,319900000.0,-1878900000.0,-1134400000.0,179050000.0,49200000.0,0.0,67.16023489932886,98.98089171974524,0.0,1.3400786958965711,0.9092664092664092,0.0,0.0315103772155734,0.0134201682675532,1997-06-30,,bmo,,2025-04-25,1997-06-30,,2.91734375,5766967.96875
1997-03-31,FI,USD,798354,1997-03-31,1997-03-31 00:00:00,1997,Q1,206500000.0,58600000.0,147900000.0,0.7162227603,0,0.0,0.0,99500000.0,0.0,114100000.0,172700000.0,0.0,0.0,14600000.0,48400000.0,0.2343825666,33800000.0,0.1636803874,-3100000.0,30700000.0,0.1486682809,12600000.0,18100000.0,0.0876513317,0.0317,0.0317,571293301,571293301,,,0.3614605661199587,0.0316824999843644,0.0505869751131564,0.0327327486026306,0.0731673204058802,0.9226434111468778,0.3304782318811051,0.9226434111468778,0.4876654417482833,1576769510.76,1813569510.76,21.778584402762423,7.635687703438257,54.55949864221453,84.31922517433155,2.991404877177006,2.991404877177006,8.782418938305085,37.47044443719008,62.75327026851211,96.98232677860962,0.0114791666610016,0.0118596915226922,0.5285524568393094,0.1320003790391357,4.892561983471074,0.2145708582834331,0.0,1.5966850828729282,0.0,0.0,0.0,0.0,0.160286174547522,0.3529411764705882,0.0493946731234866,0.6986301369863014,0.0,0.8109945263889179,0.0246629793272486,0.0102127179371438,-2.4620453233705955,-1023100000.0,188800000.0,-1304000000.0,-538000000.0,170450000.0,45050000.0,0.0,78.53753026634382,71.56996587030717,0.0,1.1459489456159822,1.257510729613734,0.0,0.0343388351356478,0.0178542265105258,1997-03-31,,bmo,,2025-04-25,1997-03-31,,2.6824590163934428,3899618.852459016
1996-12-31,FI,USD,798354,1996-12-31,1996-12-31 00:00:00,1996,Q4,210500000.0,130000000.0,80500000.0,0.3824228029,0,0.0,0.0,27500000.0,0.0,47400000.0,177400000.0,0.0,0.0,19900000.0,53000000.0,0.2517814727,33100000.0,0.1572446556,-5800000.0,27300000.0,0.1296912114,11200000.0,16100000.0,0.0764845606,0.0557,0.0557,612197743,612197743,,,0.3438431493858023,0.0262986921858024,0.066481787078395,0.0499838497444444,0.1319834986716048,0.8286538227240736,0.2696841043401233,0.8286538227240736,0.443484157046296,1665177860.96,1855877860.96,25.856799083229816,7.910583662517815,40.91346095724816,54.41757715555555,3.2824322116302,3.2824322116302,8.8165219047981,35.01656341433962,45.598964642751845,60.64960329934641,0.0096686368330156,0.0183764153472222,0.5351862803075104,0.1422583180508252,3.59811320754717,0.2622529469112825,0.0,2.527950310559006,0.0,0.0,0.0,0.0,0.1793031176316478,0.2481572481572481,0.047980997624703,0.507537688442211,0.0,0.7002367569466779,0.0239986634134654,0.0102790014684287,-1.9599467879776225,-832400000.0,165100000.0,-1105300000.0,-346500000.0,160150000.0,43000000.0,0.0,68.70783847980998,30.115384615384613,0.0,1.3098942128189173,2.9885057471264367,0.0,0.0317366449832446,0.0164979373339506,1996-12-31,,bmo,,2025-04-25,1996-12-31,,2.7571875,2223639.84375
1996-09-30,FI,USD,798354,1996-09-30,1996-09-30 00:00:00,1996,Q3,196600000.0,36500000.0,160100000.0,0.8143438454,0,0.0,0.0,113500000.0,0.0,129400000.0,165900000.0,0.0,0.0,15900000.0,46600000.0,0.2370295015,30700000.0,0.1561546287,-4100000.0,26600000.0,0.1353001017,10900000.0,15700000.0,0.0798575788,0.0283,0.0283,553840727,553840727,,,0.3549757004417626,0.0283474999844133,0.0585005732162416,0.0420698566647663,0.1245845540716257,0.8751613530219853,0.2462801909473876,0.8751613530219853,0.5234356844255695,1567369257.41,1788269257.41,24.95810919442675,7.97237669079349,48.37559436450618,67.2690668416309,3.23368941079018,3.23368941079018,9.095977911546289,38.37487676845494,55.19349559907408,76.74975353690988,0.0100167844467891,0.0148656737331329,0.5981019187126058,0.1588580196175132,4.740343347639485,0.2685926773455377,0.0,2.063694267515924,0.0,0.0,0.0,0.0,0.1908597731382541,0.2808641975308642,0.0462868769074262,0.5723270440251572,0.0,0.7471240324911744,0.0233474098853628,0.0106325342001896,-2.079117594398218,-767100000.0,136400000.0,-1058500000.0,-273600000.0,159200000.0,41950000.0,0.0,73.06205493387588,104.7945205479452,0.0,1.231829573934837,0.8588235294117647,0.0,0.0323911697957499,0.0164307165514752,1996-09-30,,bmo,,2025-04-25,1996-09-30,,2.49703125,3279424.21875
1996-06-30,FI,USD,798354,1996-06-30,1996-06-30 00:00:00,1996,Q2,196500000.0,35200000.0,161300000.0,0.8208651399,0,0.0,0.0,115500000.0,0.0,131000000.0,166200000.0,0.0,0.0,15600000.0,55100000.0,0.2804071247,30300000.0,0.1541984733,3900000.0,25800000.0,0.1312977099,10600000.0,15200000.0,0.0773536896,0.0213,0.0213,712584884,712584884,,,0.2757566212981863,0.0213307920800632,0.080832475250766,0.0703074133691558,0.0861651732707818,0.6566235272540527,0.1601212747588959,0.6566235272540527,0.4275981807102155,1660322779.72,1903622779.72,27.307940455921056,8.449479795012723,28.825048259027778,33.140175243912175,3.548456464458218,3.548456464458218,9.68764773394402,34.54850779891107,33.04900659236111,37.99646266906188,0.0091548463862932,0.0301748555232428,0.6512075229749946,0.1615074737623237,4.415607985480944,0.2453254225098885,0.0,3.789473684210526,0.0,0.0,0.0,0.0,0.1875331283790946,0.1302083333333333,0.0381679389312977,0.4807692307692308,0.0,0.5613748734415479,0.0230575597916528,0.0099164926931106,-1.737617549574627,-839500000.0,114100000.0,-1145800000.0,-339700000.0,157800000.0,40150000.0,0.0,72.7328244274809,105.85227272727272,0.0,1.237405541561713,0.8502415458937198,0.0,0.0324855738405642,0.0105250618816101,1996-06-30,,bmo,,2025-04-25,1996-06-30,,2.2642857142857142,3578828.571428572
1996-03-31,FI,USD,798354,1996-03-31,1996-03-31 00:00:00,1996,Q1,194700000.0,34400000.0,160300000.0,0.823317925,0,0.0,0.0,115000000.0,0.0,130600000.0,165000000.0,0.0,0.0,15600000.0,45300000.0,0.2326656394,29700000.0,0.1525423729,-4800000.0,24900000.0,0.1278890601,10200000.0,14700000.0,0.0755007704,0.0283,0.0283,518564247,518564247,,,0.3754597451065692,0.0283475000157502,0.035096904781405,0.0167770918460562,0.0942988265830058,0.866237891637755,0.186669251804396,0.866237891637755,0.6994311738580002,1140841343.4,1454641343.4,19.402063663265302,5.859483016949153,62.68359029670331,131.13118889655175,2.5397180396260017,2.5397180396260017,7.471193340523883,32.11128793377484,79.92534853846155,167.20015441379311,0.0128852272798864,0.0076259508391164,0.8074354407836153,0.1809609339919173,6.927152317880795,0.2289217332885455,0.0,1.238095238095238,0.0,0.0,0.0,0.0,0.1758219827371152,0.521978021978022,0.0487930148947098,0.6089743589743589,0.0,0.7433053003672218,0.0215534541361512,0.0088988437556752,-2.677778130739507,-918200000.0,96800000.0,-1282500000.0,-417600000.0,155700000.0,41400000.0,0.0,72.48073959938367,101.77325581395348,0.0,1.2417091836734695,0.884318766066838,0.0,0.0327248441674087,0.0183198129353487,1996-03-31,,bmo,,2025-04-25,1996-03-31,,2.113174603174603,5738957.142857143
1995-12-31,FI,USD,798354,1995-12-31,1995-12-31 00:00:00,1995,Q4,195800000.0,235400000.0,-39600000.0,-0.202247191,0,0.0,0.0,90700000.0,0.0,115400000.0,350800000.0,0.0,0.0,24700000.0,-130300000.0,-0.6654749745,-155000000.0,-0.7916241062,-5200000.0,-160200000.0,-0.8181818182,-64000000.0,-96200000.0,-0.4913176711,-0.16,-0.16,611368586,611368586,,,0.3202650651075487,-0.1573518859210734,0.0423639692864428,0.0237172801024487,0.0976497670424957,0.7103734309305844,0.1249655310225573,0.7103734309305844,0.6238462504188922,1351124575.06,1672824575.06,-3.511238500675676,6.900534091215526,52.16697201003861,93.18100517655172,3.111039776790237,3.111039776790237,8.543537155566904,-12.838254605218726,64.58782143088803,115.36721207310345,-0.0711999483805762,0.0107318009513342,0.8781947962238085,0.2023020208985307,-2.4689178818112048,1.2224615961034095,0.0,-0.2692307692307692,0.0,0.0,0.0,0.0,0.1898371611945048,0.4401544401544401,0.0582226762002042,0.4615384615384615,0.0,,-0.1138283028567232,-0.0629828466675396,-2.0860574605971003,237500000.0,76400000.0,-145900000.0,743700000.0,148700000.0,38700000.0,0.0,71.06230847803882,16.784197111299914,0.0,1.2664941785252264,5.362186788154897,0.0,-0.2215058715173843,0.0186466891839941,1995-12-31,,bmo,,2025-04-25,1995-12-31,,2.0715873015873014,2924164.285714286
1995-09-30,FI,USD,798354,1995-09-30,1995-09-30 00:00:00,1995,Q3,176900000.0,51500000.0,125400000.0,0.7088750707,0,0.0,0.0,84100000.0,0.0,98600000.0,150100000.0,0.0,0.0,14500000.0,41300000.0,0.2334652346,26800000.0,0.1514980215,-4600000.0,22200000.0,0.1254946297,9100000.0,13100000.0,0.0740531374,0.0217,0.0217,604313228,604313228,,,0.2927289885502886,0.0216775000000496,0.0536145801527945,0.0355775763359593,0.1368495610690157,0.8687547709943559,-0.0438514312978103,0.8687547709943559,0.6170641030548483,1293230307.92,1583430307.92,24.679967708396948,7.310516155568118,39.91451567654321,60.150246880000005,2.463295824609524,2.463295824609524,8.950991000113058,38.33971689878935,48.8713058,73.64792129860466,0.0101296728972194,0.016625035671009,0.7102857142857143,0.1775207083690374,7.026634382566586,1.1506075646072222,0.0,2.473282442748092,0.0,0.0,0.0,0.0,0.2625440350376083,0.3364197530864197,0.0616167326172979,0.7517241379310344,0.0,0.650945243347049,0.0169682558094575,0.0084565231424698,-2.2931816412266257,176000000.0,-26500000.0,-231000000.0,859100000.0,140650000.0,29250000.0,0.0,72.6512153759186,58.543689320388346,0.0,1.238795518207283,1.537313432835821,0.0,0.0249523809523809,0.0180370038168352,1995-09-30,,bmo,,2025-04-25,1995-09-30,,2.0884126984126983,2973985.714285714
1995-06-30,FI,USD,798354,1995-06-30,1995-06-30 00:00:00,1995,Q2,173500000.0,56800000.0,116700000.0,0.6726224784,0,0.0,0.0,80900000.0,0.0,93900000.0,150700000.0,0.0,0.0,13500000.0,36300000.0,0.209221902,22800000.0,0.1314121037,-2500000.0,20300000.0,0.1170028818,8300000.0,12000000.0,0.0691642651,0.0217,0.0217,553569369,553569369,,,0.3134205209248129,0.0216775000063271,0.0108387500031635,-0.0019871041672466,0.1089294375317937,0.9240034377696936,-0.0830970833575873,0.9240034377696936,0.7077703752065805,1151424287.52,1482924287.52,23.98800599,6.636451224899135,191.90404792,-1046.749352290909,2.2510738758944284,2.2510738758944284,8.547114049106629,40.85190874710744,247.15404792,-1348.1129886545457,0.0104218750030418,-0.0009553385419455,0.7659824046920821,0.1985506511934323,9.132231404958675,1.1707787201233617,0.0,0.46875,0.0,0.0,0.0,0.0,0.2825216642173009,1.1833333333333331,0.0409221902017291,0.5259259259259259,0.0,0.6713247365338353,0.014404010379732,0.008475773414324,-2.3441054954758527,177200000.0,-46000000.0,-247000000.0,864600000.0,128150000.0,23550000.0,0.0,71.84438040345822,39.61267605633802,0.0,1.2527075812274369,2.272,0.0,0.0234604105571847,0.0128258541704102,1995-06-30,,bmo,,2025-04-25,1995-06-30,,2.017777777777778,2302242.8571428573
1995-03-31,FI,USD,798354,1995-03-31,1995-03-31 00:00:00,1995,Q1,152600000.0,49700000.0,102900000.0,0.6743119266,0,0.0,0.0,73400000.0,0.0,85100000.0,134800000.0,0.0,0.0,11700000.0,29500000.0,0.1933158585,17800000.0,0.1166448231,-100000.0,17700000.0,0.1159895151,7300000.0,10400000.0,0.0681520315,0.0183,0.0183,566989233,566989233,,,0.2691409132984365,0.0183424999888842,0.0428579567047969,0.0153442067214704,0.0539692788134479,0.6389892063435356,0.3128807209642374,0.6389892063435356,0.240745312354106,1111298896.68,1217198896.68,26.713915785576923,7.282430515596331,45.73246488395062,127.73550536551726,3.067344456748551,3.067344456748551,7.976401682044561,41.26097954847458,50.090489575308645,139.9079191586207,0.0093584183616756,0.0078286768987094,0.3767595914987579,0.1020789709841459,3.5898305084745763,1.189439841721281,0.0,2.3365384615384617,0.0,0.0,0.0,0.0,0.1382740053843852,0.6419753086419753,0.1022280471821756,1.3333333333333333,0.0,0.5135317312306057,0.0197895119435135,0.0090254274060574,-1.5096406601428356,153200000.0,177400000.0,-13000000.0,459100000.0,118900000.0,21750000.0,0.0,69.47575360419397,40.02012072434607,0.0,1.295415959252971,2.248868778280543,0.0,0.0287054926856196,0.0275137499833264,1995-03-31,,bmo,,2025-04-25,1995-03-31,,1.7636507936507937,3038807.1428571427
1994-12-31,FI,USD,798354,1994-12-31,1994-12-31 00:00:00,1994,Q4,152500000.0,0.0,152500000.0,1.0,0,0.0,0.0,0.0,0.0,143400000.0,143400000.0,0.0,0.0,0.0,9100000.0,0.0596721311,9100000.0,0.0596721311,7700000.0,16800000.0,0.1101639344,6700000.0,10100000.0,0.0662295082,0.0187,0.0187,550336245,550336245,,,0.2771033188991577,0.0183524165303704,0.0365231259663807,0.0178072952472901,0.0514231077039092,0.6374284870152428,0.36904710864537,0.6374284870152428,0.2542082250097847,875034629.5500001,986634629.55,21.65927300866337,5.737931997049181,43.53406117164179,89.28924791326531,2.4943974616590654,2.4943974616590654,6.469735275737706,108.42138786263736,49.08629997761194,100.67700301530613,0.0115424003335663,0.0111995567593019,0.3988027366020524,0.0986322617033276,12.263736263736265,0.2024376731301939,0.0,1.99009900990099,0.0,0.0,0.0,0.0,0.104131415679639,0.5124378109452736,0.0675409836065573,0.0,0.0,0.5130428293969425,0.0106044453059378,0.0079483749114661,-1.724945446760462,-719800000.0,203100000.0,-884900000.0,-458700000.0,60000000.0,10700000.0,0.0,70.81967213114754,0.0,0.0,1.2708333333333333,0.0,0.0,0.0287913340935005,0.0187158307190906,1994-12-31,,bmo,,2025-04-25,1994-12-31,,1.6071428571428572,1443728.5714285714
1994-09-30,FI,USD,798354,1994-09-30,1994-09-30 00:00:00,1994,Q3,139400000.0,0.0,139400000.0,1.0,0,0.0,0.0,0.0,0.0,121800000.0,121800000.0,0.0,0.0,0.0,17600000.0,0.1262553802,17600000.0,0.1262553802,-1700000.0,15900000.0,0.1140602582,6400000.0,9500000.0,0.0681492109,0.0183,0.0183,517922857,517922857,,,0.2691520525034484,0.018342499991268,0.0121639736784198,-0.0084954736801662,0.0,0.6551168681091826,0.3751523945582498,0.6551168681091826,0.2463687367248208,823497342.63,951097342.63,21.67098270078948,5.907441482281205,130.7138639095238,-187.1584869613636,2.427047870999116,2.427047870999116,6.822792988737446,54.039621740340905,150.96783216349206,-216.1584869613636,0.0115361635165207,-0.0053430652076517,0.376068376068376,0.0942462515695398,7.25,0.0,0.0,0.6631578947368421,0.0,0.0,0.0,0.0,0.1070980131472043,1.6984126984126984,0.0767575322812051,0.0,0.0,0.5199719471475116,0.0077669866832411,0.0078583836545619,-1.958978999067423,0.0,194300000.0,-1014600000.0,145000000.0,0.0,0.0,0.0,0.0,0.0,0.0,0.0,0.0,0.0,0.0279988211022693,0.020659447358586,1994-09-30,,bmo,,2025-04-25,1994-09-30,,1.56984375,1943957.8125
1994-06-30,FI,USD,798354,1994-06-30,1994-06-30 00:00:00,1994,Q2,135800000.0,0.0,135800000.0,1.0,0,0.0,0.0,0.0,0.0,118700000.0,118700000.0,0.0,0.0,0.0,17100000.0,0.1259204713,17100000.0,0.1259204713,-1500000.0,15600000.0,0.1148748159,6200000.0,9400000.0,0.0692194404,0.0183,0.0183,512471037,512471037,,,0.2649905852142821,0.0183425000074687,0.0282942819264145,-0.00136593085162,0.0,0.6429631651554193,0.3024561171444309,0.6429631651554193,0.2384525000970933,778955976.24,901155976.24,20.71691426170213,5.7360528441826215,53.72110180965517,-1112.794251771429,2.3640545561153266,2.3640545561153266,6.635905568777615,52.69917989707602,62.14868801655172,-1287.365680342857,0.0120674342154399,-0.000898638718171,0.3708649468892261,0.0941303343090432,7.146198830409356,0.0,0.0,1.5425531914893618,0.0,0.0,0.0,0.0,0.1344168849175782,1.0482758620689656,0.1119293078055964,0.0,0.0,0.5151261174581145,0.0079370252302003,0.0083652220343508,-1.890253165663292,0.0,155000000.0,-968700000.0,174500000.0,48050000.0,9650000.0,0.0,0.0,0.0,0.0,0.0,0.0,0.0,0.0285280728376327,0.0296602127780345,1994-06-30,,bmo,,2025-04-25,1994-06-30,,1.5346774193548387,1847170.161290323
1994-03-31,FI,USD,798354,1994-03-31,1994-03-31 00:00:00,1994,Q1,135900000.0,46100000.0,89800000.0,0.6607799853,0,0.0,0.0,66800000.0,0.0,75900000.0,122000000.0,0.0,0.0,9100000.0,23000000.0,0.1692420898,13900000.0,0.102281089,600000.0,14500000.0,0.1066961001,5800000.0,8700000.0,0.06401766,0.0167,0.0167,521739130,521739130,,,0.2604750002170625,0.0166750000138958,0.0423583333686319,0.0105416666754513,0.0851000000709166,0.6066250005055208,0.2876916669064097,0.6066250005055208,0.2181166668484305,787826086.3,857226086.3,22.63868064080459,5.797101444444444,35.64823919909502,143.2411066,2.4891819472353878,2.4891819472353878,6.307771054451803,37.27069940434782,38.78851069230769,155.85928841818182,0.0110430463668184,0.0069812362089082,0.3595576619273302,0.0826614367690855,3.017391304347826,1.1415217391304349,0.0,2.5402298850574714,0.0,0.0,0.0,0.0,0.1208687440982058,0.751131221719457,0.12214863870493,1.824175824175824,0.0,0.4770724447783902,0.0182614407707466,0.0071883004213831,-1.8088062515073384,130200000.0,150100000.0,-10000000.0,396500000.0,100400000.0,20000000.0,0.0,63.64238410596027,37.678958785249456,0.0,1.4141519250780437,2.38860103626943,0.0,0.0274881516587677,0.0318166666931805,1994-03-31,,bmo,,2025-04-25,1994-03-31,,1.507936507936508,2725114.285714286
1993-12-31,FI,USD,798354,1993-12-31,1993-12-31 00:00:00,1993,Q4,127400000.0,44700000.0,82700000.0,0.6491365777,0,0.0,0.0,61400000.0,0.0,69500000.0,114200000.0,0.0,0.0,8100000.0,21300000.0,0.1671899529,13200000.0,0.103610675,600000.0,13800000.0,0.1083202512,5500000.0,8300000.0,0.0651491366,0.0283,0.0283,522746628,522746628,,,0.2437127150631758,0.0158776729593748,0.0128169167262423,-0.0076518905828312,0.0686757179809106,0.5886216830842953,0.2804417898607659,0.5886216830842953,0.2125312609381384,747527678.04,822727678.04,22.51589391686747,5.867564191836735,111.57129522985076,-186.88191951,2.4294042185245366,2.4294042185245366,6.457831067817896,38.62571258403756,122.79517582686566,-205.68191951,0.0111032678037586,-0.0053509724355463,0.3610659733506662,0.0939614343707713,3.5305164319248825,1.1615281501340482,0.0,0.8072289156626506,0.0,0.0,0.0,0.0,0.1362483085250338,1.5970149253731345,0.0839874411302982,1.3209876543209875,0.0,0.458567015896486,0.018192324552664,0.0081268970919416,-1.4543852782155104,120500000.0,146600000.0,-8200000.0,378200000.0,94250000.0,19850000.0,0.0,73.96389324960754,41.67785234899328,0.0,1.2168099331423117,2.1594202898550723,0.0,0.0269743256418589,0.0204688073090736,1993-12-31,,bmo,,2025-04-25,1993-12-31,,1.5759375,1652378.90625
1993-09-30,FI,USD,798354,1993-09-30,1993-09-30 00:00:00,1993,Q3,116400000.0,40900000.0,75500000.0,0.6486254296,0,0.0,0.0,55700000.0,0.0,63200000.0,104100000.0,0.0,0.0,7500000.0,19800000.0,0.1701030928,12300000.0,0.1056701031,900000.0,13200000.0,0.1134020619,5300000.0,7900000.0,0.0678694158,0.015,0.015,526403465,526403465,,,0.2211231645293216,0.015007499998124,0.0246958860728623,0.0094984177203316,0.0795967404963795,0.5505282910704244,0.28780205692605,0.5505282910704244,0.1001133227722959,826453440.0500001,837253440.0500001,26.153589875,7.10011546434708,63.57334154230769,165.29068801000005,2.851806211352657,2.851806211352657,7.192898969501719,42.28552727525253,64.40411077307692,167.45068801000002,0.0095589171962573,0.0060499475925679,0.1818495514147688,0.0515000488615264,0.5454545454545454,1.1386630532971995,0.0,1.6455696202531649,0.0,0.0,0.0,0.0,0.1351509821166813,0.6153846153846154,0.0687285223367697,1.0666666666666669,0.0,0.431156815859554,0.0204994810257968,0.0089265536723163,-1.1944260283317094,92100000.0,151500000.0,22800000.0,302500000.0,78650000.0,15650000.0,0.0,64.79381443298969,41.80929095354523,0.0,1.3890214797136038,2.152631578947368,0.0,0.0272601794340924,0.0151974683525306,1993-09-30,,bmo,,2025-04-25,1993-09-30,,1.51671875,1541826.5625
1993-06-30,FI,USD,798354,1993-06-30,1993-06-30 00:00:00,1993,Q2,111200000.0,38600000.0,72600000.0,0.6528776978,0,0.0,0.0,53100000.0,0.0,60900000.0,99500000.0,0.0,0.0,7900000.0,19600000.0,0.1762589928,11700000.0,0.1052158273,700000.0,12400000.0,0.1115107914,4700000.0,7700000.0,0.0692446043,0.015,0.015,513076795,513076795,,,0.2167316882845968,0.015007499998124,0.0142278896086111,0.0035082467528082,0.0896551947939879,0.5488457142171086,0.2865068181460048,0.5488457142171086,0.1046626947921119,723438280.9499999,731138280.9499999,23.488255875,6.505739936600719,99.10113437671232,401.9101560833333,2.5690279863281247,2.5690279863281247,6.574984540917265,37.30297351785714,100.15592889726028,406.1879338611111,0.0106436170199461,0.0024881182644029,0.1906960227272727,0.0545731707317073,0.3928571428571428,1.1502132364555362,0.0,0.948051948051948,0.0,0.0,0.0,0.0,0.1367886178861788,0.7534246575342466,0.0494604316546762,0.6962025316455697,0.0,0.4304974404562497,0.0207048235413085,0.009065222510007,-1.17190059238598,95100000.0,147000000.0,25800000.0,297600000.0,73450000.0,13600000.0,0.0,59.48741007194245,28.67875647668394,0.0,1.5129251700680273,3.138211382113821,0.0,0.02734375,0.0107196428558029,1993-06-30,,bmo,,2025-04-25,1993-06-30,,1.3787301587301588,1901046.4285714289
1993-03-31,FI,USD,798354,1993-03-31,1993-03-31 00:00:00,1993,Q1,99700000.0,35500000.0,64200000.0,0.6439317954,0,0.0,0.0,47600000.0,0.0,54700000.0,90200000.0,0.0,0.0,7100000.0,16600000.0,0.1664994985,9500000.0,0.0952858576,1100000.0,10600000.0,0.1063189569,3800000.0,6800000.0,0.0682046138,0.015,0.015,453106780,453106780,,,0.2200364337960248,0.015007499998124,0.0256010294085645,0.0161109926450449,0.0849689338129082,0.5488772425784492,0.2460788602633578,0.5488772425784492,0.1527233823338507,693253373.4,723953373.4,25.487256375,6.953393915747242,59.763221844827584,94.96621553424656,2.787508537997588,2.787508537997588,7.261317687061183,43.611649,62.40977356896551,99.17169498630136,0.0098088235281856,0.0105300605523169,0.2782468837957378,0.0725138845226867,1.8493975903614457,1.1145949387235397,0.0,1.7058823529411764,0.0,0.0,0.0,0.0,0.1437703028397778,0.3706896551724138,0.0431293881644934,0.6056338028169014,0.0,0.4305098052097587,0.0186942933209862,0.0083221147962305,-1.3507853490958577,72000000.0,111500000.0,-5300000.0,274700000.0,64150000.0,12350000.0,0.0,66.25877632898697,37.77464788732394,0.0,1.3583106267029972,2.38255033557047,0.0,0.0273421793325291,0.0094900367635196,1993-03-31,,bmo,,2025-04-25,1993-03-31,,1.441451612903226,2396750.806451613
1992-12-31,FI,USD,798354,1992-12-31,1992-12-31 00:00:00,1992,Q4,84800000.0,27500000.0,57300000.0,0.6757075472,0,0.0,0.0,43200000.0,0.0,48600000.0,76100000.0,0.0,0.0,5400000.0,14100000.0,0.1662735849,8700000.0,0.1025943396,1000000.0,9700000.0,0.1143867925,3700000.0,6000000.0,0.070754717,0.0133,0.0133,448866476,448866476,,,0.1889203238247625,0.0133670040442048,0.0147037044486253,0.0060151518198922,0.128323238824367,0.4288580464182404,0.2914006881636667,0.4288580464182404,0.1171840687875295,561083095.0,556083095.0,23.378462291666665,6.616545931603774,85.01259015151514,207.8085537037037,2.9147173766233765,2.9147173766233765,6.55758366745283,39.438517375886526,84.25501439393939,205.95670185185185,0.0106936032353639,0.0048121214559137,0.2732467532467532,0.0585615675796036,-0.3546099290780142,1.1611329661683714,0.0,1.1,0.0,0.0,0.0,0.0,0.0686929414384324,0.5909090909090909,0.0459905660377358,0.7222222222222222,0.0,0.3591410766250565,0.0204851286599507,0.0071727435744172,-1.3521281549215094,102400000.0,130800000.0,32200000.0,217100000.0,54450000.0,11750000.0,0.0,58.26650943396226,32.07272727272727,0.0,1.5446265938069217,2.806122448979592,0.0,0.0311688311688311,0.0086885526287331,1992-12-31,,bmo,,2025-04-25,1992-12-31,,1.1603125,1824904.6875
1992-09-30,FI,USD,798354,1992-09-30,1992-09-30 00:00:00,1992,Q3,83700000.0,28300000.0,55400000.0,0.6618876941,0,0.0,0.0,41400000.0,0.0,47100000.0,75400000.0,0.0,0.0,5800000.0,14100000.0,0.1684587814,8300000.0,0.0991636798,1200000.0,9500000.0,0.1135005974,3600000.0,5900000.0,0.0704898447,0.0117,0.0117,505461555,505461555,,,0.1655912287928604,0.0116724999985409,0.0213666101668207,0.0116724999985409,0.1072287288001557,0.3673869914795004,0.2433419491221246,0.3673869914795004,0.102678432190555,586335403.8,584035403.8,24.8447205,7.005201956989247,54.29031516666666,99.378882,3.157433515347334,3.157433515347334,6.977722864994026,41.42095062411347,54.0773522037037,98.98905149152542,0.0100624999987421,0.0100624999987421,0.2794830371567043,0.0623423423423423,-0.1631205673758865,1.166291356313875,0.0,1.862068965517241,0.0,0.0,0.0,0.0,0.0753153153153153,0.4537037037037037,0.058542413381123,0.8448275862068966,0.0,0.3106240570109463,0.0201988120772149,0.0076643283969862,-1.0922690252871952,96000000.0,123000000.0,26500000.0,211100000.0,52800000.0,13350000.0,0.0,58.064516129032256,43.56890459363958,0.0,1.55,2.065693430656934,0.0,0.031771674744211,0.0096941101682797,1992-09-30,,bmo,,2025-04-25,1992-09-30,,1.1875,1111756.640625
1992-06-30,FI,USD,798354,1992-06-30,1992-06-30 00:00:00,1992,Q2,82300000.0,27500000.0,54800000.0,0.6658566221,0,0.0,0.0,41300000.0,0.0,47100000.0,74600000.0,0.0,0.0,5800000.0,13500000.0,0.1640340219,7700000.0,0.0935601458,1500000.0,9200000.0,0.1117861482,3500000.0,5700000.0,0.0692588092,0.0117,0.0117,488327265,488327265,,,0.1685345175227928,0.0116724999985409,0.0212971929797939,0.0090103508760666,0.0894891666554805,0.3684004824100902,0.2383647368123096,0.3684004824100902,0.1060764034955123,532276718.85,540376718.85,23.345470125,6.4675178475091135,51.180453735576926,120.9719815568182,2.9587366250694838,2.9587366250694838,6.565938260631835,40.027905100000005,51.95929988942308,122.81289064772729,0.0107087155949916,0.0082663769505198,0.2879377431906614,0.0669856459330143,0.6,1.1710051301539046,0.0,1.824561403508772,0.0,0.0,0.0,0.0,0.0821156084313979,0.5769230769230769,0.0729040097205346,1.0344827586206895,0.0,0.3110522129544665,0.019314381270903,0.0080304311073541,-1.0464293858341087,90000000.0,116400000.0,22900000.0,204600000.0,52550000.0,12200000.0,0.0,56.4277035236938,42.54545454545455,0.0,1.5949612403100777,2.1153846153846154,0.0,0.0316842690383546,0.0122868421037273,1992-06-30,,bmo,,2025-04-25,1992-06-30,,1.12,1440803.7777777778
1992-03-31,FI,USD,798354,1992-03-31,1992-03-31 00:00:00,1992,Q1,81300000.0,27200000.0,54100000.0,0.6654366544,0,0.0,0.0,40400000.0,0.0,46100000.0,73300000.0,0.0,0.0,5700000.0,13700000.0,0.1685116851,8000000.0,0.098400984,900000.0,8900000.0,0.1094710947,3400000.0,5500000.0,0.0676506765,0.0117,0.0117,471192975,471192975,,,0.1725407727057051,0.0116724999985409,0.0176148636341617,0.0084890909080297,0.083829772716794,0.3694876817719958,0.2313277272438113,0.3694876817719958,0.110358181804387,513600342.75000006,526100342.75000006,23.345470125,6.317347389298893,61.87955936746988,128.40008568750002,2.9500306878230904,2.9500306878230904,6.4710989268142685,38.40148487226278,63.38558346385543,131.52508568750002,0.0107087155949916,0.0077881567963575,0.2986789201608271,0.06430072956597,0.9124087591240876,1.1503693281744636,0.0,1.509090909090909,0.0,0.0,0.0,0.0,0.0804995672066279,0.5180722891566265,0.052890528905289,0.7543859649122807,0.0,0.3115108532800287,0.0205906714898754,0.007396449704142,-1.1778083066709557,85500000.0,109000000.0,19500000.0,199700000.0,50850000.0,12300000.0,0.0,59.22509225092251,37.72058823529411,0.0,1.519626168224299,2.3859649122807016,0.0,0.0315910396323951,0.009125772726132,1992-03-31,,bmo,,2025-04-25,1992-03-31,,1.1395238095238096,2901825.206349206
1991-12-31,FI,USD,798354,1991-12-31,1991-12-31 00:00:00,1991,Q4,79800000.0,27500000.0,52300000.0,0.6553884712,0,0.0,0.0,38900000.0,0.0,44700000.0,72200000.0,0.0,0.0,5800000.0,13400000.0,0.1679197995,7600000.0,0.0952380952,400000.0,8000000.0,0.1002506266,2900000.0,5100000.0,0.0639097744,0.0117,0.0117,436581709,436581709,,,0.1827836539070398,0.0116816620918033,0.0196984890175506,0.0029776785724204,0.055888736282353,0.38228811825921,0.2343203984297015,0.38228811825921,0.1181909341053039,541361319.16,568561319.16,26.537319566666664,6.78397643057644,62.9489906,416.4317839692307,3.2436268373876573,3.2436268373876573,7.124828560902255,42.42994919104478,66.11178129767441,437.35486089230767,0.0094206952353252,0.0024013536874358,0.3091671659676453,0.0697203080664775,2.029850746268657,1.111701081612586,0.0,1.6862745098039216,0.0,0.0,0.0,0.0,0.0872855019591947,0.8488372093023255,0.0914786967418546,1.2586206896551724,0.0,0.316985195131172,0.0209196891191709,0.0075499629903774,-1.1742360924241102,56800000.0,102300000.0,-7900000.0,168000000.0,47900000.0,11200000.0,0.0,54.3609022556391,43.2,0.0,1.6556016597510372,2.083333333333333,0.0,0.0305572198921509,0.0167208104451302,1991-12-31,,bmo,,2025-04-25,1991-12-31,,1.12890625,2031708.015625
1991-09-30,FI,USD,798354,1991-09-30,1991-09-30 00:00:00,1991,Q3,82400000.0,31000000.0,51400000.0,0.6237864078,0,0.0,0.0,39000000.0,0.0,44700000.0,75700000.0,0.0,0.0,5700000.0,12400000.0,0.1504854369,6700000.0,0.0813106796,1000000.0,7700000.0,0.0934466019,2800000.0,4900000.0,0.0594660194,0.01,0.01,489755122,489755122,,,0.1682473470895114,0.0100050000089636,0.0218476530807982,0.0155179591975762,0.0728935714938781,0.3287357145802346,0.2035711226313627,0.3287357145802346,0.1057671429519015,514242878.1,530342878.1,26.23688153571429,6.240811627427185,48.060082065420566,67.66353659210526,3.194055143478261,3.194055143478261,6.436199976941748,42.76958694354839,49.56475496261682,69.78195764473685,0.0095285714371082,0.0147790087595964,0.3217391304347826,0.0718048239534239,1.2983870967741935,1.114933225414812,0.0,2.183673469387755,0.0,0.0,0.0,0.0,0.0849736623232603,0.2897196261682243,0.0376213592233009,0.543859649122807,0.0,0.2720340394412862,0.0187660051216389,0.0074231177094379,-0.9984581641598432,56800000.0,99700000.0,-9400000.0,161600000.0,47100000.0,9700000.0,0.0,51.990291262135926,26.70967741935484,0.0,1.73109243697479,3.369565217391304,0.0,0.0304347826086956,0.0063296938832219,1991-09-30,,bmo,,2025-04-25,1991-09-30,,0.96435453125,1530212.09375
1991-06-30,FI,USD,798354,1991-06-30,1991-06-30 00:00:00,1991,Q2,71400000.0,25700000.0,45700000.0,0.6400560224,0,0.0,0.0,33900000.0,0.0,39400000.0,65100000.0,0.0,0.0,5500000.0,11800000.0,0.1652661064,6300000.0,0.0882352941,600000.0,6900000.0,0.0966386555,2500000.0,4400000.0,0.0616246499,0.01,0.01,439780110,439780110,,,0.1623538636160694,0.0100049999987493,0.0218290909063622,0.0159170454525558,0.0650324999918709,0.3547227272283869,0.2119240908826004,0.3547227272283869,0.117786136348913,386091754.1712,409291754.1712,21.937031487,5.407447537411765,40.217891059500005,55.155964881600006,2.474947142123077,2.474947142123077,5.7323775094005605,34.68574187891526,42.63455772616667,58.47025059588572,0.0113962547826104,0.0181304053359711,0.332051282051282,0.0747582623755231,1.9661016949152543,1.1093384386300786,0.0,2.1818181818181817,0.0,0.0,0.0,0.0,0.090633569057584,0.2708333333333333,0.0364145658263305,0.4727272727272727,0.0,0.2825818818028125,0.0180313792834283,0.0069830185684811,-1.0763333521381857,51400000.0,93200000.0,-15400000.0,158500000.0,38950000.0,9750000.0,0.0,58.739495798319325,35.719844357976655,0.0,1.5321888412017168,2.519607843137255,0.0,0.0282051282051282,0.0059120454538064,1991-06-30,,bmo,,2025-04-25,1991-06-30,,0.85361,1851403.84375
1991-03-31,FI,USD,798354,1991-03-31,1991-03-31 00:00:00,1991,Q1,47700000.0,15900000.0,31800000.0,0.6666666667,0,0.0,0.0,23600000.0,0.0,27100000.0,43000000.0,0.0,0.0,3500000.0,8200000.0,0.1719077568,4700000.0,0.0985324948,1400000.0,6100000.0,0.1278825996,2200000.0,3900000.0,0.0817610063,0.01,0.01,389805097,389805097,,,0.1223688462955116,0.0100050000115827,0.0066700000077218,0.0033350000038609,0.0284757692637354,0.2668000003088723,0.1793203848229824,0.2668000003088723,0.0826053847110162,299440479.41346,320540479.41346,19.19490252650385,6.2775781847685534,115.16941515902307,230.33883031804612,2.879235378975577,2.879235378975577,6.719926193154298,39.09030236749513,123.2847997744077,246.5695995488154,0.0130242911968324,0.0043414303989441,0.3096153846153846,0.0555843259105817,2.573170731707317,1.0678796361091671,0.0,0.6666666666666666,0.0,0.0,0.0,0.0,0.0588641463835663,0.5,0.0272536687631027,0.3714285714285714,0.0,0.2450714490491743,0.0199529749853046,0.0071533382245047,-1.1306291359243053,29100000.0,69900000.0,-17500000.0,92500000.0,30350000.0,8550000.0,0.0,59.0566037735849,52.64150943396227,0.0,1.523961661341853,1.7096774193548387,0.0,0.0375,0.0033350000038609,1991-03-31,,bmo,,2025-04-25,1991-03-31,,0.7102027868852459,1806441.163934426
1990-12-31,FI,USD,798354,1990-12-31,1990-12-31 00:00:00,1990,Q4,47100000.0,15800000.0,31300000.0,0.6645435244,0,0.0,0.0,23000000.0,0.0,26600000.0,42400000.0,0.0,0.0,3600000.0,8300000.0,0.1762208068,4700000.0,0.0997876858,1000000.0,5700000.0,0.1210191083,2000000.0,3700000.0,0.0785562633,0.01,0.01,364960377,364960377,,,0.1290551056176709,0.0101380868531928,0.0164401408430154,0.0134261150217959,0.0591845070348554,0.2731803403414393,0.1767315140624156,0.2731803403414393,0.0920647887208862,249315382.34001,261315382.34001,16.84563394189257,5.293320219533121,41.552563723335,50.88069027347143,2.5006557907724174,2.5006557907724174,5.548097289596815,31.48378100482048,43.552563723335005,53.32966986530817,0.0148406406587221,0.0196538214129022,0.3370110330992979,0.0594479830148619,1.4457831325301205,1.097298589529046,0.0,1.6216216216216215,0.0,0.0,0.0,0.0,0.062278839348903,0.1833333333333333,0.0233545647558386,0.3055555555555556,0.0,0.2496283945823101,0.0207683947786416,0.0069811320754716,-1.1558789024376748,40700000.0,64500000.0,-6500000.0,106400000.0,29800000.0,7350000.0,0.0,56.17834394904459,44.43037974683544,0.0,1.6020408163265305,2.025641025641025,0.0,0.037111334002006,0.0030140258212194,1990-12-31,,bmo,,2025-04-25,1990-12-31,,0.5519978125,1204629.921875
1990-09-30,FI,USD,798354,1990-09-30,1990-09-30 00:00:00,1990,Q3,46300000.0,14500000.0,31800000.0,0.686825054,0,0.0,0.0,22700000.0,0.0,26400000.0,40900000.0,0.0,0.0,3600000.0,9100000.0,0.1965442765,5400000.0,0.1166306695,200000.0,5600000.0,0.120950324,2000000.0,3600000.0,0.0777537797,0.0083,0.0083,431784108,431784108,,,0.1072295138754852,0.0083374999989578,0.0171381944423021,0.0141274305537896,0.0565097222151585,0.2202489583058022,0.1475274305371146,0.2202489583058022,0.0743427083240405,191902128.95952,199602128.95952,13.3265367333,4.144754405173218,25.932720129664865,31.459365403200003,2.0178983066195584,2.0178983066195584,4.311061100637581,21.93429988566153,26.97326067020541,32.72166048516721,0.018759562593281,0.0317870366163928,0.3375394321766561,0.0598434004474272,0.8461538461538461,1.0985915492957747,0.0,2.055555555555556,0.0,0.0,0.0,0.0,0.058538404175988,0.1756756756756756,0.0280777537796976,0.3611111111111111,0.0,0.203266642656916,0.0250102923013585,0.0071287128712871,-0.9130720484969772,39200000.0,63700000.0,-4500000.0,99900000.0,29250000.0,7150000.0,0.0,58.70410367170626,42.82758620689655,0.0,1.533112582781457,2.101449275362319,0.0,0.0378548895899053,0.0030107638885125,1990-09-30,,bmo,,2025-04-25,1990-09-30,,0.523308253968254,1425310.7936507936
1990-06-30,FI,USD,798354,1990-06-30,1990-06-30 00:00:00,1990,Q2,45400000.0,13700000.0,31700000.0,0.6982378855,0,0.0,0.0,23000000.0,0.0,26700000.0,40400000.0,0.0,0.0,3700000.0,8700000.0,0.1916299559,5000000.0,0.1101321586,300000.0,5300000.0,0.1167400881,1900000.0,3400000.0,0.0748898678,0.0083,0.0083,407796102,407796102,,,0.1113301470449072,0.0083374999989578,0.0164297794097109,0.0127514705866413,0.0282003676435337,0.2241316176190423,0.1461514705699663,0.2241316176190423,0.0828845588131688,219280119.96744,241580119.96744,16.1235382329,4.829958589591189,32.72837611454329,42.16925383989231,2.399126039031072,2.399126039031072,5.321148016903964,27.767829881314945,36.0567343234985,46.45771537835384,0.0155052815572376,0.0237139600287163,0.3698030634573304,0.0662355477170291,2.5632183908045976,1.07035848047084,0.0,1.9705882352941173,0.0,0.0,0.0,0.0,0.0623162845385067,0.2238805970149253,0.0330396475770925,0.4054054054054054,0.0,0.2050504587594637,0.0234985140645518,0.0071055381400208,-0.9469806064992744,26300000.0,59600000.0,-18800000.0,87700000.0,28100000.0,7250000.0,0.0,56.10132158590309,48.613138686131386,0.0,1.6042402826855124,1.851351351351351,0.0,0.037199124726477,0.0036783088230696,1990-06-30,,bmo,,2025-04-25,1990-06-30,,0.5255730158730159,2554826.904761905
1990-03-31,FI,USD,798354,1990-03-31,1990-03-31 00:00:00,1990,Q1,44400000.0,14000000.0,30400000.0,0.6846846847,0,0.0,0.0,21800000.0,0.0,25500000.0,39500000.0,0.0,0.0,3700000.0,8600000.0,0.1936936937,4900000.0,0.1103603604,0.0,4900000.0,0.1103603604,1800000.0,3100000.0,0.0698198198,0.0083,0.0083,371814093,371814093,,,0.1194145161141054,0.0083374999989578,0.0231298387067861,0.0199024193523509,0.0080685483860882,0.2361395160995148,0.1479233870782837,0.2361395160995148,0.0817612903123604,179530434.80505,206930434.80505,14.478260871375,4.043478261374999,20.875631954075583,24.26086956825,2.0447657722670844,2.0447657722670844,4.660595378492117,24.061678465703487,24.061678465703487,27.9635722709527,0.0172672672651088,0.0412186379876792,0.3462414578587699,0.063919259882254,3.186046511627907,1.0514450867052023,0.0,2.774193548387097,0.0,0.0,0.0,0.0,0.0689655172413793,0.1395348837209302,0.027027027027027,0.3243243243243243,0.0,0.2104716069752784,0.0239197530864197,0.0070009033423667,-0.978647681329282,17800000.0,55000000.0,-24000000.0,81500000.0,28650000.0,7200000.0,0.0,56.554054054054056,45.64285714285714,0.0,1.5913978494623655,1.971830985915493,0.0,0.0353075170842824,0.0032274193544352,1990-03-31,,bmo,,2025-04-25,1990-03-31,,0.4727942857142857,1172836.7301587302
1989-12-31,FI,USD,798354,1989-12-31,1989-12-31 00:00:00,1989,Q4,43900000.0,13000000.0,30900000.0,0.7038724374,0,0.0,0.0,22000000.0,0.0,25800000.0,38800000.0,0.0,0.0,3800000.0,8900000.0,0.2027334852,5100000.0,0.1161731207,-100000.0,5000000.0,0.1138952164,1900000.0,3100000.0,0.0706150342,0.0083,0.0083,370583939,370583939,,,0.1184616908073827,0.0083651763440293,0.0143017531043081,0.0113334647241687,0.0102540871313907,0.2272089832797637,0.1357317322918304,0.2272089832797637,0.0688103215395959,174871149.13532,196571149.13532,14.102512027041938,3.983397474608656,32.99455644062642,41.63598788936191,2.0768545027947747,2.0768545027947747,4.47770271378861,22.08664597026068,37.08889606326792,46.80265455602857,0.0177273381877369,0.0240176839962887,0.3028503562945368,0.057510148849797,2.438202247191011,1.0531326781326782,0.0,1.7096774193548387,0.0,0.0,0.0,0.0,0.0764546684709066,0.2075471698113207,0.0250569476082004,0.2894736842105263,0.0,0.2067957259516349,0.0268421052631578,0.0075702075702075,-0.899526301381345,17300000.0,50300000.0,-16300000.0,82100000.0,28000000.0,6700000.0,0.0,60.27334851936219,50.53846153846154,0.0,1.4931972789115646,1.7808219178082192,0.0,0.0368171021377672,0.0029682883801394,1989-12-31,,bmo,,2025-04-25,1989-12-31,,,
1989-09-30,FI,USD,798354,1989-09-30,1989-09-30 00:00:00,1989,Q3,41000000.0,13000000.0,28000000.0,0.6829268293,0,0.0,0.0,20200000.0,0.0,24000000.0,37000000.0,0.0,0.0,3700000.0,7800000.0,0.1902439024,4000000.0,0.0975609756,700000.0,4700000.0,0.1146341463,1800000.0,2900000.0,0.0707317073,0.0083,0.0083,347826087,347826087,,,0.1178749999852656,0.0083374999989578,0.014087499998239,0.0074749999990656,0.0063249999992093,0.2294249999713218,0.1264999999841875,0.2294249999713218,0.0896999999887875,173673043.49997,202673043.49997,14.971814094825,4.23592789024317,35.4434782653,66.79732442306538,2.1763539285710527,2.1763539285710527,4.943244963413902,25.983723525637178,41.36184561223877,77.95117057691154,0.0166980432976664,0.0149706595082526,0.3909774436090225,0.0751626114189352,3.717948717948718,1.0375540046527083,0.0,1.6896551724137931,0.0,0.0,0.0,0.0,0.0862442784871115,0.4693877551020408,0.0560975609756097,0.6216216216216216,0.0,0.2074576970926611,0.0210228714342672,0.007645663063538,-0.9003062498874618,11300000.0,44000000.0,-23100000.0,79100000.0,25100000.0,6300000.0,0.0,58.39024390243903,42.23076923076923,0.0,1.5413533834586466,2.1311475409836067,0.0,0.0363408521303258,0.0066124999991734,1989-09-30,,bmo,,2025-04-25,1989-09-30,,,
1989-06-30,FI,USD,798354,1989-06-30,1989-06-30 00:00:00,1989,Q2,40100000.0,13200000.0,26900000.0,0.6708229426,0,0.0,0.0,20000000.0,0.0,23600000.0,36800000.0,0.0,0.0,3600000.0,6900000.0,0.1720698254,3300000.0,0.0822942643,1300000.0,4600000.0,0.114713217,1800000.0,2800000.0,0.0698254364,0.0083,0.0083,335832084,335832084,,,0.1194049106993601,0.0083374999989578,0.0142928571410705,0.0062531249992183,0.005657589285007,0.2286857142571285,0.126849107127001,0.2286857142571285,0.0628290178492892,158472443.79792002,177672443.79792002,14.1493253391,3.951931266781048,33.0150924579,75.4630684752,2.06344327861875,2.06344327861875,4.430734259299751,25.74962953593044,37.0150924579,84.60592561805716,0.0176686869521018,0.0132515152140763,0.2747395833333333,0.0534583227767925,2.782608695652174,1.040711597673623,0.0,1.7142857142857142,0.0,0.0,0.0,0.0,0.0866480871548011,0.5625,0.0673316708229426,0.75,0.0,0.2071231776107172,0.019314381270903,0.0077669902912621,-0.8882415177461127,11900000.0,42600000.0,-13700000.0,77100000.0,23250000.0,6700000.0,0.0,52.96758104738154,44.31818181818182,0.0,1.6991525423728813,2.0307692307692307,0.0,0.0364583333333333,0.0080397321418521,1989-06-30,,bmo,,2025-04-25,1989-06-30,,,
1989-03-31,FI,USD,798354,1989-03-31,1989-03-31 00:00:00,1989,Q1,39100000.0,12400000.0,26700000.0,0.6828644501,0,0.0,0.0,19300000.0,0.0,22800000.0,35200000.0,0.0,0.0,3500000.0,7400000.0,0.189258312,3900000.0,0.0997442455,400000.0,4300000.0,0.1099744246,1700000.0,2600000.0,0.0664961637,0.0067,0.0067,389805097,389805097,,,0.1003065385776625,0.0066700000077218,0.0102615384734181,-0.0110311538589245,0.0061569230840509,0.1895819232964006,0.1000500001158271,0.1895819232964006,0.0597734616076608,166828785.41406,187728785.41406,16.04122936673654,4.26672085457954,41.707196353515,-38.79739195675814,2.257493713316103,2.257493713316103,4.8012477087994885,25.368754785683784,46.93219635351499,-43.657857073037206,0.0155848404311458,-0.0257749284053566,0.3152909336941813,0.1688405797101449,2.824324324324324,1.3415300546448088,0.0,1.5384615384615383,0.0,0.0,0.0,0.0,0.2528985507246377,2.075,0.2122762148337595,2.371428571428571,0.0,0.1686757456531478,0.0228723524237024,0.0252182347235693,-0.1142237501322359,12500000.0,39000000.0,-15000000.0,77800000.0,23600000.0,3450000.0,0.0,52.710997442455245,50.08064516129032,0.0,1.7074235807860263,1.7971014492753623,0.0,0.0351826792963464,0.0212926923323426,1989-03-31,,bmo,,2025-04-25,1989-03-31,,,
1988-12-31,FI,USD,798354,1988-12-31,1988-12-31 00:00:00,1988,Q4,37800000.0,0.0,37800000.0,1.0,0,0.0,0.0,0.0,-114200000.0,-114200000.0,-114200000.0,0.0,0.0,0.0,-76400000.0,-2.0211640212,-76400000.0,-2.0211640212,76400000.0,0.0,0.0,0.0,0.0,0.0,0.0067,0.0067,376221888,376221888,,,0.1004726232196251,0.0,,,0.0579445287351277,0.1892500204560134,0.0932960072753661,0.1892500204560134,0.0640579423172742,155857441.54176,158157441.54176,0.0,4.1232127392,0.0,0.0,2.1890090104179776,2.1890090104179776,4.1840593000465605,-2.0701235803895286,0.0,0.0,0.0,,0.3384831460674157,0.1803892215568862,-0.0301047120418848,1.4055555555555554,0.0,0.0,,0.0,0.0,0.0,0.2702095808383233,0.0,,0.0,,0.0,,0.0,-0.0594728821306643,14600000.0,35100000.0,-11800000.0,75100000.0,,,,57.85714285714285,0.0,0.0,1.5555555555555556,0.0,0.0,0.0,,1988-12-31,,bmo,,2025-04-25,1988-12-31,,,
1988-09-30,FI,USD,798354,1988-09-30,1988-09-30 00:00:00,1988,Q3,36200000.0,0.0,36200000.0,1.0,0,0.0,0.0,0.0,0.0,0.0,0.0,0.0,0.0,0.0,36200000.0,1.0,36200000.0,1.0,-36200000.0,0.0,0.0,0.0,0.0,0.0,0.0067,0.0067,362290856,362290856,,,0.0999197175431885,0.0,,,,,,,,153067886.66,,0.0,4.228394659116022,0.0,0.0,0.0,0.0,,,0.0,0.0,0.0,,0.0,0.0,,0.0,0.0,0.0,,0.0,0.0,0.0,0.0,0.0,,0.0,,,0.0,0.0,,,,,,,,,,0.0,0.0,0.0,0.0,0.0,0.0,,1988-09-30,,bmo,,2025-04-25,1988-09-30,,,
1988-06-30,FI,USD,798354,1988-06-30,1988-06-30 00:00:00,1988,Q2,27100000.0,0.0,27100000.0,1.0,0,0.0,0.0,0.0,0.0,0.0,0.0,0.0,0.0,0.0,27100000.0,1.0,27100000.0,1.0,-27100000.0,0.0,0.0,0.0,0.0,0.0,0.005,0.005,355568216,355568216,,,0.0762160361374932,0.0,,,,,,,,167785529.76608002,,0.0,6.191347961847971,0.0,0.0,0.0,0.0,,,0.0,0.0,0.0,,0.0,0.0,,0.0,0.0,0.0,,0.0,0.0,0.0,0.0,0.0,,0.0,,,0.0,0.0,,,,,,,,,,0.0,0.0,0.0,0.0,0.0,0.0,,1988-06-30,,bmo,,2025-04-25,1988-06-30,,,
1988-03-31,FI,USD,798354,1988-03-31,1988-03-31 00:00:00,1988,Q1,23900000.0,0.0,23900000.0,1.0,0,0.0,0.0,0.0,0.0,0.0,0.0,0.0,0.0,0.0,23900000.0,1.0,23900000.0,1.0,-23900000.0,0.0,0.0,0.0,0.0,0.0,0.005,0.005,355460268,355460268,,,0.0672367692020082,0.0,,,,,,,,163835192.12388,,0.0,6.855028959158159,0.0,0.0,0.0,0.0,,,0.0,0.0,0.0,,0.0,0.0,,0.0,0.0,0.0,,0.0,0.0,0.0,0.0,0.0,,0.0,,,0.0,0.0,,,,,,,,,,0.0,0.0,0.0,0.0,0.0,0.0,,1988-03-31,,bmo,,2025-04-25,1988-03-31,,,
1987-12-31,FI,USD,798354,1987-12-31,1987-12-31 00:00:00,1987,Q4,22600000.0,0.0,22600000.0,1.0,0,0.0,0.0,0.0,-76700000.0,-76700000.0,-76700000.0,0.0,0.0,0.0,-54100000.0,-2.3938053097,-54100000.0,-2.3938053097,54100000.0,0.0,0.0,0.0,0.0,0.0,0.005,0.005,355568216,355568216,,,0.0635602367788688,0.0,,,0.0787471960092181,0.1591818319329194,0.1248705536717601,0.1591818319329194,0.0165931591590852,128765473.74224,106665473.74224,0.0,5.6975873337274345,0.0,0.0,2.2750083700042403,2.2750083700042403,4.719711227532744,-1.9716353741634016,0.0,0.0,0.0,,0.1042402826855123,0.0747782002534854,0.4085027726432532,2.75,0.0,0.0,,0.0,0.0,0.0,0.1546261089987325,0.0,,0.0,,0.0,,0.0,0.0445062277444955,28000000.0,44400000.0,21700000.0,55700000.0,,,,53.76106194690265,0.0,0.0,1.674074074074074,0.0,0.0,0.0,,1987-12-31,,bmo,,2025-04-25,1987-12-31,,,
1987-09-30,FI,USD,798354,1987-09-30,1987-09-30 00:00:00,1987,Q3,21000000.0,0.0,21000000.0,1.0,0,0.0,0.0,0.0,0.0,0.0,0.0,0.0,0.0,0.0,21000000.0,1.0,21000000.0,1.0,-21000000.0,0.0,0.0,0.0,0.0,0.0,0.005,0.005,354836580,354836580,,,0.0591821733824624,0.0,,,,,,,,150890707.2792,,0.0,7.1852717752,0.0,0.0,0.0,0.0,,,0.0,0.0,0.0,,0.0,0.0,,0.0,0.0,0.0,,0.0,0.0,0.0,0.0,0.0,,0.0,,,0.0,0.0,,,,,,,,,,0.0,0.0,0.0,0.0,0.0,0.0,,1987-09-30,,bmo,,2025-04-25,1987-09-30,,,
1987-06-30,FI,USD,798354,1987-06-30,1987-06-30 00:00:00,1987,Q2,21400000.0,0.0,21400000.0,1.0,0,0.0,0.0,0.0,0.0,0.0,0.0,0.0,0.0,0.0,21400000.0,1.0,21400000.0,1.0,-21400000.0,0.0,0.0,0.0,0.0,0.0,0.005,0.005,352833584,352833584,,,0.0606518227584594,0.0,,,,,,,,168432167.99408,,0.0,7.870662055798131,0.0,0.0,0.0,0.0,,,0.0,0.0,0.0,,0.0,0.0,,0.0,0.0,0.0,,0.0,0.0,0.0,0.0,0.0,,0.0,,,0.0,0.0,,,,,,,,,,0.0,0.0,0.0,0.0,0.0,0.0,,1987-06-30,,bmo,,2025-04-25,1987-06-30,,,
1987-03-31,FI,USD,798354,1987-03-31,1987-03-31 00:00:00,1987,Q1,20500000.0,0.0,20500000.0,1.0,0,0.0,0.0,0.0,0.0,0.0,0.0,0.0,0.0,0.0,20500000.0,1.0,20500000.0,1.0,-20500000.0,0.0,0.0,0.0,0.0,0.0,0.005,0.005,312065968,312065968,,,0.0656912387191159,0.0,,,,,,,,133557992.98464,,0.0,6.515024048031219,0.0,0.0,0.0,0.0,,,0.0,0.0,0.0,,0.0,0.0,,0.0,0.0,0.0,,0.0,0.0,0.0,0.0,0.0,,0.0,,,0.0,0.0,,,,,,,,,,0.0,0.0,0.0,0.0,0.0,0.0,,1987-03-31,,bmo,,2025-04-25,1987-03-31,,,
1986-12-31,FI,USD,798354,1986-12-31,1986-12-31 00:00:00,1986,Q4,20000000.0,0.0,20000000.0,1.0,0,0.0,0.0,0.0,-64600000.0,-64600000.0,-64600000.0,0.0,0.0,0.0,-44600000.0,-2.23,-44600000.0,-2.23,44600000.0,0.0,0.0,0.0,0.0,0.0,0.005,0.005,313631184,313631184,,,0.0637691690759934,0.0,,,0.0159422922689983,0.1080887415838088,0.058029943859154,0.1080887415838088,0.0248699759396374,95510104.46352,98310104.46352,0.0,4.775505223176,0.0,0.0,2.8174072113132747,2.8174072113132747,4.915505223176,-2.204262431917489,0.0,0.0,0.0,,0.2300884955752212,0.15234375,-0.0627802690582959,1.381679389312977,0.0,0.0,,0.0,0.0,0.0,0.306640625,0.0,,0.0,,0.0,,0.0,-0.0126741223538536,5000000.0,18200000.0,800000.0,34200000.0,,,,49.95,0.0,0.0,1.8018018018018016,0.0,0.0,0.0,,1986-12-31,,bmo,,2025-04-25,1986-12-31,,,
1986-09-30,FI,USD,798354,1986-09-30,1986-09-30 00:00:00,1986,Q3,19100000.0,0.0,19100000.0,1.0,0,0.0,0.0,0.0,0.0,0.0,0.0,0.0,0.0,0.0,19100000.0,1.0,19100000.0,1.0,-19100000.0,0.0,0.0,0.0,0.0,0.0,0.0033,0.0033,312065968,312065968,,,0.0612050077822007,0.0,,,,,,,,86470359.07312,,0.0,4.527243930529843,0.0,0.0,0.0,0.0,,,0.0,0.0,0.0,,0.0,0.0,,0.0,0.0,0.0,,0.0,0.0,0.0,0.0,0.0,,0.0,,,0.0,0.0,,,,,,,,,,0.0,0.0,0.0,0.0,0.0,0.0,,1986-09-30,,bmo,,2025-04-25,1986-09-30,,,
1986-06-30,FI,USD,798354,1986-06-30,1986-06-30 00:00:00,1986,Q2,15700000.0,0.0,15700000.0,1.0,0,0.0,0.0,0.0,0.0,0.0,0.0,0.0,0.0,0.0,15700000.0,1.0,15700000.0,1.0,-15700000.0,0.0,0.0,0.0,0.0,0.0,0.005,0.005,312065968,312065968,,,0.0503098755068351,0.0,,,,,,,,86470359.07312,,0.0,5.507666183001274,0.0,0.0,0.0,0.0,,,0.0,0.0,0.0,,0.0,0.0,,0.0,0.0,0.0,,0.0,0.0,0.0,0.0,0.0,,0.0,,,0.0,0.0,,,,,,,,,,0.0,0.0,0.0,0.0,0.0,0.0,,1986-06-30,,bmo,,2025-04-25,1986-06-30,,,
1986-03-31,FI,USD,798354,1986-03-31,1986-03-31 00:00:00,1986,Q1,15600000.0,0.0,15600000.0,1.0,0,0.0,0.0,0.0,0.0,0.0,0.0,0.0,0.0,0.0,15600000.0,1.0,15600000.0,1.0,-15600000.0,0.0,0.0,0.0,0.0,0.0,0.0033,0.0033,312065968,312065968,,,0.0499894304399126,0.0,,,,,,,,86470359.07312,,0.0,5.54297173545641,0.0,0.0,0.0,0.0,,,0.0,0.0,0.0,,0.0,0.0,,0.0,0.0,0.0,,0.0,0.0,0.0,0.0,0.0,,0.0,,,0.0,0.0,,,,,,,,,,0.0,0.0,0.0,0.0,0.0,0.0,,1986-03-31,,bmo,,2025-04-25,1986-03-31,,,
1985-12-31,FI,USD,798354,1985-12-31,1985-12-31 00:00:00,1985,Q4,10600000.0,0.0,10600000.0,1.0,0,0.0,0.0,0.0,-26700000.0,-26700000.0,-26700000.0,0.0,0.0,0.0,-16100000.0,-1.5188679245,-16100000.0,-1.5188679245,16100000.0,0.0,0.0,0.0,0.0,0.0,0.0,0.0,265055472,265055472,,,0.0399916286202912,0.0,,,0.0026409566070003,0.0630056790527229,0.0003772795152857,0.0630056790527229,0.0441417032884346,73444220.73648,84444220.73648,0.0,6.928700069479245,0.0,0.0,4.397857529130539,4.397857529130539,7.966435918535849,-5.244982654439752,0.0,0.0,0.0,,0.7005988023952096,0.3492537313432836,-0.6832298136645962,0.9662921348314608,0.0,0.0,,0.0,0.0,0.0,0.4955223880597015,0.0,,0.0,,0.0,,0.0,-0.0409348274085056,-300000.0,100000.0,-8200000.0,24500000.0,,,,59.43396226415094,0.0,0.0,1.5142857142857142,0.0,0.0,0.0,,1985-12-31,,bmo,,2025-04-25,1985-12-31,,,
1985-09-30,FI,USD,798354,1985-09-30,1985-09-30 00:00:00,1985,Q3,7400000.0,0.0,7400000.0,1.0,0,0.0,0.0,0.0,0.0,0.0,0.0,0.0,0.0,0.0,7400000.0,1.0,7400000.0,1.0,-7400000.0,0.0,0.0,0.0,0.0,0.0,0.0017,0.0017,265055472,265055472,,,0.0279186841311467,0.0,,,,,,,,73444220.73648,,0.0,9.92489469411892,0.0,0.0,0.0,0.0,,,0.0,0.0,0.0,,0.0,0.0,,0.0,0.0,0.0,,0.0,0.0,0.0,0.0,0.0,,0.0,,,0.0,0.0,,,,,,,,,,0.0,0.0,0.0,0.0,0.0,0.0,,1985-09-30,,bmo,,2025-04-25,1985-09-30,,,
