date,symbol,reportedCurrency,cik,fillingDate,acceptedDate,calendarYear,period,revenue,costOfRevenue,grossProfit,grossProfitRatio,researchAndDevelopmentExpenses,generalAndAdministrativeExpenses,sellingAndMarketingExpenses,sellingGeneralAndAdministrativeExpenses,otherExpenses,operatingExpenses,costAndExpenses,interestIncome,interestExpense,depreciationAndAmortization,ebitda,ebitdaratio,operatingIncome,operatingIncomeRatio,totalOtherIncomeExpensesNet,incomeBeforeTax,incomeBeforeTaxRatio,incomeTaxExpense,netIncome,netIncomeRatio,eps,epsdiluted,weightedAverageShsOut,weightedAverageShsOutDil,link,finalLink,revenuePerShare,netIncomePerShare,operatingCashFlowPerShare,freeCashFlowPerShare,cashPerShare,bookValuePerShare,tangibleBookValuePerShare,shareholdersEquityPerShare,interestDebtPerShare,marketCap,enterpriseValue,peRatio,priceToSalesRatio,pocfratio,pfcfRatio,pbRatio,ptbRatio,evToSales,enterpriseValueOverEBITDA,evToOperatingCashFlow,evToFreeCashFlow,earningsYield,freeCashFlowYield,debtToEquity,debtToAssets,netDebtToEBITDA,currentRatio,interestCoverage,incomeQuality,dividendYield,payoutRatio,salesGeneralAndAdministrativeToRevenue,researchAndDdevelopementToRevenue,intangiblesToTotalAssets,capexToOperatingCashFlow,capexToRevenue,capexToDepreciation,stockBasedCompensationToRevenue,grahamNumber,roic,returnOnTangibleAssets,grahamNetNet,workingCapital,tangibleAssetValue,netCurrentAssetValue,investedCapital,averageReceivables,averagePayables,averageInventory,daysSalesOutstanding,daysPayablesOutstanding,daysOfInventoryOnHand,receivablesTurnover,payablesTurnover,inventoryTurnover,roe,capexPerShare,report_date,epsEstimated,time,revenueEstimated,updatedFromDate,fiscalDateEnding,surprise(%),QuarterAvgPrice,QuarterAvgVolume
2025-03-31,FMC,USD,37785,2025-05-01,2025-05-01 14:11:01,2025,Q1,791400000.0,474700000.0,316700000.0,0.4001769017,68700000,0.0,0.0,172000000.0,0.0,240700000.0,715400000.0,0.0,50100000.0,35600000.0,98700000.0,0.1247156937,76000000.0,0.0960323477,-71100000.0,4900000.0,0.0061915593,13500000.0,-15500000.0,-0.0195855446,-0.12,-0.12,125081000,125081000,https://www.sec.gov/Archives/edgar/data/37785/000003778525000065/0000037785-25-000065-index.htm,https://www.sec.gov/Archives/edgar/data/37785/000003778525000065/fmc-20250331.htm,6.327100039174615,-0.1239197000343777,-4.463507647044715,-4.716143938727704,2.5207665432799544,35.26994507559102,4.236454777304306,35.03329842262214,32.40779974576474,5277167390.0,8965367390.0,-85.11560306451612,6.668141761435431,-9.452207397456563,-8.94586775724699,1.2042828366042904,1.2042828366042904,11.328490510487743,90.83452269503546,-16.058333136306643,-15.198113900661127,-0.0029371817974491,-0.1117834543429178,0.9136239160200822,0.3392537857282072,37.3677811550152,1.536199437267419,1.5169660678642714,35.78846153846154,0.0137473334913486,-4.680450322580645,0.0,0.0868081880212282,0.3289325390436323,0.0,0.0,0.0,0.0053070507960576,,-0.0140832142135313,-0.0019572684109506,-33.67198055659932,1772300000.0,529900000.0,-2311700000.0,6512700000.0,3032800000.0,384250000.0,1288000000.0,329.8066717210007,0.0,260.5772066568359,0.2728871418226957,0.0,0.3453870779976717,-0.0035371976266544,0.0,2025-04-30,0.08,amc,777680030.0,2025-05-11,2025-03-31,1.2499999999999998,44.41824999999999,3465881.9166666665
2024-12-31,FMC,USD,37785,2025-02-28,2025-02-28 13:39:51,2024,Q4,1224300000.0,699600000.0,524700000.0,0.4285714286,72200000,0.0,0.0,156700000.0,74700000.0,303600000.0,1003200000.0,0.0,51800000.0,43100000.0,272400000.0,0.2224944866,221100000.0,0.1805929919,-43600000.0,177500000.0,0.1449808054,148000000.0,-16800000.0,-0.0137221269,-0.13,-0.13,125000000,125500000,https://www.sec.gov/Archives/edgar/data/37785/000003778525000030/0000037785-25-000030-index.htm,https://www.sec.gov/Archives/edgar/data/37785/000003778525000030/fmc-20241231.htm,9.7944,-0.1344,3.196,3.0232,2.8584,36.0704,4.232,35.9,28.3816,6076250000.0,9214850000.0,-90.42038690476193,4.963040104549538,15.209637046307884,16.078989150568933,1.3540389972144846,1.3540389972144846,7.526627460589725,33.82837738619677,23.06595744680851,24.38436094204816,-0.002764863196873,0.0621929644106151,0.7790306406685237,0.2999922768657805,11.522026431718064,1.6422562268150502,4.268339768339768,13.87152777777778,0.0119646163340876,-4.3273809523809526,0.0,0.0589724740668136,0.341516995185913,0.0540675844806007,0.0176427346238666,0.5011600928074246,0.0046557216368537,,0.0040847262320029,-0.0021893529680067,-30.4982,1939100000.0,529000000.0,-2186200000.0,6879000000.0,3028000000.0,785700000.0,1296850000.0,232.7003185493751,98.86363636363636,154.57975986277873,0.3867635444637498,0.9103448275862068,0.5822237017310253,-0.0037437325905292,0.1728,2025-02-04,1.65,amc,885202500.0,2025-05-04,2024-12-31,0.0848484848484849,58.38,1266757.25
2024-09-30,FMC,USD,37785,2024-10-30,2024-10-30 14:55:17,2024,Q3,1065400000.0,679000000.0,386400000.0,0.3626806824,69000000,159200000.0,0.0,159200000.0,0.0,228200000.0,909000000.0,0.0,58700000.0,48000000.0,178700000.0,0.1677304299,158200000.0,0.1484888305,-85700000.0,72500000.0,0.0680495589,6000000.0,64800000.0,0.0608222264,0.52,0.52,125026000,125500000,https://www.sec.gov/Archives/edgar/data/37785/000003778524000119/0000037785-24-000119-index.htm,https://www.sec.gov/Archives/edgar/data/37785/000003778524000119/fmc-20240930.htm,8.521427543071042,0.5182921952233935,1.1293650920608511,1.003791211428023,3.3329067553948777,37.03309711579991,5.523651080575241,36.85473421528322,33.022731271895445,8244214440.0,11897514440.0,31.80638287037037,7.738140078843627,58.38678781869688,65.69095171314741,1.789186692130735,1.789186692130735,11.167180814717478,66.57814459988808,84.26001728045325,94.80091187250996,0.0078600575557081,0.0152227966549594,0.8832848647944789,0.3330959922086637,20.44376049244544,1.4813008583212577,2.6950596252129477,2.1491628614916287,0.0088183053132713,1.1219135802469136,0.1494274450910456,0.0647644077341843,0.3224156415985334,0.1111898016997167,0.014736249296039,0.3270833333333333,0.0169889243476628,20.73123789763437,0.0150005257876566,0.0078268431732534,-34.45663302033177,1727100000.0,690600000.0,-2273100000.0,6536000000.0,2796450000.0,750100000.0,1413550000.0,244.17589637694763,106.42268041237114,184.519882179676,0.3685867496972842,0.8456843940714909,0.4877523166439192,0.0140631103780546,0.1255738806328283,2024-10-29,0.49,amc,1350380000.0,2025-04-25,2024-09-30,0.4081632653061223,61.2446875,1330493.109375
2024-06-30,FMC,USD,37785,2024-08-01,2024-08-01 13:52:30,2024,Q2,1038400000.0,647300000.0,391100000.0,0.3766371341,75900000,169000000.0,-4100000.0,164900000.0,95100000.0,240800000.0,888100000.0,0.0,63600000.0,50000000.0,107600000.0,0.1036209553,150300000.0,0.1447419106,-9700000.0,-5500000.0,-0.0052966102,-303500000.0,295100000.0,0.2841872111,2.35,2.35,125009000,125352000,https://www.sec.gov/Archives/edgar/data/37785/000003778524000102/0000037785-24-000102-index.htm,https://www.sec.gov/Archives/edgar/data/37785/000003778524000102/fmc-20240630.htm,8.306601924661424,2.360630034637506,2.3582302074250654,2.2790359094145223,3.77172843555264,36.64296170675711,5.266020846499052,36.47257397467382,35.08227407626651,7076759490.0,10927259490.0,5.995221526601152,6.815061142141756,24.00528999321574,24.83945064935065,1.552125167785235,1.552125167785235,10.523169770801232,101.5544562267658,37.06668755088195,38.35471916461916,0.0416998769587971,0.0402585392936675,0.9479317454050972,0.3562861170418854,35.78531598513011,1.4788680423490677,2.3632075471698117,0.9925925925925926,0.0102730635544037,0.2463571670620128,0.1627503852080123,0.073093220338983,0.3233449017781332,0.0335820895522388,0.0095338983050847,0.198,0.0047187981510015,44.01375586354735,-0.8343008608557891,0.035951415031127,-34.671103680535005,1687100000.0,658300000.0,-2339800000.0,6590700000.0,2760150000.0,643300000.0,1511050000.0,234.22187981510012,96.95195427158968,199.52108759462385,0.384251036116045,0.9282948515703427,0.4510801393728223,0.0647234285212966,0.0791942980105432,2024-07-31,0.5,amc,1038600000.0,2025-04-25,2024-06-30,0.26,59.78047619047619,1966411.3174603172
2024-03-31,FMC,USD,37785,2024-05-07,2024-05-07 13:37:38,2024,Q1,918000000.0,566300000.0,351700000.0,0.3831154684,60900000,168200000.0,-4200000.0,164000000.0,40900000.0,224900000.0,791200000.0,0.0,61700000.0,49000000.0,118200000.0,0.1287581688,126800000.0,0.1381263617,3700000.0,8000000.0,0.0087145969,-1400000.0,-2700000.0,-0.0029411765,-0.0216,-0.0216,124945000,124945000,https://www.sec.gov/Archives/edgar/data/37785/000003778524000066/0000037785-24-000066-index.htm,https://www.sec.gov/Archives/edgar/data/37785/000003778524000066/fmc-20240331.htm,7.347232782424267,-0.0216095081836007,-1.3157789427348032,-1.481451838809076,3.3654808115570853,34.67845852174957,2.497899075593261,34.50718316059066,36.38721037256393,7841548200.0,11908448200.0,-726.0692777777778,8.541991503267974,-47.69798175182482,-42.36384764991896,1.8187517569291431,1.8187517569291431,12.97216579520697,100.74829357655072,-72.43581630170317,-64.33521447866018,-0.0003443197607329,-0.0236050324858042,1.0401716340020877,0.3743989180524945,34.40693768533788,1.4630302006811338,2.055105348460292,-16.775510204081634,0.0092456232048666,-26.85185185185185,0.1832244008714597,0.0663398692810457,0.3356708742402992,-0.1259124087591241,0.0225490196078431,0.4224489795918367,0.0081699346405228,,0.0153020561592342,-0.0003392982808887,-34.55940613870103,1645100000.0,312100000.0,-2447500000.0,6666500000.0,2881500000.0,595850000.0,1655850000.0,276.2647058823529,93.65530637471304,252.23203249161224,0.3257745129351644,0.960970643135924,0.3568143154180581,-0.0006262321697784,0.1656728960742726,2024-05-06,0.35,amc,1055940000.0,2025-04-25,2024-03-31,0.0285714285714286,58.36065573770492,2081702.213114754
2023-12-31,FMC,USD,37785,2024-02-27,2024-02-27 14:51:18,2023,Q4,1146100000.0,710400000.0,435700000.0,0.3801587994,81800000,176300000.0,-4800000.0,171500000.0,164300000.0,253300000.0,963700000.0,0.0,56700000.0,98500000.0,111600000.0,0.0973737021,182400000.0,0.1591484164,-48200000.0,-43400000.0,-0.0378675508,-1197000000.0,1098500000.0,0.9584678475,8.77,8.75,124900000,125200000,https://www.sec.gov/Archives/edgar/data/37785/000003778524000033/0000037785-24-000033-index.htm,https://www.sec.gov/Archives/edgar/data/37785/000003778524000033/fmc-20231231.htm,9.176140912730183,8.79503602882306,2.344275420336269,2.143314651721377,2.4211369095276223,35.49559647718174,2.012810248198559,35.31545236188951,33.321857485988794,7874945000.0,11677745000.0,1.7922041420118342,6.871080184975133,26.89530396174863,29.41705267090026,1.7853374594753904,1.7853374594753904,10.189115260448478,104.63929211469534,39.88300887978142,43.62250653716847,0.1394930377291524,0.0339938882112827,0.9306944161055568,0.3442169341449917,34.075268817204304,1.5154227973763517,3.2169312169312168,0.2540123189034441,0.0092191120064965,0.0660901228948566,0.1538260186720181,0.0713724805863362,0.3506565377068974,0.0857240437158469,0.0219003577349271,0.2548223350253807,0.005322397696536,83.59733971653978,-0.5103483870967742,0.1418480927661992,-32.98058446757406,1744500000.0,251400000.0,-2363700000.0,6940800000.0,2754800000.0,632450000.0,1861600000.0,231.27039525346828,76.31756756756756,218.48817567567568,0.3891548674068792,1.1792828685258965,0.4119216050098573,0.2490421455938697,0.2009607686148919,2024-02-05,1.09,amc,1245760000.0,2025-04-25,2023-12-31,-0.018348623853211,57.98142857142857,1905209.1587301588
2023-09-30,FMC,USD,37785,2023-11-07,2023-11-07 16:52:13,2023,Q3,981900000.0,600700000.0,381200000.0,0.388226907,80900000,175500000.0,-4200000.0,171300000.0,-4200000.0,252200000.0,852900000.0,0.0,64600000.0,50100000.0,146300000.0,0.1489968429,4200000.0,0.0042774213,-97000000.0,32000000.0,0.0325898768,27400000.0,-3500000.0,-0.0035645178,-0.028,-0.028,124887000,124887000,https://www.sec.gov/Archives/edgar/data/37785/000003778523000178/0000037785-23-000178-index.htm,https://www.sec.gov/Archives/edgar/data/37785/000003778523000178/fmc-20230930.htm,7.862307526003507,-0.028025334902752,0.5404886016959332,0.2762497297556991,2.5927438404317504,26.539992152906223,-5.791635638617311,26.539992152906223,33.472659283992726,8363682390.0,12155582390.0,-597.405885,8.517855575924228,123.90640577777776,242.42557652173912,2.5233617106652586,2.5233617106652586,12.379654129748449,83.08668755980861,180.08270207407406,352.3357214492753,-0.0004184759579326,0.0041249772996222,1.24172575049027,0.3756434595305027,25.91866028708134,1.544262295081967,0.0650154798761609,8.132530120481928,0.0086684305571771,-20.714285714285715,0.1787351054078826,0.0823912822079641,0.3685334598955861,0.4888888888888889,0.0336083104185762,0.7236842105263158,0.0063142886240961,,7.018145465958365e-05,-0.0005058826930303,-35.195216475694025,1875800000.0,-723300000.0,-2319600000.0,6786100000.0,2673650000.0,847600000.0,2035450000.0,235.0595783684693,99.25919760279676,299.4406525719993,0.3828816533437317,0.9067169811320754,0.3005603922745922,-0.0010559662090813,0.264238871940234,2023-10-30,0.45,amc,1210170000.0,2025-04-25,2023-09-30,-0.0222222222222222,86.61,1669521.4285714286
2023-06-30,FMC,USD,37785,2023-08-03,2023-08-03 10:16:38,2023,Q2,1014500000.0,581700000.0,432800000.0,0.4266140956,87700000,210200000.0,-4600000.0,205600000.0,-4600000.0,293300000.0,875000000.0,0.0,64500000.0,55600000.0,182500000.0,0.1798915722,4600000.0,0.0045342533,-68900000.0,63100000.0,0.0621981272,9200000.0,30500000.0,0.030064071,0.24,0.24,125085000,125664000,https://www.sec.gov/Archives/edgar/data/37785/000003778523000153/0000037785-23-000153-index.htm,https://www.sec.gov/Archives/edgar/data/37785/000003778523000153/fmc-20230630.htm,8.110484870288204,0.2438341927489307,0.9369628652516288,0.7059199744173962,7.526881720430108,27.00083942918815,-5.624175560618779,27.00083942918815,37.95019386816964,13051368900.0,16792368900.0,106.97843360655736,12.864828881222277,111.3598029010239,147.80712231030577,3.8643243027180674,3.8643243027180674,16.55235968457368,92.0129802739726,143.2795981228669,190.17405322763307,0.0023369196161484,0.006765573839538,1.3864215076686208,0.3917852690412242,20.4986301369863,1.4397500402049304,0.0713178294573643,0.8932926897354626,0.0055702969211145,2.3836065573770493,0.2071956628881222,0.0864465253819615,0.3414493335676096,0.2465870307167235,0.0284869393790044,0.6008316008316008,0.0062099556431739,12.1710261453006,0.000424355369296,0.0038750825837271,-36.05188471839149,1914100000.0,-703500000.0,-2307500000.0,6862900000.0,2992450000.0,1107750000.0,1991600000.0,246.8723509117792,159.778236204229,320.6240330067045,0.3645608739399166,0.563280720441561,0.2807026009747623,0.009030615266181,0.2310428908342327,2023-08-02,0.59,amc,1277790000.0,2025-04-25,2023-06-30,-0.1525423728813559,112.40596774193548,981328.5322580644
2023-03-31,FMC,USD,37785,2023-05-02,2023-05-02 14:03:00,2023,Q1,1344300000.0,763000000.0,581300000.0,0.432418359,78400000,190500000.0,0.0,190500000.0,312400000.0,581300000.0,1044400000.0,0.0,51400000.0,44700000.0,361700000.0,0.2690619653,312400000.0,0.2323886037,-63900000.0,248500000.0,0.1848545712,41100000.0,196000000.0,0.1458007885,1.56,1.55,125300000,126131000,https://www.sec.gov/Archives/edgar/data/37785/000003778523000099/0000037785-23-000099-index.htm,https://www.sec.gov/Archives/edgar/data/37785/000003778523000099/fmc-20230331.htm,10.728651237031125,1.5642458100558658,-6.894652833200319,-7.268954509177973,3.945730247406225,27.88906624102155,-4.769353551476456,27.69912210694333,34.03032721468475,15302889000.0,19021089000.0,19.518991071428573,11.383537156884625,-17.713727283250375,-16.80159090909091,4.409165009940358,4.409165009940358,14.149437625530016,52.58802598838817,-22.017697650190996,-20.883936100131752,0.0128080390572002,-0.0595181733331529,1.2137609127841646,0.3590661518398241,10.279789881116947,1.2899342373026583,6.077821011673152,-4.40765306122449,0.0047507369360125,0.3709183673469388,0.1417094398571747,0.0583203154057874,0.3487951858576043,-0.0542886908206968,0.0348880458231049,1.0492170022371363,0.0054303354905898,31.223153319376124,0.0291567620070035,0.0256544502617801,-35.00538707102953,1353500000.0,-597600000.0,-2215800000.0,6308300000.0,3036750000.0,1217500000.0,1781250000.0,214.3784869448784,139.51769331585845,225.4010484927916,0.4198182442771931,0.645079472438282,0.3992882934742791,0.0564727576569568,0.3743016759776536,2023-05-01,1.75,amc,1428840000.0,2025-04-25,2023-03-31,0.0114285714285714,125.8466129032258,788754.5806451613
2022-12-31,FMC,USD,37785,2023-02-24,2023-02-24 15:17:06,2022,Q4,1622000000.0,936400000.0,685600000.0,0.4226880395,84400000,0.0,0.0,212500000.0,-2100000.0,296900000.0,1233300000.0,0.0,44800000.0,38800000.0,430200000.0,0.2652281134,343800000.0,0.2119605425,-41100000.0,347600000.0,0.2143033292,12200000.0,273900000.0,0.168865598,2.18,2.16,125600000,126400000,https://www.sec.gov/Archives/edgar/data/37785/000003778523000019/0000037785-23-000019-index.htm,https://www.sec.gov/Archives/edgar/data/37785/000003778523000019/fmc-20221231.htm,12.914012738853502,2.180732484076433,4.9243630573248405,4.654458598726115,4.6528662420382165,27.07722929936305,-5.545382165605096,27.07722929936305,26.423566878980893,15674880000.0,18376880000.0,14.307119386637458,9.663921085080148,25.34337914308812,26.813000342114265,4.609038783851333,4.609038783851333,11.32976572133169,42.71706183170618,29.712012934519,31.434964078002057,0.0174738179813816,0.0372953413359464,0.9626863477314828,0.293072426664757,6.280799628079963,1.4313611959153596,7.674107142857143,1.844066785927251,0.0042679752572268,0.244249726177437,0.0,0.0520345252774352,0.3667791573048795,0.0548100242522231,0.0209001233045622,0.7920560747663551,0.0032675709001233,36.44975108307205,0.0418089825057154,0.0387198009584529,-33.49243630573248,1639000000.0,-696500000.0,-2331800000.0,6586000000.0,2735650000.0,1148950000.0,1691550000.0,159.32552404438962,120.35241349850492,158.73985476292182,0.5648812425994288,0.7478038651972528,0.566965366916929,0.0805375047781469,0.2699044585987261,2023-02-07,2.33,amc,1530353300.0,2025-04-25,2022-12-31,0.0171673819742489,122.6184126984127,810471.6666666666
2022-09-30,FMC,USD,37785,2022-11-02,2022-11-02 15:08:45,2022,Q3,1377200000.0,899700000.0,477500000.0,0.3467179785,78500000,0.0,0.0,179400000.0,1700000.0,257900000.0,1157600000.0,0.0,41800000.0,44800000.0,256100000.0,0.1859570142,179900000.0,0.1306273599,-49100000.0,170500000.0,0.1238019169,36000000.0,121000000.0,0.0878594249,0.96,0.95,126200000,126891000,https://www.sec.gov/Archives/edgar/data/37785/000003778522000090/0000037785-22-000090-index.htm,https://www.sec.gov/Archives/edgar/data/37785/000003778522000090/fmc-20220930.htm,10.91283676703645,0.9587955625990492,3.1489698890649764,2.8740095087163238,3.109350237717908,25.385103011093506,-6.681458003169572,25.385103011093506,28.530903328050712,13339340000.0,16534340000.0,27.560619834710742,9.685840836479814,33.56653246099648,36.77788806175903,4.163859408165814,4.163859408165814,12.00576532094104,64.56204607575165,41.606290890790135,45.58682106424042,0.0090709135534441,0.0271902507920181,1.1108752653265077,0.3305990877590643,12.475595470519329,1.4070260448213203,4.303827751196172,2.954646840148699,0.0050152406340943,0.552892561983471,0.0,0.0569997095556201,0.3759324458647245,0.087317564167086,0.0251960499564333,0.8381642512077294,0.0042114435085681,23.40150193408565,0.0178312370290574,0.0180115810000148,-34.49306656101426,1478400000.0,-843200000.0,-2450500000.0,6314800000.0,2742500000.0,1083950000.0,1660950000.0,169.90342724368284,104.60486828942982,173.20773591197067,0.5297126812569715,0.8603806062924357,0.5196072769275195,0.0377700087401673,0.2749603803486529,2022-11-01,1.12,amc,1337435793.0,2025-04-25,2022-09-30,0.0982142857142855,107.9465625,748507.75
2022-06-30,FMC,USD,37785,2022-08-03,2022-08-03 14:22:34,2022,Q2,1452300000.0,861300000.0,591000000.0,0.4069407147,79500000,0.0,0.0,194800000.0,-3900000.0,274300000.0,1135600000.0,0.0,35300000.0,43700000.0,274700000.0,0.1891482476,316700000.0,0.2180678923,-120000000.0,196700000.0,0.135440336,54700000.0,134200000.0,0.0924051505,1.06,1.06,126204000,126946000,https://www.sec.gov/Archives/edgar/data/37785/000003778522000075/0000037785-22-000075-index.htm,https://www.sec.gov/Archives/edgar/data/37785/000003778522000075/fmc-20220630.htm,11.507559189883048,1.0633577382650312,1.3890209502076003,1.2036068587366486,4.8271053215428985,24.77972172038921,-6.140058952172673,24.77972172038921,31.07746188710342,13505090040.0,16800390040.0,25.158513487332343,9.29910489568271,77.03987472903594,88.9077685319289,4.318450433281106,4.318450433281106,11.568126447703644,61.159046377866765,95.83793519680547,110.60164608294932,0.0099369940964866,0.0112476110525805,1.24286125411697,0.351931330472103,11.995995631598108,1.3842988684547255,8.971671388101983,1.2345070422535211,0.0049536878171009,0.4985096870342771,0.0,0.05474075604214,0.3533257275311928,0.1334854535082715,0.0161123734765544,0.5467289719626168,0.0039936652206844,24.34889009743922,0.0278354661597868,0.0187902548305796,-34.45750530886501,1531700000.0,-774900000.0,-2399500000.0,6231300000.0,2876850000.0,1089800000.0,1590550000.0,178.7915719892584,117.26227795193311,166.18599791013585,0.5033794322553811,0.7675102477276777,0.5415618712273642,0.0429124164614843,0.1854140914709517,2022-08-02,1.9,amc,1333697577.0,2025-04-25,2022-06-30,0.0157894736842105,122.18693548387095,994616.6935483871
2022-03-31,FMC,USD,37785,2022-05-03,2022-05-03 13:19:19,2022,Q1,1350800000.0,778100000.0,572700000.0,0.4239709802,71800000,0.0,0.0,188500000.0,-4300000.0,260300000.0,1038400000.0,0.0,29900000.0,39100000.0,337100000.0,0.2495558188,265700000.0,0.1966982529,-43300000.0,269100000.0,0.1992152798,42300000.0,207400000.0,0.1535386438,1.65,1.64,126064000,126839000,https://www.sec.gov/Archives/edgar/data/37785/000003778522000040/0000037785-22-000040-index.htm,https://www.sec.gov/Archives/edgar/data/37785/000003778522000040/fmc-20220331.htm,10.71519228328468,1.6451960908744765,-4.829293057494606,-5.228296738164742,2.975472775732961,24.449485975377588,-6.920294453610865,24.449485975377588,30.164836908237085,16586240480.0,19993940480.0,19.99305747348119,12.2788277169085,-27.24415321944809,-25.16498328023062,5.381299227824281,5.381299227824281,14.801554989635772,59.311600355977454,-32.841557950065706,-30.33521541495979,0.0125043405858058,-0.0397377573775537,1.2240607358380378,0.3459760839263444,10.108869771581134,1.3836471417752592,8.88628762541806,-2.684303350970018,0.0040274346727667,0.322082931533269,0.0,0.0531536867041753,0.3626476414056195,-0.0826215505913272,0.037237192774652,1.1863207547169812,0.0054042049156055,30.0839570516926,0.0274331975352552,0.0298408678886938,-35.701707069425055,1469100000.0,-872400000.0,-2524200000.0,6227800000.0,2726150000.0,1096200000.0,1498200000.0,191.1267397098016,122.3056162446986,183.99048965428608,0.4708917241860141,0.7358615471912238,0.4891557176086,0.0672895983388488,0.3990036806701358,2022-05-02,1.71,amc,1285253695.0,2025-04-25,2022-03-31,0.0994152046783625,117.62274193548386,985396.2903225806
2021-12-31,FMC,USD,37785,2022-02-25,2022-02-25 15:57:37,2021,Q4,1413600000.0,798900000.0,614700000.0,0.4348471986,85300000,0.0,0.0,195100000.0,-5300000.0,280400000.0,1079300000.0,0.0,33000000.0,28800000.0,301000000.0,0.2129315224,243400000.0,0.1721844935,-3100000.0,240300000.0,0.169991511,17300000.0,193100000.0,0.1366015846,1.52,1.52,126600000,127400000,https://www.sec.gov/Archives/edgar/data/37785/000003778522000025/0000037785-22-000025-index.htm,https://www.sec.gov/Archives/edgar/data/37785/000003778522000025/fmc-20211231.htm,11.165876777251183,1.5252764612954186,4.548183254344392,4.360979462875197,0.0513428120063191,24.106635071090047,-7.372037914691943,24.106635071090047,25.319905213270143,13912074000.0,16567774000.0,18.011488865872604,9.84159168081494,24.161295588746093,25.19846766890056,4.558496018873488,4.558496018873488,11.720270232031693,55.04243853820598,28.7734873219868,30.008646984241985,0.0138800296778179,0.0396849527971171,1.0395163668534355,0.2998213830058688,8.822923588039867,1.402607732295543,7.375757575757576,2.5820627802690583,0.0043846805300201,0.3158984981874676,0.0,0.0603423882286361,0.3766266904822659,0.0411601250434178,0.0167657045840407,0.5589622641509434,0.0030418788907753,28.762977389117346,0.0300156566038384,0.0292748745470808,-38.56457345971564,1417300000.0,-933300000.0,-2591800000.0,6219500000.0,2543600000.0,1118200000.0,1428100000.0,164.49702886247877,127.86331205407436,158.3589936162223,0.5471223439253783,0.7038766519823788,0.5683289464323824,0.0632720600281791,0.1872037914691943,2022-02-08,2.02,amc,1367582585.0,2025-04-25,2021-12-31,0.0693069306930693,100.5734375,879853.53125
2021-09-30,FMC,USD,37785,2021-11-03,2021-11-03 14:13:38,2021,Q3,1194000000.0,681200000.0,512800000.0,0.429480737,79500000,0.0,0.0,183500000.0,-5100000.0,263000000.0,944200000.0,0.0,33100000.0,47100000.0,258000000.0,0.216080402,199700000.0,0.1672529313,-20900000.0,178800000.0,0.1497487437,8700000.0,157900000.0,0.1322445561,1.24,1.24,128313000,128991000,https://www.sec.gov/Archives/edgar/data/37785/000003778521000081/0000037785-21-000081-index.htm,https://www.sec.gov/Archives/edgar/data/37785/000003778521000081/fmc-20210930.htm,9.305370461293869,1.2305845861292308,2.4635072050376814,2.233600648414424,2.691075728881719,23.82455402024737,-7.4310475166195165,23.82455402024737,26.706569092765346,11748338280.0,14801038280.0,18.600915579480684,9.839479296482413,37.16652413793104,40.992108443824144,3.843093974484789,3.843093974484789,12.3961794639866,57.36836542635659,46.82391104080987,51.64353900907188,0.0134401986252646,0.0243949393666931,1.1101406607785411,0.3259975792972277,11.83217054263566,1.3794491772668922,6.033232628398792,1.858318636096414,0.0052688302400499,0.3920202659911336,0.0,0.0665829145728643,0.3852471614378206,0.0933248971844353,0.0247068676716917,0.6797235023041475,0.0031825795644891,25.683806208313268,0.0245310350039092,0.0246730315483538,-34.330309477605546,1300600000.0,-953500000.0,-2625000000.0,6093300000.0,2565400000.0,1129700000.0,1424300000.0,188.70603015075372,145.5167351732237,191.6397533763946,0.4769322947872977,0.6184855638278555,0.4696311616683902,0.0516519463526333,0.2299065566232571,2021-11-02,1.32,amc,1175710000.0,2025-04-25,2021-09-30,0.0833333333333332,98.6965625,1082819.28125
2021-06-30,FMC,USD,37785,2021-08-04,2021-08-04 15:57:40,2021,Q2,1242000000.0,710200000.0,531800000.0,0.4281803543,65900000,0.0,0.0,161000000.0,-4800000.0,226900000.0,937100000.0,0.0,32600000.0,46200000.0,328100000.0,0.2641706924,268900000.0,0.2165056361,-17700000.0,251200000.0,0.2022544283,33400000.0,202900000.0,0.1633655395,1.57,1.56,129090000,129891000,https://www.sec.gov/Archives/edgar/data/37785/000003778521000067/0000037785-21-000067-index.htm,https://www.sec.gov/Archives/edgar/data/37785/000003778521000067/fmc-20210630.htm,9.621194515454334,1.571771632194593,1.790998528158649,1.62134944612286,5.669687814702921,24.278410411340925,-7.020683244248199,24.278410411340925,29.817956464482144,13967538000.0,17055638000.0,17.209879250862492,11.246004830917874,60.41322664359862,66.73453416149069,4.456634440509237,4.456634440509237,13.732397745571658,51.98304785126486,73.77006055363321,81.48895365504062,0.014526540038767,0.0149847453430948,1.217765865798794,0.3487995905721936,9.41206949100884,1.3529350514122087,8.248466257668712,1.061524334251607,0.0044388638856754,0.3055692459339576,0.0,0.0530595813204508,0.3692527028632529,0.0947231833910034,0.0176328502415458,0.5152941176470588,0.0034621578099838,29.30192190087161,0.0281360514135355,0.0293985539794543,-34.1356805329615,1355800000.0,-906300000.0,-2610700000.0,6172900000.0,2580050000.0,1116200000.0,1326400000.0,190.3840579710145,146.74739509997184,177.17403548296255,0.4727286567959502,0.6132987910189983,0.5079751090766039,0.0647394786382055,0.169649082035789,2021-08-03,1.78,amc,1242000000.0,2025-04-25,2021-06-30,0.0168539325842696,115.76349206349208,749447.1111111111
2021-03-31,FMC,USD,37785,2021-05-06,2021-05-06 14:07:21,2021,Q1,1195600000.0,683200000.0,512400000.0,0.4285714286,74000000,0.0,0.0,174500000.0,-4800000.0,248500000.0,931700000.0,0.0,32400000.0,38500000.0,294200000.0,0.2460689194,247200000.0,0.2067581131,-23700000.0,223500000.0,0.1869354299,32200000.0,182600000.0,0.1527266644,1.41,1.4,129484000,130320000,https://www.sec.gov/Archives/edgar/data/37785/000003778521000043/0000037785-21-000043-index.htm,https://www.sec.gov/Archives/edgar/data/37785/000003778521000043/fmc-20210331.htm,9.233573260016682,1.4102128448302491,-2.340057458836613,-2.5331315065954096,3.279169627135399,23.41061443884959,-7.866609001884402,23.41061443884959,28.09768002224213,14322225240.0,17511325240.0,19.608742113910186,11.979111107393775,-47.268070099009904,-43.665320853658535,4.724779876620592,4.724779876620592,14.646474774171963,59.52183970088375,-57.79315260726072,-53.38818670731708,0.0127494154672294,-0.0229014691853847,1.189522647049121,0.34593650763194,10.83990482664854,1.3807579657406586,7.62962962962963,-1.5838996340825928,0.0043498827141752,0.3411829134720701,0.0,0.0618936099029775,0.3885429758329896,-0.0825082508250825,0.0209100033456005,0.5868544600938967,0.0045165607226497,27.25461165946544,0.0263901296342677,0.0286503279254401,-34.293426214821906,1287000000.0,-1018600000.0,-2724900000.0,6101100000.0,2431550000.0,1010550000.0,1175150000.0,190.6590833054533,141.53395784543326,165.28542154566745,0.4720467466835123,0.6358897989575577,0.5445126325017933,0.060238181638241,0.1930740477587964,2021-05-05,1.51,amc,1200960000.0,2025-04-25,2021-03-31,0.0132450331125827,110.8195081967213,977414.0163934426
2020-12-31,FMC,USD,37785,2021-02-25,2021-02-25 17:03:01,2020,Q4,1152200000.0,650800000.0,501400000.0,0.4351675056,84600000,0.0,0.0,181600000.0,-5200000.0,266200000.0,917000000.0,0.0,34200000.0,42000000.0,183800000.0,0.1595209165,152400000.0,0.1322687034,-44900000.0,107500000.0,0.0932997743,68600000.0,49500000.0,0.0429612914,0.38,0.38,129800000,130700000,https://www.sec.gov/Archives/edgar/data/37785/000003778521000024/0000037785-21-000024-index.htm,https://www.sec.gov/Archives/edgar/data/37785/000003778521000024/fmc-20201231.htm,8.87673343605547,0.3813559322033898,3.086286594761171,2.8397534668721107,4.3836671802773495,22.99075500770416,-8.55084745762712,22.99075500770416,25.439137134052388,14917914000.0,17616814000.0,75.343,12.947330324596424,37.23892661008488,40.47182311448725,4.998965887004893,4.998965887004893,15.28971879881965,95.8477366702938,43.97607089365951,47.79385241454151,0.003318158289423,0.0247085483935622,1.0950338449165606,0.3208002827299144,14.683895538628944,1.5466949452103216,4.456140350877193,10.298200514138818,0.0038343162455555,1.1555555555555554,0.0,0.0734247526471098,0.4019182439330872,0.0798801797304044,0.0277729560840131,0.7619047619047619,0.003211248047214,14.045368210926776,0.0071422603556034,0.0081250102588513,-33.41814329738059,1546600000.0,-1109900000.0,-2826600000.0,6412400000.0,2234100000.0,851950000.0,1125550000.0,182.02308626974485,130.920405654579,151.5119852489244,0.4944427756082907,0.6874405830780607,0.5940124132895217,0.0165873600965082,0.2465331278890601,2021-02-09,1.38,amc,1264410000.0,2025-04-25,2020-12-31,0.0289855072463768,111.32203125,603105.171875
2020-09-30,FMC,USD,37785,2020-11-03,2020-11-03 12:46:13,2020,Q3,1084600000.0,618200000.0,466400000.0,0.430020284,71700000,0.0,0.0,187700000.0,-11600000.0,259400000.0,877600000.0,0.0,35500000.0,41500000.0,225900000.0,0.2082795501,165300000.0,0.1524064171,-16400000.0,148900000.0,0.1372856353,18400000.0,111400000.0,0.1027106767,0.86,0.85,129888000,130799000,https://www.sec.gov/Archives/edgar/data/37785/000003778520000122/0000037785-20-000122-index.htm,https://www.sec.gov/Archives/edgar/data/37785/000003778520000122/fmc-20200930.htm,8.350271002710027,0.8576619857107662,2.624568859324957,2.5321815718157183,2.2873552599162355,22.853535353535356,-8.51810790835181,22.853535353535356,25.08237866469574,13756438080.0,16681738080.0,30.871719210053858,12.683420689655172,40.35329445585215,41.82559464882943,4.634293922651934,4.634293922651934,15.380544053107135,73.8456754316069,48.93440328542094,50.719787412587415,0.0080980264914622,0.0239088053235361,1.085567982751651,0.3297517447452979,12.94953519256308,1.6953933201030276,4.656338028169014,2.612260536398467,0.0041580530997454,0.5134649910233393,0.0,0.0661073206712151,0.4169787765293383,0.0352009386916984,0.0110639867232159,0.2891566265060241,0.0035957956850451,21.000325985947157,0.0190673078401919,0.0195527784603503,-33.30196015028332,1646900000.0,-1106400000.0,-2788600000.0,6460900000.0,2240150000.0,799700000.0,1147000000.0,177.40272911672506,110.23616952442576,168.22225816887735,0.5073202675522709,0.8164289487585843,0.5350064906966681,0.0375286349548578,0.0923872875092387,2020-11-02,1.11,amc,986262295.0,2025-04-25,2020-09-30,0.0990990990990989,107.01265625,629219.546875
2020-06-30,FMC,USD,37785,2020-08-05,2020-08-05 13:30:01,2020,Q2,1155300000.0,632600000.0,522700000.0,0.4524365966,64300000,0.0,0.0,171000000.0,-2200000.0,235300000.0,867900000.0,0.0,40700000.0,40100000.0,305800000.0,0.2646931533,254300000.0,0.2201159872,-29300000.0,225000000.0,0.1947546092,29200000.0,184400000.0,0.1596122219,1.42,1.41,129725000,130558000,https://www.sec.gov/Archives/edgar/data/37785/000003778520000105/0000037785-20-000105-index.htm,https://www.sec.gov/Archives/edgar/data/37785/000003778520000105/fmc-20200630.htm,8.905762189246483,1.4214684910387358,1.80844093274234,1.7490846020427828,2.641742146849104,21.976488726151477,-9.355945268837926,21.976488726151477,27.55135864328387,12923204500.0,16113904500.0,17.520613476138827,11.186016186271964,55.0861231884058,56.95550683120317,4.533026237328564,4.533026237328564,13.947809659828616,52.69425931981687,68.6867199488491,71.01764874394006,0.0142689067560603,0.0175575647665406,1.2393980848153214,0.3535627445290533,10.43394375408764,1.5983450743598344,6.2481572481572485,1.198161389172625,0.0044184087623158,0.3096529284164859,0.0,0.0556565394269886,0.4067162312256722,0.0328218243819266,0.0066649355145849,0.1920199501246882,0.0033757465593352,26.51178871799444,0.0283108615030781,0.0311008416117117,-34.488726151474275,1605300000.0,-1213700000.0,-2854600000.0,6403700000.0,2401250000.0,840300000.0,1100600000.0,182.4772786289276,119.81979133733796,161.9743914005691,0.4932120901639344,0.7511279981002137,0.5556433904259991,0.0646813287032165,0.0593563306995567,2020-08-04,1.66,amc,1114998837.0,2025-04-25,2020-06-30,0.036144578313253,92.2731746031746,855299.0476190476
2020-03-31,FMC,USD,37785,2020-05-06,2020-05-06 13:25:18,2020,Q1,1250000000.0,688500000.0,561500000.0,0.4492,67300000,0.0,0.0,189400000.0,-2200000.0,256700000.0,945200000.0,0.0,40800000.0,39100000.0,328300000.0,0.26264,281700000.0,0.22536,-33300000.0,248400000.0,0.19872,34700000.0,206200000.0,0.16496,1.59,1.58,129527000,130466000,https://www.sec.gov/Archives/edgar/data/37785/000003778520000079/0000037785-20-000079-index.htm,https://www.sec.gov/Archives/edgar/data/37785/000003778520000079/fmc-20200331.htm,9.650497579655209,1.591946080739923,-2.5346066843206434,-2.654272854308368,3.367637635396481,20.865919846827303,-10.566136790012893,20.865919846827303,29.51353771800474,10581060630.0,13926860630.0,12.828638009214352,8.464848504,-32.229852665245204,-30.776790663176264,3.914996348096348,3.914996348096348,11.141488504,42.42114112092598,-42.42114112092598,-40.50861148923793,0.0194876494153497,-0.032492016823459,1.3993413993413997,0.3711773250107957,10.19128845568078,1.8204762874007736,6.904411764705882,-1.5362657931679926,0.005386983592022,0.2764306498545101,0.0,0.05384,0.3995701330820869,-0.0472129150167529,0.0124,0.3964194373401534,0.00592,27.338469868059136,0.0303584146620648,0.0337043756844668,-36.08417550008878,2015500000.0,-1368600000.0,-3014500000.0,6822500000.0,2345650000.0,869250000.0,1039850000.0,177.12720000000002,109.59477124183006,138.91503267973857,0.5081094264460795,0.8212070610687023,0.6478780464853675,0.0762940762940763,0.1196661699877245,2020-05-05,1.78,amc,1209239130.0,2025-04-25,2020-03-31,0.0337078651685393,92.83451612903224,1118254.258064516
2019-12-31,FMC,USD,37785,2020-02-28,2020-02-28 14:19:04,2019,Q4,1197300000.0,641300000.0,556000000.0,0.4643781842,76400000,223800000.0,0.0,223800000.0,-2600000.0,300200000.0,941500000.0,0.0,42900000.0,39000000.0,150400000.0,0.1256159693,77500000.0,0.0647289735,-10900000.0,66600000.0,0.0556251566,35900000.0,-3200000.0,-0.0026726802,-0.0247,-0.0244,129700000,130900000,https://www.sec.gov/Archives/edgar/data/37785/000003778520000035/0000037785-20-000035-index.htm,https://www.sec.gov/Archives/edgar/data/37785/000003778520000035/fmc-20191231.htm,9.23130300693909,-0.0246723207401696,3.5381649961449497,3.252120277563608,2.6144949884348496,19.748650732459524,-11.835774865073246,19.748650732459524,25.45643793369313,12946654000.0,15866354000.0,-1011.45734375,10.813208051449092,28.212364349531487,30.693821716453296,5.054522526743186,5.054522526743186,13.25177816754364,105.494375,34.57475266942689,37.61582266477003,-0.0002471681099996,0.0325798464993348,1.272272975716405,0.3300819431361228,19.41289893617021,1.495943316568156,1.8065268065268063,14.947882736156352,0.004016481787495,-16.25,0.1869205712853921,0.0638102397060051,0.4149320854477498,0.0808455001089562,0.0309863860352459,0.9512820512820512,0.0053453603942203,,0.0048224182605932,-0.0005539974377618,-36.9336931380108,1350900000.0,-1535100000.0,-3236500000.0,6205400000.0,2116150000.0,783550000.0,1092200000.0,167.7173640691556,126.31997505067832,142.72571339466708,0.5366170670491216,0.7124763915120542,0.6305801376597837,-0.0012493167798859,0.2860447185813415,2020-02-05,1.53,amc,1047637500.0,2025-04-25,2019-12-31,0.1503267973856209,92.98890625,864645.25
2019-09-30,FMC,USD,37785,2019-10-30,2019-10-30 13:30:24,2019,Q3,1014300000.0,581900000.0,432400000.0,0.4263038549,77400000,188300000.0,0.0,188300000.0,-3000000.0,265700000.0,847600000.0,0.0,41600000.0,36600000.0,197700000.0,0.1949127477,140700000.0,0.1387163561,-43100000.0,119500000.0,0.117815242,8700000.0,90400000.0,0.0891255053,0.69,0.69,130390000,131600000,https://www.sec.gov/Archives/edgar/data/37785/000003778519000116/0000037785-19-000116-index.htm,https://www.sec.gov/Archives/edgar/data/37785/000003778519000116/fmc-20190930.htm,7.778970779967789,0.693304701280773,1.956438377176164,1.793082291586778,3.218805123092262,20.548354935194418,-10.885804126083288,20.31750901142725,27.821151928828897,11432595200.0,14598895200.0,31.616690265486728,11.271413980084787,44.81613171305371,48.899038494439694,4.315489657255021,4.315489657255021,14.393074238391009,73.84367830045524,57.22812700901607,62.44181009409752,0.007907216027381,0.0204502998584258,1.3536161860184206,0.3657765356290418,16.015680323722812,1.6171326591314694,3.3822115384615383,2.302346570397112,0.0045746393609737,0.5785398230088495,0.1856452726017943,0.0763087843833185,0.4180725841000428,0.0834966679733437,0.0209997042295178,0.5819672131147541,0.0062111801242236,17.802810216608563,0.0166485750249054,0.0158454715955899,-35.4342741007746,1556100000.0,-1419400000.0,-3046900000.0,6383200000.0,2192550000.0,726350000.0,1160400000.0,177.55989352262645,103.16205533596838,180.556796700464,0.5068712208285443,0.8724137931034482,0.4984581120438581,0.0341235089838441,0.1633560855893857,2019-10-29,0.8,amc,874024468.0,2025-04-25,2019-09-30,0.1749999999999998,85.8353125,887370.03125
2019-06-30,FMC,USD,37785,2019-07-31,2019-07-31 14:08:15,2019,Q2,1206100000.0,655600000.0,550500000.0,0.4564298151,73100000,196900000.0,0.0,196900000.0,-3300000.0,270000000.0,925600000.0,0.0,39500000.0,37200000.0,301700000.0,0.2501450958,244600000.0,0.202802421,-19600000.0,225000000.0,0.1865516955,30600000.0,174500000.0,0.1446812039,1.32,1.32,131100000,132300000,https://www.sec.gov/Archives/edgar/data/37785/000003778519000092/0000037785-19-000092-index.htm,https://www.sec.gov/Archives/edgar/data/37785/000003778519000092/fmc06301910q.htm,9.199847444698705,1.3310450038138826,0.3943554538520213,0.2692601067887109,0.6361556064073226,21.318840579710145,-10.281464530892448,21.318840579710145,25.00381388253242,11147433000.0,14302533000.0,15.970534383954154,9.24254456512727,215.6176595744681,315.79130311614733,3.988490822569681,3.988490822569681,11.858496807893207,47.40647331786543,276.6447388781432,405.1709065155807,0.0156538281055378,0.003166648321636,1.158717664317149,0.3296350959336353,10.45773947630096,1.2683817838457014,6.192405063291139,0.2659465020576131,0.0047365164697558,0.3025787965616046,0.1632534615703507,0.0606085730868087,0.4216804926459361,0.3172147001934235,0.0135975458088052,0.4408602150537634,0.0056380067987729,25.26791573154336,0.0274867205993288,0.0307126388228875,-34.946605644546146,866900000.0,-1347900000.0,-2932600000.0,5740000000.0,2457100000.0,835100000.0,1145250000.0,177.8956968742227,107.85997559487492,158.33740085417938,0.5059144295302014,0.8344151711849306,0.5684064504941911,0.062435149737021,0.1250953470633104,2019-07-30,1.65,amc,1198834337.0,2025-04-25,2019-06-30,0.006060606060606,78.46380952380953,1171374.142857143
2019-03-31,FMC,USD,37785,2019-05-08,2019-05-08 09:10:32,2019,Q1,1192100000.0,647400000.0,544700000.0,0.4569247546,71200000,183900000.0,0.0,183900000.0,-3400000.0,255100000.0,902500000.0,0.0,34500000.0,37300000.0,315700000.0,0.2648267763,286500000.0,0.2403321869,-43100000.0,243900000.0,0.2045969298,36300000.0,215700000.0,0.1809411962,1.63,1.62,131900000,133200000,https://www.sec.gov/Archives/edgar/data/37785/000003778519000071/0000037785-19-000071-index.htm,https://www.sec.gov/Archives/edgar/data/37785/000003778519000071/fmc03311910q.htm,9.037907505686126,1.6353297952994692,-2.1015921152388173,-2.246398786959818,0.8309325246398787,21.166034874905232,-10.30174374526156,21.166034874905232,24.058377558756632,10412186000.0,13441486000.0,12.067902178952249,8.734322623940944,-37.56199855699855,-35.14068849139386,3.729560140411204,3.729560140411204,11.275468500964683,42.57676908457396,-48.49020923520924,-45.36444819439757,0.0207161109108116,-0.0284570406252827,1.1242925711010818,0.3155841544339433,9.595502058916692,1.2596176893576223,8.304347826086957,-1.3352601156069364,0.0051093977767973,0.2466388502549837,0.1542655817464977,0.0597265330089757,0.4173134928614518,-0.0689033189033189,0.0160221457931381,0.5120643431635389,0.0051170203841959,27.907034387118323,0.0320775273733637,0.0372191738275183,-34.71114480667172,866500000.0,-1358800000.0,-2950100000.0,5750900000.0,2518950000.0,840000000.0,1117200000.0,191.0225652210385,122.9610750695088,158.0769230769231,0.4711485258082365,0.7319389485585076,0.5693430656934306,0.0772619815173006,0.1448066717210007,2019-05-06,1.62,amc,1122791860.0,2025-04-25,2019-03-31,0.0617283950617283,73.33475409836066,1102685.0819672132
2018-12-31,FMC,USD,37785,2019-02-28,2019-02-28 15:53:53,2018,Q4,1099400000.0,607700000.0,491700000.0,0.4472439512,76800000,231800000.0,-29200000.0,202600000.0,-84300000.0,279400000.0,887100000.0,0.0,31400000.0,43500000.0,255900000.0,0.2327633255,53600000.0,0.0487538657,-48300000.0,146100000.0,0.1328906676,-10600000.0,32400000.0,0.0294706203,0.24,0.24,133700000,135100000,https://www.sec.gov/Archives/edgar/data/37785/000003778519000039/0000037785-19-000039-index.htm,https://www.sec.gov/Archives/edgar/data/37785/000003778519000039/fmc201810k.htm,8.222887060583396,0.2423335826477188,-0.3410620792819746,-0.8496634255796559,1.4270755422587884,24.011967090501123,-7.667913238593867,23.34405385190725,20.758414360508603,8568833000.0,11151133000.0,66.11753858024692,7.794099508822995,-187.9130043859649,-75.42986795774648,2.7454528852007307,2.7454528852007307,10.142926141531744,43.57613520906604,-244.5423903508772,-98.16138204225352,0.0037811449937231,-0.0132573478792269,0.8791772131620262,0.2751070250543898,10.091051191871824,1.3463619963920626,1.7070063694267517,-0.2623705408515535,0.0026024547333341,0.6882716049382716,0.2108422776059668,0.069856285246498,0.4246513539797279,-1.4912280701754386,0.0618519192286701,1.5632183908045978,0.0051846461706385,11.282002684706036,0.0076360602579553,0.0056458779863035,-30.99233358264772,1036800000.0,-1025200000.0,-2733700000.0,6305000000.0,2204800000.0,789850000.0,1046350000.0,205.28742950700385,117.81306565739676,162.5094619055455,0.4384096981297603,0.7639220615964802,0.5538139068622984,0.0103809554323796,0.5086013462976814,2019-02-11,1.65,amc,956282840.0,2025-04-25,2018-12-31,0.0242424242424242,70.0547619047619,1424682.8412698412
2018-09-30,FMC,USD,37785,2018-11-06,2018-11-06 16:12:40,2018,Q3,1035600000.0,589400000.0,446200000.0,0.4308613364,70900000,207600000.0,0.0,207600000.0,1200000.0,278500000.0,867900000.0,0.0,33400000.0,42400000.0,-1200000.0,-0.0011587486,136300000.0,0.131614523,-20900000.0,109600000.0,0.1058323677,30100000.0,72800000.0,0.0702974121,0.54,0.54,134900000,136400000,https://www.sec.gov/Archives/edgar/data/37785/000003778518000076/0000037785-18-000076-index.htm,https://www.sec.gov/Archives/edgar/data/37785/000003778518000076/fmc09301810q.htm,7.676797627872499,0.5396590066716086,1.6352853965900669,1.3736100815418828,1.312824314306894,22.81912527798369,-8.361749444032617,22.81912527798369,20.57894736842105,10256447000.0,12822647000.0,35.22131524725275,9.903869254538431,46.49341341795105,55.35049649217485,3.331854270214079,3.331854270214079,12.38185303205871,-10685.539166666667,58.126233000906616,69.19939017808959,0.007097974571506,0.0180666852761,0.8909787869928207,0.2915625764066802,-2138.5,1.5369579572969403,4.080838323353293,2.7748427672955973,0.0021742422107772,0.3063186813186813,0.2004634994206257,0.0684627269215913,0.4471504959125748,0.1600181323662738,0.0340865198918501,0.8325471698113207,0.0051178061027423,16.645638942804588,0.0135717170719233,0.0139983848017536,-31.33710155670867,1219700000.0,-1128000000.0,-2837400000.0,6428700000.0,2048000000.0,865700000.0,977050000.0,165.28679026651218,119.7455039022735,151.99524940617576,0.5445081234554918,0.7515939811272635,0.5921237693389592,0.0236494168859435,0.2616753150481838,2018-11-05,0.92,amc,867053061.0,2025-04-25,2018-09-30,0.0652173913043477,75.26380952380953,1128026.5555555555
2018-06-30,FMC,USD,37785,2018-08-02,2018-08-02 16:27:45,2018,Q2,1262300000.0,718200000.0,544100000.0,0.4310385804,77000000,211400000.0,0.0,211400000.0,-200000.0,288400000.0,1006600000.0,0.0,34400000.0,43200000.0,255500000.0,0.2024083023,165700000.0,0.1312683197,-74100000.0,140100000.0,0.1109878793,1600000.0,129700000.0,0.1027489503,0.96,0.96,134800000,136200000,https://www.sec.gov/Archives/edgar/data/37785/000003778518000053/0000037785-18-000053-index.htm,https://www.sec.gov/Archives/edgar/data/37785/000003778518000053/fmc06301810q.htm,9.364243323442135,0.962166172106825,2.016320474777448,1.801186943620178,2.421364985163205,22.44584569732938,-7.03486646884273,22.44584569732938,23.01038575667656,10421388000.0,13162388000.0,20.087486507324595,8.255872613483325,38.34211920529802,42.92169686985173,3.444289916382985,3.444289916382985,10.427305711795928,51.516195694716245,48.42674025018396,54.210823723229,0.0124455590752402,0.0232982401192624,1.0137819347588988,0.3156345825358606,10.7279843444227,1.6309275824041172,4.816860465116279,1.9624548736462093,0.0021398301262749,0.171935235158057,0.1674720747841242,0.0609997623385882,0.4089234631927723,0.1066961000735835,0.0229739364651826,0.6712962962962963,0.0045155668224669,22.043689624737205,0.0220041423622932,0.0225792973782249,-31.462722551928785,1544700000.0,-948300000.0,-2699500000.0,6533000000.0,2296900000.0,930650000.0,996950000.0,156.4358710290739,118.69674185463658,120.13784461152882,0.5753156191604758,0.7582347972972973,0.7491394596849901,0.0428661136265988,0.21513353115727,2018-08-01,1.71,amc,1115487640.0,2025-04-25,2018-06-30,0.0409356725146199,74.1503125,1600011.78125
2018-03-31,FMC,USD,37785,2018-05-03,2018-05-03 15:44:53,2018,Q1,1210700000.0,656000000.0,554700000.0,0.4581646981,65900000,200400000.0,0.0,200400000.0,-500000.0,266300000.0,922300000.0,0.0,33900000.0,39100000.0,288000000.0,0.237878913,369800000.0,0.3054431321,37200000.0,331800000.0,0.274056331,68700000.0,267200000.0,0.2206987693,1.98,1.96,134600000,136200000,https://www.sec.gov/Archives/edgar/data/37785/000003778518000040/0000037785-18-000040-index.htm,https://www.sec.gov/Archives/edgar/data/37785/000003778518000040/fmc03311810q.htm,8.99479940564636,1.9851411589895989,-0.5824665676077266,-0.763001485884101,2.6723625557206536,22.397473997028232,-7.676820208023774,22.397473997028232,24.933135215453195,8930710000.0,11893110000.0,8.355828967065868,7.37648467828529,-113.91211734693876,-86.95920155793574,2.9623876339270905,2.9623876339270905,9.82333360865615,41.295520833333335,-151.69783163265305,-115.80438169425511,0.0299192337451333,-0.0114996456048847,1.1019670282283478,0.3273295169029766,10.286111111111111,1.6141474311243484,10.908554572271386,-0.2979855568225009,0.0024970019181005,0.0834580838323353,0.1655240769802593,0.0544313207235483,0.3988531002749012,-0.3099489795918367,0.0200710332865284,0.6214833759590793,0.0052036012224333,31.629073943134195,0.0376324444601223,0.0437953811607742,-33.11534175334324,1649600000.0,-1033300000.0,-2798800000.0,6728000000.0,2221600000.0,814150000.0,1013850000.0,178.38688362104568,125.41006097560977,142.02439024390245,0.5045213985081468,0.7176457717973963,0.633693972179289,0.0886323680631571,0.1805349182763744,2018-05-02,1.6,amc,969412500.0,2025-04-25,2018-03-31,0.15,74.49393442622952,1740640.8852459015
2017-12-31,FMC,USD,37785,2018-02-28,2018-02-28 15:21:58,2017,Q4,979600000.0,594800000.0,384800000.0,0.3928133932,51100000,0.0,0.0,231600000.0,500000.0,282700000.0,877500000.0,0.0,27800000.0,41800000.0,85600000.0,0.0873826051,821800000.0,0.8389138424,-78700000.0,15100000.0,0.0154144549,263000000.0,530100000.0,0.5411392405,3.94,3.94,134319933,134500000,https://www.sec.gov/Archives/edgar/data/37785/000003778518000019/0000037785-18-000019-index.htm,https://www.sec.gov/Archives/edgar/data/37785/000003778518000019/fmc201710k.htm,7.293035204238823,3.9465475314077176,0.1191185823477145,-0.2412151292541219,2.106909925275201,20.154119642093622,-8.365102445368255,20.154119642093622,23.92347828225912,11018264103.99,13920864103.99,5.196313952079796,11.24771754184361,688.641506499375,-340.0698797527777,4.0701356078423405,4.0701356078423405,14.210763683125766,162.62691710268692,870.054006499375,-429.6562995058642,0.0481110268366173,-0.0029405720986727,1.176757415684681,0.3460239184037018,33.9088785046729,1.6532542771793246,29.56115107913669,-0.0645421540943929,0.0020148364379794,0.0418788907753254,0.0,0.0521641486320947,0.4160954998207749,3.025,0.0494079216006533,1.1578947368421053,0.0048999591670069,42.30403999888201,-1.8765797619689124,0.0986122479351142,-31.17426361432149,1443300000.0,-1123600000.0,-2846500000.0,6299200000.0,1750550000.0,575950000.0,803650000.0,187.74499795835035,108.0665770006725,150.17652992602555,0.4793736236848544,0.8328199383926072,0.599294710327456,0.1958184034575745,0.3603337116018364,2018-02-12,1.03,amc,935072727.0,2025-04-25,2017-12-31,0.0679611650485437,80.30746031746031,1192470.7936507936
2017-09-29,FMC,USD,37785,2017-11-07,2017-11-07 15:33:13,2017,Q3,646200000.0,380300000.0,265900000.0,0.4114825132,30200000,0.0,0.0,150900000.0,-2700000.0,181100000.0,561400000.0,0.0,18400000.0,25100000.0,102800000.0,0.159083875,63700000.0,0.0985762922,-21900000.0,59300000.0,0.0917672547,-11600000.0,55200000.0,0.0854224698,0.41,0.41,134400000,135900000,https://www.sec.gov/Archives/edgar/data/37785/000003778517000067/0000037785-17-000067-index.htm,https://www.sec.gov/Archives/edgar/data/37785/000003778517000067/fmc09301710q.htm,4.808035714285714,0.4107142857142857,0.4419642857142857,0.3199404761904761,0.6979166666666666,15.886904761904765,12.164434523809524,15.886904761904765,12.838541666666666,10402560000.0,12015860000.0,47.11304347826088,16.098050139275767,175.12727272727275,241.92,4.871937055076808,4.871937055076808,18.594645620550917,116.88579766536964,202.28720538720532,279.4386046511628,0.0053063861203396,0.0041335978835978,0.7995035593855376,0.2818485008585392,15.693579766536963,2.191953882006623,3.4619565217391304,0.8377997179125529,0.0021437030884705,0.4039855072463768,0.0,0.0467347570411637,0.0826013736626601,0.2760942760942761,0.0253791395852677,0.6533864541832669,0.0078922934076137,12.116601078011668,0.0164125308729999,0.0099343111671015,-18.05952380952381,1943600000.0,1634900000.0,-347400000.0,2990900000.0,1449950000.0,435600000.0,580550000.0,203.008356545961,103.5840126216145,145.4956613200105,0.4433315038419319,0.868859949737263,0.6185751463890696,0.0258523791682278,0.1220238095238095,2017-11-06,0.63,amc,581580000.0,2025-04-25,2017-09-29,0.111111111111111,71.76365079365078,1251688.4603174604
2017-06-30,FMC,USD,37785,2017-08-02,2017-08-02 16:21:02,2017,Q2,656800000.0,422400000.0,234400000.0,0.3568818514,32000000,0.0,0.0,126400000.0,-900000.0,158400000.0,580800000.0,0.0,17200000.0,22500000.0,91700000.0,0.1396163216,55500000.0,0.084500609,-19900000.0,52000000.0,0.0791717418,3300000.0,74700000.0,0.1137332521,0.56,0.56,134200000,135600000,https://www.sec.gov/Archives/edgar/data/37785/000003778517000048/0000037785-17-000048-index.htm,https://www.sec.gov/Archives/edgar/data/37785/000003778517000048/fmc06301710q.htm,4.894187779433681,0.5566318926974665,2.1982116244411327,2.107302533532042,0.8435171385991058,15.102086438152012,11.368852459016392,15.102086438152012,13.427719821162444,8494860000.0,10166460000.0,28.429919678714857,12.933708891595614,28.79613559322033,30.038401697312587,4.191473824443676,4.191473824443676,15.478775883069428,110.86652126499456,34.46257627118644,35.9492927864215,0.0087935528072269,0.0332907193291001,0.8806434104702225,0.2982470798589643,18.229007633587788,2.260717296841559,3.226744186046512,6.057494866529774,0.0026133450109831,0.2971887550200803,0.0,0.0487210718635809,0.0837190648864528,0.0413559322033898,0.0185749086479902,0.5422222222222223,0.0074604141291108,13.752883935719051,0.0112144565395983,0.0136231831196542,-18.55085692995529,1943900000.0,1525700000.0,-471800000.0,2983200000.0,1536450000.0,412200000.0,536350000.0,197.6355054811206,92.36505681818184,116.39914772727272,0.4553837620467309,0.97439446366782,0.7732015376166941,0.036857946415355,0.0909090909090909,2017-08-01,0.47,amc,643116666.0,2025-04-25,2017-06-30,0.0212765957446808,64.32333333333334,1729999.4444444445
2017-03-31,FMC,USD,37785,2017-05-03,2017-05-03 15:24:47,2017,Q1,596000000.0,379800000.0,216200000.0,0.3627516779,28200000,0.0,0.0,109700000.0,-6000000.0,137900000.0,517700000.0,0.0,15700000.0,23600000.0,93700000.0,0.1572147651,-99100000.0,-0.1662751678,-19300000.0,54400000.0,0.0912751678,9400000.0,-124200000.0,-0.2083892617,-0.93,-0.92,134000000,135100000,https://www.sec.gov/Archives/edgar/data/37785/000003778517000032/0000037785-17-000032-index.htm,https://www.sec.gov/Archives/edgar/data/37785/000003778517000032/fmc03311710q.htm,4.447761194029851,-0.926865671641791,-0.2604477611940298,-0.3253731343283582,0.7171641791044776,14.114925373134328,10.377611940298507,14.114925373134328,15.1,8081540000.0,9993140000.0,-16.26719001610306,13.559630872483222,-231.5627507163324,-185.3564220183486,4.272782066194353,4.272782066194353,16.767013422818792,106.65037353255067,-286.3363896848137,-229.2004587155963,-0.0153683580109731,-0.0053950113468472,1.0614888442423602,0.3326044099862498,20.40128068303095,2.3872917786136485,-6.312101910828026,-0.7755555555555556,0.0027346273111312,-0.177938808373591,0.0,0.0473154362416107,0.0829647300498649,-0.2492836676217765,0.0145973154362416,0.3686440677966102,0.0105704697986577,,-0.0172045212687156,-0.0224369975611959,-19.124253731343284,2065400000.0,1390600000.0,-590700000.0,3101300000.0,1794150000.0,354150000.0,614950000.0,246.23154362416108,92.6303317535545,124.739336492891,0.3655096283576597,0.9716039907904837,0.7215045592705167,-0.0656656444961404,0.0649253731343283,2017-05-02,0.56,amc,776186046.0,2025-04-25,2017-03-31,-0.2321428571428572,51.67370967741935,1619202.677419355
2016-12-31,FMC,USD,37785,2017-02-28,2017-02-28 15:06:20,2016,Q4,865600000.0,528000000.0,337600000.0,0.3900184843,38200000,156100000.0,0.0,156100000.0,-13900000.0,194300000.0,722300000.0,0.0,21600000.0,35600000.0,111400000.0,0.1286968577,56500000.0,0.0652726433,-2900000.0,53600000.0,0.061922366,18400000.0,15900000.0,0.0183687616,0.12,0.12,133900000,134800000,https://www.sec.gov/Archives/edgar/data/37785/000003778517000011/0000037785-17-000011-index.htm,https://www.sec.gov/Archives/edgar/data/37785/000003778517000011/fmc201610k.htm,6.46452576549664,0.1187453323375653,0.8215085884988798,0.6116504854368932,0.479462285287528,14.884241971620613,3.152352501867065,14.884241971620613,14.298730395817774,6562439000.0,8391239000.0,103.18300314465408,7.581375924214417,59.65853636363636,80.12746031746032,3.292744104365278,3.292744104365278,9.694130083179298,75.3253052064632,76.2839909090909,102.45713064713064,0.0024228796641004,0.0124801160056497,0.9498243853487204,0.3083413418467903,16.416517055655298,1.9810874704491723,2.615740740740741,3.125,0.003382888587612,1.3962264150943395,0.1803373382624769,0.0441312384473197,0.2558760770771912,0.2554545454545454,0.0324630314232902,0.7893258426966292,0.0053142329020332,6.306129624344765,0.0077376759768815,0.0034804307853953,-16.893764002987304,1411000000.0,422100000.0,-1297100000.0,3984000000.0,1780550000.0,344500000.0,760450000.0,203.55013863216263,54.10227272727273,119.91477272727272,0.4421515043162895,1.66351606805293,0.7505330490405118,0.0079779227295534,0.2098581030619865,2017-02-06,0.89,amc,696222727.0,2025-04-25,2016-12-31,-0.0112359550561797,45.625238095238096,1059642.492063492
2016-09-30,FMC,USD,37785,2016-11-03,2016-11-03 16:18:11,2016,Q3,807700000.0,528200000.0,279500000.0,0.3460443234,32200000,117800000.0,0.0,117800000.0,200000.0,150000000.0,678200000.0,0.0,20300000.0,34300000.0,129900000.0,0.1608270397,101100000.0,0.1251702365,12600000.0,95200000.0,0.1178655441,12600000.0,79700000.0,0.0986752507,0.59,0.59,134000000,134700000,https://www.sec.gov/Archives/edgar/data/37785/000003778516000111/0000037785-16-000111-index.htm,https://www.sec.gov/Archives/edgar/data/37785/000003778516000111/fmc930201610q.htm,6.027611940298508,0.594776119402985,1.2186567164179103,0.8641791044776119,0.9753731343283584,15.826119402985077,3.5291044776119405,15.826119402985077,14.901492537313432,5613260000.0,7459060000.0,17.607465495608533,6.94968428872106,34.37391304347826,48.47374784110536,2.6468901777714904,2.6468901777714904,9.234938714869385,57.42155504234026,45.67703612982241,64.413298791019,0.0141985227835518,0.020629723191158,0.9320035837223558,0.3182872234210441,14.209391839876828,2.142496943765281,4.980295566502463,1.976997578692494,0.0039371060667063,0.2772898368883312,0.1458462300359044,0.0398662869877429,0.2653547618280782,0.2908756889161053,0.058808963724155,1.3848396501457727,0.0054475671660269,14.55309081891556,0.017670343186628,0.017470407715914,-17.516044776119404,1495300000.0,472900000.0,-1285000000.0,4174100000.0,1615500000.0,406000000.0,849650000.0,178.66286987742976,63.31692540704279,139.27678909503976,0.5037420481476862,1.4214208826695371,0.6461952532419868,0.0375819304946479,0.3544776119402985,2016-11-02,0.59,amc,553719402.0,2025-04-25,2016-09-30,0.1355932203389832,41.164375,1169828.046875
2016-06-30,FMC,USD,37785,2016-08-03,2016-08-03 15:46:26,2016,Q2,810300000.0,509000000.0,301300000.0,0.371837591,35100000,129100000.0,0.0,129100000.0,-700000.0,164200000.0,673200000.0,0.0,20000000.0,33600000.0,107200000.0,0.1322966802,117200000.0,0.1446377885,-21800000.0,104800000.0,0.1293348143,32000000.0,65200000.0,0.0804640257,0.49,0.49,133900000,134600000,https://www.sec.gov/Archives/edgar/data/37785/000003778516000099/0000037785-16-000099-index.htm,https://www.sec.gov/Archives/edgar/data/37785/000003778516000099/fmc630201610q.htm,6.051530993278566,0.4869305451829723,0.9275578790141896,0.8274831964152353,0.6990291262135923,15.24943988050784,2.951456310679612,15.24943988050784,15.400298730395818,5373407000.0,7321907000.0,20.60355444785276,6.631379735900284,43.264146537842194,48.49645306859206,2.631572065233361,2.631572065233361,9.036044674811798,68.30137126865672,58.95255233494364,66.08219314079422,0.0121338286863436,0.0206200647001055,1.0000979479896177,0.3250612842634746,18.17630597014925,2.1409792482091428,5.86,1.706043956043956,0.0041314570066998,0.3404907975460122,0.1593237072689127,0.0433172898926323,0.2621215497755563,0.107890499194847,0.0165370850302357,0.3988095238095238,0.0061705541157595,12.925629836951448,0.0163438741810401,0.0140653651170316,-18.55899925317401,1545000000.0,395200000.0,-1341200000.0,4217600000.0,1698400000.0,478400000.0,868400000.0,180.7774898185857,77.87033398821218,155.93516699410608,0.4978495944949619,1.155767484105359,0.5771629436444041,0.0319310446153092,0.1000746825989544,2016-08-02,0.67,amc,606382608.0,2025-04-25,2016-06-30,0.0298507462686565,39.16375,1842190.71875
2016-03-31,FMC,USD,37785,2016-05-03,2016-05-03 16:55:12,2016,Q1,798800000.0,517400000.0,281400000.0,0.3522784176,36000000,126500000.0,0.0,126500000.0,1600000.0,162500000.0,679900000.0,0.0,20800000.0,33600000.0,87100000.0,0.1090385578,100000000.0,0.1251877817,-18700000.0,85700000.0,0.1072859289,30900000.0,48300000.0,0.0604656985,0.36,0.36,133800000,134300000,https://www.sec.gov/Archives/edgar/data/37785/000003778516000087/0000037785-16-000087-index.htm,https://www.sec.gov/Archives/edgar/data/37785/000003778516000087/fmc331201610q.htm,5.970104633781764,0.3609865470852018,0.749626307922272,0.437219730941704,0.4805680119581464,14.972346786248131,2.4872944693572494,14.972346786248131,15.853512705530642,4680324000.0,6716424000.0,24.22527950310559,5.859193790686029,46.66325024925224,80.00553846153846,2.336307093296061,2.336307093296061,8.40814221331998,77.11164179104478,66.96334995014955,114.81066666666666,0.0103197983729331,0.0124991346752917,1.0484700244596417,0.3286805207811717,23.37657864523536,2.0362433680148837,4.807692307692308,1.8302919708029195,0.0047218953217768,0.4575569358178054,0.1583625438157236,0.0450676014021031,0.2614077366049073,0.4167497507477567,0.0523284927391086,1.244047619047619,0.0077616424636955,11.027617819952024,0.0126539074792929,0.0102332676539757,-19.196188340807176,1503900000.0,332800000.0,-1431900000.0,4202200000.0,1810300000.0,460000000.0,827550000.0,199.33400100150223,89.82605334364128,148.70699652106688,0.4515035044087723,1.0019364833462432,0.6052169844426248,0.0241102181400688,0.312406576980568,2016-05-02,0.52,amc,554124137.0,2025-04-25,2016-03-31,0.1153846153846152,32.399836065573766,1501564.4098360655
2015-12-31,FMC,USD,37785,2016-02-26,2016-02-26 14:18:26,2015,Q4,899300000.0,600700000.0,298600000.0,0.332036028,40900000,147000000.0,0.0,147000000.0,-32100000.0,187900000.0,788600000.0,0.0,21200000.0,23500000.0,-30500000.0,-0.0339152674,-77800000.0,-0.0865117313,1300000.0,-76500000.0,-0.0850661626,103800000.0,-204100000.0,-0.2269542978,-1.53,-1.53,133606477,133700000,https://www.sec.gov/Archives/edgar/data/37785/000003778516000081/0000037785-16-000081-index.htm,https://www.sec.gov/Archives/edgar/data/37785/000003778516000081/fmc201510k.htm,6.730961104527889,-1.5276205509108665,-0.3532762861489117,-0.5112027615248024,0.5882948324428913,14.28299018766882,2.209473721846584,14.28299018766882,16.242476029062573,4530595635.07,6600895635.07,-5.5494801997427725,5.03791352726565,-95.9871956582627,-66.33375746808198,2.3741527197348424,2.3741527197348424,7.34003740138997,-216.4228077072131,-139.84948379385594,-96.64561691171302,-0.0450492642557023,-0.0150752804932115,1.1260808049048892,0.3396986989993518,-67.87868852459016,2.044932223216129,-3.669811320754717,0.2617859123682751,0.004877945811127,-0.10828025477707,0.1634604692538641,0.045479817635939,0.2549992886387707,-0.4470338983050847,0.0234626932058267,0.8978723404255319,0.0035583231402201,,-0.036781658021469,-0.0433075878458665,-19.088520686014345,1518600000.0,295200000.0,-1445700000.0,4148100000.0,1770500000.0,443900000.0,853150000.0,185.28410986322697,60.46945230564342,119.8901281837856,0.4857405206870476,1.488354806739346,0.750687328167958,-0.1069538332547293,0.1579264753758906,2016-02-10,0.63,amc,735790909.0,2025-04-25,2015-12-31,0.2222222222222222,34.20328125,1828417.140625
2015-09-30,FMC,USD,37785,2015-11-02,2015-11-02 15:40:40,2015,Q3,830700000.0,610400000.0,220300000.0,0.2651980258,37200000,137000000.0,0.0,137000000.0,26600000.0,174200000.0,784600000.0,0.0,20200000.0,38000000.0,38500000.0,0.0463464548,-7300000.0,-0.0087877694,-62900000.0,-19700000.0,-0.0237149392,-25100000.0,-2400000.0,-0.0028891296,-0.0179,-0.0179,133800000,134400000,https://www.sec.gov/Archives/edgar/data/37785/000003778515000077/0000037785-15-000077-index.htm,https://www.sec.gov/Archives/edgar/data/37785/000003778515000077/fmc930201510q.htm,6.208520179372197,-0.0179372197309417,-1.030642750373692,-1.196562032884903,1.298206278026906,16.103139013452914,4.285500747384155,16.103139013452914,16.36696562032885,3932382000.0,5928382000.0,-409.623125,4.733817262549657,-28.5161856417694,-24.5620362273579,1.8251099972152605,1.8251099972152605,7.136610087877694,153.98394805194806,-42.99044234952864,-37.02924422236102,-0.00061031710551,-0.0407132369134026,1.0070082613942264,0.3365441290522724,51.84415584415584,2.2254982817869418,-0.3613861386138614,-25.53703703703704,0.0056200033465721,-9.208333333333334,0.1649211508366438,0.0447815095702419,0.2452613618737397,-0.1609862218999274,0.0267244492596605,0.5842105263157895,0.0046948356807511,,0.000391343039276,-0.0004932385219285,-17.925635276532137,1783100000.0,573400000.0,-1054300000.0,4447100000.0,1777550000.0,531300000.0,973600000.0,183.0552546045504,71.39252948885976,133.59927916120577,0.4916548295454545,1.2606361007847997,0.6736563293234742,-0.0011138958507379,0.1659192825112107,2015-10-28,0.38,amc,751585714.0,2025-04-25,2015-09-30,0.1052631578947368,38.72109375,1560155.40625
2015-06-30,FMC,USD,37785,2015-08-06,2015-08-06 16:06:24,2015,Q2,887100000.0,581300000.0,305800000.0,0.3447187465,39000000,156000000.0,0.0,156000000.0,-3500000.0,195000000.0,776300000.0,0.0,24700000.0,31400000.0,132000000.0,0.1487994589,784800000.0,0.8846804193,-31400000.0,75900000.0,0.0855596889,17800000.0,742300000.0,0.8367715026,5.54,5.52,133700000,134400000,https://www.sec.gov/Archives/edgar/data/37785/000003778515000052/0000037785-15-000052-index.htm,https://www.sec.gov/Archives/edgar/data/37785/000003778515000052/fmc630201510q.htm,6.635003739715781,5.551982049364248,0.9319371727748692,0.7202692595362753,3.571428571428572,16.516828721017202,4.756918474195961,16.516828721017202,17.531039640987284,6088698000.0,7930398000.0,2.0506190219587768,6.86359824146094,48.86595505617978,63.22635514018692,2.757187882081239,2.757187882081239,8.93968887385864,60.07877272727273,63.64685393258427,82.35096573208723,0.1219144060027283,0.015816189273963,1.050219625956618,0.3277928539122569,13.952272727272728,1.921488437847117,31.77327935222672,2.144578313253012,0.0036296758354577,0.0297723292469352,0.1758539059857964,0.0439634764964491,0.2222269335142469,0.2271268057784911,0.0319017021756284,0.9012738853503184,0.0042836207868335,45.42329328504271,0.1120195056992717,0.134892511221356,-18.47213911742708,1825100000.0,636000000.0,-1061200000.0,4510200000.0,1701450000.0,447450000.0,840950000.0,189.2627663172134,89.55100636504386,161.18871494925168,0.4755293487000804,1.0050138312586443,0.5583517433483816,0.3361409228818548,0.2116679132385938,2015-08-05,0.72,amc,887100000.0,2025-04-25,2015-06-30,-0.0277777777777778,49.63047619047619,1166748.7777777778
2015-03-31,FMC,USD,37785,2015-05-11,2015-05-11 07:25:23,2015,Q1,659400000.0,408700000.0,250700000.0,0.3801941159,26600000,297900000.0,0.0,297900000.0,-15000000.0,326400000.0,735100000.0,0.0,14000000.0,22800000.0,-61100000.0,-0.0926599939,-81900000.0,-0.1242038217,-49100000.0,-110200000.0,-0.1671216257,-49100000.0,-46800000.0,-0.0709736124,-0.35,-0.35,133572170,133577000,https://www.sec.gov/Archives/edgar/data/37785/000003778515000032/0000037785-15-000032-index.htm,https://www.sec.gov/Archives/edgar/data/37785/000003778515000032/fmc331201510q.htm,4.936657089571877,-0.3503723867030086,-2.2250143873532937,-2.501269538407589,0.7875892111358227,11.000794551739332,6.826272269141095,10.742507215387755,15.513710677905436,6626515353.7,8579515353.7,-35.39805210309829,10.0493105151653,-22.29648503936743,-19.83392802663873,4.618102553278974,4.618102553278974,13.011093954655747,-140.41759989689035,-28.867817475437416,-25.67948324962586,-0.0070625355110463,-0.0504186562871918,1.4343856714753642,0.3874842329197808,-31.963993453355155,1.6519150625124033,-5.85,4.8641571194762685,0.0030332684566673,-0.4294871794871794,0.4517743403093721,0.0403397027600849,0.1049758081216936,-0.1241588156123822,0.0559599636032757,1.618421052631579,0.0068243858052775,,-0.0108029607351822,-0.0098441345365053,-16.9470182299202,1314000000.0,911800000.0,-512700000.0,2774200000.0,1569950000.0,347400000.0,638650000.0,209.83621474067337,69.69659897235135,141.110839246391,0.4289059451021205,1.2913112164296998,0.637796504369538,-0.0326155132761864,0.2762551510542952,2015-05-11,0.68,amc,744483870.0,2025-04-25,2015-03-31,-0.0882352941176471,52.075409836065575,1191748.6721311477
2014-12-31,FMC,USD,37785,2015-02-27,2015-02-27 12:33:13,2014,Q4,887800000.0,569500000.0,318300000.0,0.3585266952,37800000,229400000.0,-14500000.0,214900000.0,21500000.0,252700000.0,822200000.0,200000.0,13600000.0,33200000.0,119000000.0,0.134039198,57700000.0,0.0649921153,-3900000.0,40500000.0,0.0456183825,-18400000.0,76500000.0,0.0861680559,0.57,0.57,133500000,134300000,https://www.sec.gov/Archives/edgar/data/37785/000003778515000008/0000037785-15-000008-index.htm,https://www.sec.gov/Archives/edgar/data/37785/000003778515000008/fmc201410k.htm,6.650187265917603,0.5730337078651685,1.2883895131086145,0.89812734082397,0.8202247191011236,11.715355805243446,6.975280898876404,11.464419475655433,12.927340823970038,6597570000.0,8200270000.0,21.56068627450981,7.431369677855373,38.35796511627907,55.0256046705588,4.310728520091473,4.310728520091473,9.236618607794547,68.90983193277312,47.67598837209302,68.39257714762302,0.01159517822471,0.0181733577665716,1.118719372754002,0.3206066847673439,13.468067226890756,1.5360134003350083,4.242647058823529,2.035502958579882,0.003031419143715,0.261437908496732,0.2583915296237891,0.0425771570173462,0.1184907780170396,0.302906976744186,0.0586843883757603,1.569277108433735,0.0037170533904032,12.15786671315206,0.0212156653067161,0.0162499734477558,-16.081460674157302,1024000000.0,931200000.0,-842100000.0,2965300000.0,1587550000.0,409150000.0,695500000.0,162.45212885785088,59.78402107111501,100.58823529411764,0.554009360374415,1.5054189796457838,0.8947368421052632,0.049983665468801,0.3902621722846442,2015-02-04,1.0,amc,792678571.0,2025-04-25,2014-12-31,0.1200000000000001,48.72125,1671993.953125
2014-09-30,FMC,USD,37785,2014-10-30,2014-10-30 13:27:43,2014,Q3,1015900000.0,692200000.0,323700000.0,0.3186337238,30600000,147400000.0,0.0,147400000.0,-17000000.0,178000000.0,870200000.0,0.0,14900000.0,32300000.0,145300000.0,0.1430258884,78600000.0,0.0773698199,-38000000.0,88000000.0,0.0866226991,7400000.0,56300000.0,0.0554188404,0.42,0.42,133400000,134300000,https://www.sec.gov/Archives/edgar/data/37785/000003778514000045/0000037785-14-000045-index.htm,https://www.sec.gov/Archives/edgar/data/37785/000003778514000045/fmc930201410q.htm,7.61544227886057,0.4220389805097451,0.6491754122938531,0.2593703148425787,0.931784107946027,13.375562218890554,10.60944527736132,13.375562218890554,13.097451274362818,6611304000.0,8219304000.0,29.35747779751332,6.50782951077862,76.34300230946882,191.07815028901737,3.705264809729306,3.705264809729306,8.090662466778227,56.56781830695114,94.91113163972288,237.5521387283237,0.0085157179279609,0.0052334607514644,0.9708569186795942,0.3298927843689893,11.06675843083276,1.6407120298593167,5.275167785234899,1.0744416873449132,0.003040247430764,0.3570159857904085,0.1450930209666305,0.0301210749089477,0.0702709908400144,0.6004618937644342,0.0511861403681464,1.609907120743034,0.0030514814450241,11.269990881035254,0.0176015781284729,0.0115319227381659,-13.38680659670165,1115800000.0,1415300000.0,-609500000.0,2768100000.0,1536300000.0,416650000.0,746350000.0,139.31883059356235,57.20889916209188,98.10026004045072,0.6460002543558439,1.5731818181818182,0.917428760768721,0.0315529899680547,0.3898050974512743,2014-10-29,0.96,amc,827722105.0,2025-04-25,2014-09-30,-0.0104166666666666,56.82671875,1431180.3125
2014-06-30,FMC,USD,37785,2014-08-01,2014-08-01 14:44:07,2014,Q2,987800000.0,630200000.0,357600000.0,0.3620166026,33200000,125000000.0,0.0,125000000.0,-1300000.0,158200000.0,788400000.0,0.0,15300000.0,32600000.0,199200000.0,0.2016602551,165900000.0,0.1679489775,-28300000.0,167400000.0,0.1694675035,41500000.0,109100000.0,0.110447459,0.82,0.81,133300000,134400000,https://www.sec.gov/Archives/edgar/data/37785/000003778514000035/0000037785-14-000035-index.htm,https://www.sec.gov/Archives/edgar/data/37785/000003778514000035/fmc630201410q.htm,7.4103525881470365,0.8184546136534133,1.589647411852963,1.2498124531132784,0.8582145536384096,13.266316579144789,10.35708927231808,13.266316579144789,12.852213053263316,8223277000.0,9806777000.0,18.84343950504125,8.324840048592833,38.80734780556866,49.35940576230493,4.650122709794164,4.650122709794164,9.927897347641222,49.23080823293173,46.28021236432279,58.86420768307323,0.0132672169501282,0.0202595631887385,0.96013345396969,0.3311489477892848,7.94929718875502,1.6256128536830292,10.84313725490196,1.68308181096108,0.0024321204308209,0.1833180568285976,0.1265438347843693,0.0336100425187284,0.0756343494626801,0.2137800849457291,0.0458594857258554,1.3895705521472392,0.0046568131200647,15.630171311720352,0.031360745940603,0.0230193058339487,-13.131282820705175,1059100000.0,1380600000.0,-606900000.0,2731800000.0,1534150000.0,386750000.0,720500000.0,136.66734156711885,56.167883211678834,105.42367502380198,0.6585333333333333,1.6023391812865495,0.853698184773774,0.0616941868355575,0.3398349587396849,2014-07-30,1.02,amc,802770297.0,2025-04-25,2014-06-30,-0.0098039215686274,65.34571428571428,1164615.634920635
2014-03-31,FMC,USD,37785,2014-05-07,2014-05-07 12:35:20,2014,Q1,941800000.0,613300000.0,328500000.0,0.3488001699,26100000,119400000.0,0.0,119400000.0,-1400000.0,145500000.0,758800000.0,0.0,13500000.0,33100000.0,167100000.0,0.1774262051,118400000.0,0.1257167127,-19600000.0,159800000.0,0.1696750903,39300000.0,65600000.0,0.0696538543,0.49,0.49,133100000,134300000,https://www.sec.gov/Archives/edgar/data/37785/000003778514000023/0000037785-14-000023-index.htm,https://www.sec.gov/Archives/edgar/data/37785/000003778514000023/fmc331201410q.htm,7.07588279489106,0.492862509391435,-0.7272727272727273,-1.2930127723516154,0.6949661908339594,12.677685950413224,9.74229902329076,12.677685950413224,13.71900826446281,8831185000.0,10551185000.0,33.6554306402439,9.3769218517732,-91.23125,-51.31426496223126,5.2336049543676655,5.2336049543676655,11.203211934593332,63.14293836026332,-108.99984504132232,-61.30845438698431,0.0074282216939176,-0.019487758437854,1.0741377266800995,0.3560414088435775,10.293237582286055,1.5940811953437193,8.77037037037037,-0.8033195020746888,0.0020382315623554,0.274390243902439,0.12677850923763,0.0277128902102357,0.0767477949987231,-0.7778925619834711,0.0799532809513697,2.274924471299093,0.0040348269271607,11.856981592839595,0.0221955505289007,0.0139574468085106,-13.39725770097671,1025800000.0,1296700000.0,-650800000.0,2685200000.0,1526300000.0,427700000.0,695600000.0,149.86939902314717,55.79324963313224,103.13386597097669,0.6005228591468469,1.6130983692793266,0.8726522481502561,0.0388763778594287,0.5657400450788881,2014-05-06,0.94,amc,756900000.0,2025-04-25,2014-03-31,0.0106382978723404,65.00590163934426,1243044.524590164
2013-12-31,FMC,USD,37785,2014-02-18,2014-02-18 14:53:36,2013,Q4,1130700000.0,775800000.0,354900000.0,0.3138763598,33000000,141700000.0,0.0,141700000.0,3200000.0,174700000.0,950500000.0,0.0,10800000.0,35500000.0,214900000.0,0.1900592553,73600000.0,0.0650924206,-8600000.0,168400000.0,0.1489342885,35500000.0,27100000.0,0.0239674538,0.2,0.2,133300000,134300000,https://www.sec.gov/Archives/edgar/data/37785/000003778514000006/0000037785-14-000006-index.htm,https://www.sec.gov/Archives/edgar/data/37785/000003778514000006/fmc201310k.htm,8.482370592648161,0.2033008252063015,-0.1537884471117779,-0.6211552888222055,0.9242310577644413,11.793698424606152,8.872468117029257,11.793698424606152,13.973743435858966,8716487000.0,10445187000.0,80.41039667896679,7.708929866454409,-425.19448780487807,-105.27158212560389,5.544486355829782,5.544486355829782,9.237805784027591,48.60487203350395,-509.52131707317074,-126.14960144927537,0.0031090506989799,-0.0094992397740052,1.1779785000954135,0.3537400672371638,8.044206607724522,1.4823576785624402,6.814814814814815,-0.1542513167795335,0.0020650521247837,0.6642066420664207,0.1253205978597329,0.0291854603343061,0.0743811124694376,-3.0390243902439025,0.0550986114796143,1.7549295774647888,0.0017688157778367,7.344899182019145,0.0147187392164993,0.0055924718312765,-15.622468117029255,958300000.0,1182700000.0,-718100000.0,2596000000.0,1331950000.0,432050000.0,698050000.0,118.14539665693816,55.12761020881671,79.86078886310905,0.7617732264367042,1.6325757575757576,1.1269610691458454,0.0172380891800776,0.4673668417104276,2014-02-05,0.95,amc,1012245714.0,2025-04-25,2013-12-31,0.1052631578947369,63.3828125,810904.703125
2013-09-30,FMC,USD,37785,2013-10-29,2013-10-29 15:15:31,2013,Q3,957400000.0,653000000.0,304400000.0,0.3179444328,29000000,124900000.0,0.0,124900000.0,-30600000.0,153900000.0,806900000.0,0.0,9800000.0,23700000.0,152500000.0,0.1592855651,59700000.0,0.0623563819,-41000000.0,108500000.0,0.1133277627,32000000.0,17900000.0,0.0186964696,0.13,0.13,134100000,135000000,https://www.sec.gov/Archives/edgar/data/37785/000003778513000050/0000037785-13-000050-index.htm,https://www.sec.gov/Archives/edgar/data/37785/000003778513000050/fmc930201310q.htm,7.13944817300522,0.1334824757643549,0.8657718120805369,0.395227442207308,0.8173005219985086,10.24310216256525,7.290082028337061,10.24310216256525,12.85607755406413,8334315000.0,9938915000.0,116.40104748603352,8.705154585335283,71.78565891472869,157.25122641509435,6.067497815958066,6.067497815958066,10.381152078546062,65.1732131147541,85.60650301464256,187.52669811320752,0.0021477469954039,0.0063592508802463,1.2479615608619683,0.3476514967145291,10.521967213114754,1.2633438180498426,6.091836734693878,1.5500667556742322,0.0022197385148029,1.0335195530726258,0.1304574890327971,0.03029036975141,0.080311511316622,0.5434969853574505,0.0659076665970336,2.6624472573839664,0.002924587424274,5.546501538244142,0.0110575108960807,0.0039472523595307,-16.473154362416107,544200000.0,977600000.0,-946500000.0,2103700000.0,1135850000.0,366850000.0,684450000.0,110.88782118236892,53.60030627871362,97.53905053598774,0.8116310613767379,1.6790948830033428,0.9227073618765014,0.0130314502038439,0.4705443698732289,2013-10-28,0.85,amc,969075609.0,2025-04-25,2013-09-30,-0.0352941176470588,57.3703125,864249.265625
2013-06-30,FMC,USD,37785,2013-07-30,2013-07-30 14:04:51,2013,Q2,959400000.0,616500000.0,342900000.0,0.3574108818,29100000,138800000.0,0.0,138800000.0,-1100000.0,167900000.0,784400000.0,0.0,12300000.0,34300000.0,195400000.0,0.2036689598,167000000.0,0.1740671253,-16100000.0,156000000.0,0.162601626,36700000.0,118000000.0,0.1229935376,0.86,0.86,136300000,137100000,https://www.sec.gov/Archives/edgar/data/37785/000003778513000032/0000037785-13-000032-index.htm,https://www.sec.gov/Archives/edgar/data/37785/000003778513000032/fmc630201310q.htm,7.038884812912692,0.8657373440939105,2.0366837857666917,1.677916360968452,0.5678650036683786,11.728539985326483,9.606749816581072,11.728539985326483,7.944974321349964,7277057000.0,8270257000.0,15.417493644067797,7.585008338544924,26.21418227665706,31.81922606034106,4.552143750781935,4.552143750781935,8.620238690848447,42.32475435005118,29.79199207492795,36.16203323130739,0.0162153463962148,0.0314275400069011,0.6697109971224822,0.246131917143711,5.082906857727738,1.7201513121601386,13.577235772357724,2.3269069572506287,0.0025284946922911,0.1559322033898305,0.144673754429852,0.0303314571607254,0.0664873439547555,0.1761527377521614,0.0509693558474046,1.4256559766763848,0.0040650406504065,15.114935950324272,0.037684325608492,0.0290604605344169,-11.181401320616288,913800000.0,1309400000.0,-568400000.0,2350300000.0,1157600000.0,353350000.0,670050000.0,102.4484052532833,50.33576642335766,96.52554744525548,0.878490980679425,1.7879930394431554,0.9323956442831216,0.0738145877642937,0.3587674247982392,2013-07-29,0.94,amc,876000000.0,2025-04-25,2013-06-30,0.0,52.69640625,1018049.625
2013-03-31,FMC,USD,37785,2013-05-01,2013-05-01 13:58:53,2013,Q1,990200000.0,620500000.0,369700000.0,0.3733589174,29800000,131300000.0,0.0,131300000.0,-500000.0,161100000.0,781600000.0,0.0,11700000.0,33700000.0,222700000.0,0.2249040598,189900000.0,0.1917794385,-19100000.0,187500000.0,0.1893556857,47300000.0,130900000.0,0.1321955161,0.95,0.94,137100000,138100000,https://www.sec.gov/Archives/edgar/data/37785/000003778513000016/0000037785-13-000016-index.htm,https://www.sec.gov/Archives/edgar/data/37785/000003778513000016/fmc331201310q.htm,7.222465353756382,0.9547775346462436,-0.324580598103574,-0.6717724288840262,0.6024799416484318,10.818380743982496,8.727206418672502,10.818380743982496,9.400437636761488,6669915000.0,7864415000.0,12.738569518716576,6.735927085437285,-149.88573033707866,-72.42035830618893,4.496976132686084,4.496976132686084,7.942249040597859,35.31394252357431,-176.72842696629215,-85.3899565689468,0.0196254375055754,-0.0138082719195072,0.8610436893203883,0.2871178057553957,5.363718006286484,2.313759238635213,16.23076923076923,-0.3174037089871612,0.0028036339293679,0.1428571428571428,0.1325994748535649,0.0300949303171076,0.0644559352517985,-1.0696629213483146,0.0480710967481316,1.4124629080118694,0.0055544334477883,15.24486159829239,0.0405293449407735,0.0314565159925984,-11.855762217359592,1297600000.0,1196500000.0,-679500000.0,2711600000.0,1171900000.0,383050000.0,677300000.0,111.16845081801657,52.49153908138598,98.47058823529412,0.809582209140708,1.71456203371097,0.913978494623656,0.0882551240560949,0.3471918307804522,2013-04-30,1.08,amc,894141818.0,2025-04-25,2013-03-31,0.0185185185185185,52.00333333333333,1024510.3166666668
2012-12-31,FMC,USD,37785,2013-02-19,2013-02-19 12:33:44,2012,Q4,1000000000.0,659400000.0,340600000.0,0.3406,31400000,142100000.0,0.0,142100000.0,5800000.0,173500000.0,832900000.0,0.0,11500000.0,37400000.0,185800000.0,0.1858,136000000.0,0.136,-24500000.0,136800000.0,0.1368,22200000.0,102200000.0,0.1022,0.74,0.74,137600000,138600000,https://www.sec.gov/Archives/edgar/data/37785/000003778513000008/0000037785-13-000008-index.htm,https://www.sec.gov/Archives/edgar/data/37785/000003778513000008/fmc201210k.htm,7.267441860465116,0.7427325581395349,0.1969476744186046,-0.3742732558139535,0.5603197674418605,11.299418604651162,9.159883720930232,11.299418604651162,7.097383720930233,6977696000.0,7865696000.0,17.068727984344424,6.977696,257.479557195572,-135.4892427184466,4.48784152302547,4.48784152302547,7.865696,42.334208826695374,290.2470848708487,-152.73196116504857,0.0146466684705094,-0.0073806597478594,0.6207229225623875,0.2206497633690756,4.779332615715823,1.9216135282719744,11.826086956521738,0.2364746945898778,0.0017770908907467,0.12133072407045,0.1421,0.0314,0.0673083518141704,2.9003690036900367,0.0786,2.1016042780748663,0.0037,13.741544197387178,0.0345870748516707,0.025052089716877,-11.363553779069768,1046400000.0,1260400000.0,-637300000.0,2477000000.0,1064950000.0,394350000.0,648100000.0,100.863,55.16833484986351,92.22474977252048,0.892299455697332,1.6313706086095991,0.9758768684327364,0.0657319269359403,0.5712209302325582,2013-02-06,0.81,amc,915500000.0,2025-04-25,2012-12-31,0.0,47.65548387096774,803344.8548387097
2012-09-30,FMC,USD,37785,2012-10-31,2012-10-31 16:37:08,2012,Q3,902400000.0,586900000.0,315500000.0,0.349623227,29500000,127600000.0,0.0,127600000.0,11600000.0,157100000.0,744000000.0,0.0,11000000.0,33700000.0,163400000.0,0.181072695,135400000.0,0.1500443262,-14500000.0,135300000.0,0.1499335106,34400000.0,90000000.0,0.0997340426,0.65,0.65,137400000,138400000,https://www.sec.gov/Archives/edgar/data/37785/000003778512000026/0000037785-12-000026-index.htm,https://www.sec.gov/Archives/edgar/data/37785/000003778512000026/fmc930201210q.htm,6.567685589519651,0.6550218340611353,0.6229985443959243,0.2823871906841339,0.6142649199417758,10.83042212518195,8.865356622998544,10.83042212518195,6.407569141193595,6707868000.0,7492868000.0,18.63296666666667,7.433364361702128,78.36294392523365,172.88319587628865,4.507672871446811,4.507672871446811,8.303266843971631,45.855985312117504,87.5335046728972,193.11515463917524,0.0134170797636447,0.0057842521647712,0.5842349304482226,0.2138271969305688,4.804161566707466,1.8628713326588795,12.309090909090909,0.848364717542121,0.0018634833005062,0.1388888888888889,0.1414007092198581,0.0326906028368794,0.0664059617796797,0.5467289719626168,0.0518617021276595,1.3887240356083086,0.0038785460992907,12.63402812613982,0.0332142281564677,0.0237097921441555,-10.380276564774382,938200000.0,1218100000.0,-552300000.0,2279500000.0,1001450000.0,375450000.0,590050000.0,100.65159574468086,58.96234452206509,95.1524961662975,0.8941736028537456,1.5263979193758128,0.945850120870266,0.0604798064646193,0.3406113537117904,2012-10-29,0.78,amc,811496202.0,2025-04-25,2012-09-30,0.0128205128205128,47.544603174603175,870595.7301587302
2012-06-30,FMC,USD,37785,2012-08-01,2012-08-01 11:43:49,2012,Q2,905200000.0,567400000.0,337800000.0,0.3731771984,28400000,128300000.0,0.0,128300000.0,5600000.0,156700000.0,724100000.0,0.0,11500000.0,34500000.0,180800000.0,0.1997348652,161700000.0,0.1786345559,-15900000.0,163700000.0,0.1808440124,45300000.0,104900000.0,0.115885992,0.76,0.76,137200000,138300000,https://www.sec.gov/Archives/edgar/data/37785/000003778512000019/0000037785-12-000019-index.htm,https://www.sec.gov/Archives/edgar/data/37785/000003778512000019/fmc630201210q.htm,6.597667638483965,0.7645772594752187,1.709912536443149,1.400874635568513,0.5502915451895044,10.105685131195337,8.201166180758017,10.105685131195337,6.326530612244898,6359220000.0,7140220000.0,15.155433746425166,7.025209898365002,27.106649616368287,33.086472424557755,4.586527226830148,4.586527226830148,7.888002651347769,39.492367256637166,30.43572037510657,37.149947970863685,0.0164957337535106,0.0302238324826,0.6177425171294627,0.2191882485413041,4.3196902654867255,1.9597551184263349,14.060869565217391,1.9814189189189189,0.0008491607461292,0.0514775977121067,0.141736632788334,0.031374281926646,0.0668696898351929,0.1807331628303495,0.0468404772425983,1.228985507246377,0.0048608042421564,13.185142527155248,0.0395420263838634,0.028768889010778,-10.353680758017491,956300000.0,1125200000.0,-568400000.0,2238600000.0,1022399999.5,371250000.0,534750000.0,98.79916040653998,58.11772999647516,88.76277758195278,0.9109389151655428,1.5485807860262009,1.0139385275196569,0.0756581319870176,0.3090379008746355,2012-07-31,0.9,amc,715891304.0,2025-04-25,2012-06-30,0.0222222222222222,45.041428571428575,1230809.857142857
2012-03-31,FMC,USD,37785,2012-05-01,2012-05-01 15:50:41,2012,Q1,940700000.0,593400000.0,347300000.0,0.369193154,28500000,129100000.0,0.0,129100000.0,1700000.0,157600000.0,751000000.0,0.0,188000000.0,32200000.0,220300000.0,0.2341873073,163900000.0,0.1742319549,-11900000.0,176800000.0,0.1879451472,44800000.0,119100000.0,0.1266078452,0.86,0.85,138336000,139474000,https://www.sec.gov/Archives/edgar/data/37785/000003778512000012/0000037785-12-000012-index.htm,https://www.sec.gov/Archives/edgar/data/37785/000003778512000012/fmc331201210q.htm,6.8001098773999535,0.8609472588480223,0.0896368262780476,-0.1908396946564885,0.5117973629424011,9.394517696044414,6.38734674994217,8.945610687022901,8.201046726810086,6345472320.0,7221172320.0,13.319631234256926,6.745479238864675,511.7316387096774,-240.3588,5.1276544,5.1276544,7.676381758265122,32.77881216522923,582.3526064516129,-273.52925454545453,0.0187692883986924,-0.0041604467987026,0.7648484848484849,0.2457420292865302,3.9750340444847936,2.118730920191888,0.8718085106382979,0.0939393939393939,0.0027578719309581,0.1469353484466834,0.137238226852344,0.0302965876474965,0.1080070620002077,3.129032258064516,0.0412458807271181,1.204968944099379,0.0061656213458063,13.163898643394504,0.041194673718412,0.034666433810688,-10.394438184926557,1026100000.0,883600000.0,-608700000.0,2453900000.0,1019999999.5,379100000.0,490100000.0,100.56234709259064,57.04246713852376,77.33569261880687,0.8949671780943461,1.5777718691837277,1.1637575995293197,0.0962424242424242,0.2804765209345362,2012-04-30,0.93,amc,901908247.0,2025-04-25,2012-03-31,0.0430107526881719,41.42,1168286.7258064516
2011-12-31,FMC,USD,37785,2012-02-21,2012-02-21 08:23:32,2011,Q4,908600000.0,615500000.0,293100000.0,0.3225841955,29700000,117100000.0,0.0,117100000.0,32400000.0,146800000.0,762300000.0,0.0,9900000.0,32300000.0,148900000.0,0.1638784944,128200000.0,0.1410961919,-15600000.0,130700000.0,0.1438476777,40400000.0,77900000.0,0.0857362976,0.56,0.55,140400000,141400000,https://www.sec.gov/Archives/edgar/data/37785/000003778512000004/0000037785-12-000004-index.htm,https://www.sec.gov/Archives/edgar/data/37785/000003778512000004/fmc201110k.htm,6.471509971509971,0.5548433048433048,0.5933048433048433,0.0918803418803418,1.1317663817663817,9.288461538461538,7.67948717948718,9.288461538461538,5.950854700854701,5234112000.0,5900812000.0,16.79753530166881,5.760633942328858,62.83447779111644,405.74511627906975,4.013581780538303,4.013581780538303,6.494400176095091,39.62936198791135,70.83807923169267,457.4272868217054,0.0148831358595307,0.0024646014452881,0.6330802852541983,0.2205422732736743,4.477501678979181,2.0321774105881074,12.94949494949495,0.9224806201550388,0.0020251763813995,0.1360718870346598,0.1288795949812899,0.0326876513317191,0.0603445973019901,0.8451380552220888,0.0774818401937046,2.179566563467492,0.0036319612590799,10.768329289192144,0.0308605142853898,0.0221457812144644,-9.285434472934472,949500000.0,1078200000.0,-570000000.0,2162200000.0,921600000.0,363850000.0,457300000.0,97.95399515738498,55.87164906580016,68.7684809098294,0.9187986651835373,1.6108348599842972,1.308739102700404,0.0597346829230887,0.5014245014245015,2012-02-08,0.69,amc,793587341.0,2025-04-25,2011-12-31,0.1449275362318842,34.73619047619048,1266970.126984127
2011-09-30,FMC,USD,37785,2011-11-02,2011-11-02 13:47:24,2011,Q3,862100000.0,574700000.0,287400000.0,0.3333719986,27800000,110600000.0,0.0,110600000.0,13400000.0,138400000.0,713100000.0,0.0,9100000.0,31600000.0,167700000.0,0.1945249971,125700000.0,0.145806751,-22000000.0,127000000.0,0.1473146967,29800000.0,86800000.0,0.1006843754,0.61,0.61,142000000,143000000,https://www.sec.gov/Archives/edgar/data/37785/000003778511000033/0000037785-11-000033-index.htm,https://www.sec.gov/Archives/edgar/data/37785/000003778511000033/fmc930201110q.htm,6.07112676056338,0.6112676056338028,1.0859154929577466,0.747887323943662,0.7704225352112676,9.706338028169014,8.268309859154929,9.706338028169014,4.085915492957747,4255740000.0,4717440000.0,12.257315668202764,4.936480686695279,27.5988326848249,40.0728813559322,3.087673220634114,3.087673220634114,5.472033406797356,28.130232558139536,30.59299610894941,44.42033898305085,0.0203959828372973,0.0249545319967855,0.4143510121163752,0.168485957045079,2.7531305903398926,1.8584936778449697,13.813186813186814,1.5864197530864197,0.0042060840182905,0.206221198156682,0.1282913815102656,0.0322468391137919,0.060243096530564,0.311284046692607,0.0556779955921586,1.518987341772152,0.0041758496694119,11.55406098018796,0.0376153579019701,0.0272493250455201,-7.317077464788732,780800000.0,1174100000.0,-321000000.0,1939800000.0,856350000.0,333250000.0,432800000.0,89.18570931446469,54.12215068731512,69.57891073603619,1.009130282102306,1.6629050925925926,1.29349538600045,0.0629761300152361,0.3380281690140845,2011-10-31,0.68,amc,837468571.0,2025-04-25,2011-09-30,0.0294117647058822,33.93328125,1740870.796875
2011-06-30,FMC,USD,37785,2011-08-03,2011-08-03 14:54:32,2011,Q2,812200000.0,513400000.0,298800000.0,0.3678896823,25000000,108900000.0,0.0,108900000.0,9300000.0,133900000.0,647300000.0,0.0,10500000.0,32300000.0,189600000.0,0.2334400394,143400000.0,0.1765574982,-18100000.0,146800000.0,0.1807436592,25700000.0,107200000.0,0.1319871953,0.75,0.75,143200000,144400000,https://www.sec.gov/Archives/edgar/data/37785/000003778511000024/0000037785-11-000024-index.htm,https://www.sec.gov/Archives/edgar/data/37785/000003778511000024/fmc630201110q.htm,5.671787709497207,0.7486033519553073,1.420391061452514,1.136173184357542,1.303072625698324,9.92527932960894,8.457402234636872,9.92527932960894,4.423184357541899,5337064000.0,5773364000.0,12.446511194029853,6.571120413691209,26.23925270403147,32.803097725875844,3.755058045451347,3.755058045451347,7.108303373553312,30.450232067510548,28.384287118977383,35.484720344191764,0.0200859498780602,0.0304849257944068,0.4382607472032646,0.1797068836189487,2.3011603375527425,1.8946287690478765,13.657142857142857,1.6796036333608588,0.0020235845026404,0.1007462686567164,0.1340802757941393,0.0307805959123368,0.0606427788356124,0.2000983284169125,0.0501108101452844,1.260061919504644,0.0044324058113765,12.929701889171865,0.0441680288271027,0.0329238329238329,-7.010125698324022,827800000.0,1211100000.0,-291800000.0,1995400000.0,916150000.0,336050000.0,400450000.0,95.11942871213986,56.25438254772108,73.85469419555902,0.946178937558248,1.5998753505765035,1.218609067173036,0.0754239076901428,0.2842178770949721,2011-08-01,0.76,amc,801651948.0,2025-04-25,2011-06-30,0.0131578947368421,36.21698412698413,1318324.5396825396
2011-03-31,FMC,USD,37785,2011-05-05,2011-05-05 09:44:21,2011,Q1,795000000.0,506900000.0,288100000.0,0.3623899371,22700000,105900000.0,0.0,105900000.0,0.0,128600000.0,635500000.0,0.0,9900000.0,30400000.0,189900000.0,0.2388679245,144500000.0,0.1817610063,-13500000.0,146000000.0,0.1836477987,40600000.0,94000000.0,0.1182389937,0.66,0.65,143000000,144200000,https://www.sec.gov/Archives/edgar/data/37785/000003778511000006/0000037785-11-000006-index.htm,https://www.sec.gov/Archives/edgar/data/37785/000003778511000006/fmc331201110q.htm,5.559440559440559,0.6573426573426573,-0.4167832167832168,-0.6293706293706294,0.6013986013986014,9.212587412587412,7.769230769230769,9.212587412587412,4.705594405594406,5262400000.0,5839400000.0,13.995744680851065,6.61937106918239,-88.29530201342281,-58.47111111111112,3.994534689540002,3.994534689540002,7.345157232704403,30.74986835176409,-97.97651006711408,-64.88222222222223,0.0178625722103982,-0.0171024627546366,0.5032640048580538,0.1940752883320648,3.0384412848867823,1.895067858325058,14.595959595959595,-0.5654648956356736,0.002812404986318,0.1574468085106383,0.1332075471698113,0.0285534591194968,0.0604180083133306,-0.5100671140939598,0.0382389937106918,1.0,0.0066666666666666,11.672878845546792,0.0395290349706977,0.0292853137267119,-7.640384615384615,811200000.0,1111000000.0,-381300000.0,1956400000.0,913400000.0,370250000.0,363700000.0,110.25283018867924,62.3554941803117,67.39790885776287,0.8163055755211007,1.4433371298405466,1.3353530031612224,0.0713526643388492,0.2125874125874126,2011-05-02,0.72,amc,763200000.0,2025-04-25,2011-03-31,0.0416666666666667,34.035322580645165,1348015.0967741937
2010-12-31,FMC,USD,37785,2011-02-22,2011-02-22 08:57:34,2010,Q4,810500000.0,546100000.0,264400000.0,0.3262183837,30700000,124800000.0,0.0,124800000.0,151900000.0,155500000.0,701600000.0,0.0,399600000.0,34600000.0,-5500000.0,-0.0067859346,-28300000.0,-0.0349167181,11500000.0,-16800000.0,-0.0207279457,25200000.0,-53500000.0,-0.0660086366,-0.37,-0.37,143000000,143000000,https://www.sec.gov/Archives/edgar/data/37785/000119312511041464/0001193125-11-041464-index.htm,https://www.sec.gov/Archives/edgar/data/37785/000119312511041464/d10k.htm,5.667832167832168,-0.3741258741258741,0.4874125874125874,0.1587412587412587,1.1293706293706294,8.316083916083915,6.956643356643356,7.912587412587412,7.255244755244755,4950660000.0,5427060000.0,-23.13392523364486,6.108155459592844,71.02812051649927,218.0907488986784,4.375307114449845,4.375307114449845,6.695940777297964,-986.7381818181818,77.86312769010043,239.0775330396476,-0.0108066399227577,0.0045852472195626,0.5637649138311975,0.192144341697039,-86.61818181818182,1.7087398795931077,-0.0708208208208208,-1.6595238095238096,0.0040600647186435,-0.3757009345794392,0.1539790252930289,0.0378778531770512,0.0585559806018253,0.6743185078909613,0.0579888957433682,1.3583815028901731,0.0038247995064774,,-0.0283976880468812,-0.0171172612382018,-8.081293706293707,682800000.0,994800000.0,-484500000.0,1795700000.0,833300000.0,356100000.0,357350000.0,94.70820481184454,64.15857901483244,57.31917231276323,0.950287255246805,1.4027742101207294,1.5701552616446233,-0.0472823685373398,0.3286713286713286,2011-02-07,0.52,amc,780481481.0,2025-04-25,2010-12-31,0.0384615384615384,32.76953125,1152642.09375
2010-09-30,FMC,USD,37785,2010-11-02,2010-11-02 15:27:34,2010,Q3,772500000.0,517800000.0,254700000.0,0.3297087379,24000000,99900000.0,0.0,99900000.0,0.0,123900000.0,641700000.0,0.0,68000000.0,32500000.0,163300000.0,0.2113915858,115200000.0,0.1491262136,-12300000.0,118500000.0,0.1533980583,32300000.0,82900000.0,0.1073139159,0.57,0.56,144600000,146200000,https://www.sec.gov/Archives/edgar/data/37785/000119312510244206/0001193125-10-244206-index.htm,https://www.sec.gov/Archives/edgar/data/37785/000119312510244206/d10q.htm,5.342323651452282,0.5733056708160442,0.6742738589211619,0.4246196403872752,1.8485477178423235,9.385200553250346,8.007607192254495,9.385200553250346,5.091286307053942,4285944000.0,4686844000.0,12.925042219541618,5.548147572815534,43.9584,69.80364820846906,3.1581637314862574,3.1581637314862574,6.067111974110032,28.70082057562768,48.07019487179488,76.33296416938111,0.0193422965862363,0.014325898798491,0.492373443371896,0.1963100064633644,2.454990814451929,2.1119233073696826,1.6941176470588235,1.131090487238979,0.0021232195287665,0.1097708082026538,0.1293203883495145,0.0310679611650485,0.0585228274281685,0.3702564102564102,0.0467313915857605,1.1107692307692307,0.0046601941747572,11.002874430156728,0.0310115808122589,0.0258690632216189,-6.816562932226833,927900000.0,1157900000.0,-284300000.0,2070300000.0,822300000.0,305850000.0,356450000.0,94.8,56.123986095017386,63.77172653534184,0.9493670886075948,1.603592443480954,1.411283728536386,0.0610861395623019,0.2496542185338865,2010-10-27,0.55,amc,745394736.0,2025-04-25,2010-09-30,0.0363636363636361,27.1946875,1408459.25
2010-06-30,FMC,USD,37785,2010-08-04,2010-08-04 14:46:44,2010,Q2,776800000.0,512200000.0,264600000.0,0.3406282183,22300000,95600000.0,0.0,95600000.0,0.0,117900000.0,630100000.0,0.0,131400000.0,32600000.0,179300000.0,0.2308187436,99500000.0,0.1280895984,-24700000.0,122000000.0,0.1570545829,33800000.0,65700000.0,0.0845777549,0.45,0.45,145000000,146800000,https://www.sec.gov/Archives/edgar/data/37785/000119312510177006/0001193125-10-177006-index.htm,https://www.sec.gov/Archives/edgar/data/37785/000119312510177006/d10q.htm,5.357241379310345,0.4531034482758621,1.3448275862068966,1.150344827586207,1.12,8.362758620689656,7.093103448275862,8.362758620689656,5.307586206896552,3607600000.0,4083400000.0,13.727549467275496,4.644181256436664,18.50051282051282,21.628297362110317,2.975094837539172,2.975094837539172,5.25669412976313,22.774121583937536,20.940512820512826,24.480815347721823,0.0182115533872934,0.0462357245814391,0.5263071086920666,0.1982541704203038,2.6536530953708866,2.249864351600651,0.7572298325722984,2.2108843537414966,0.0018017518571903,0.0989345509893455,0.1230690010298661,0.028707518022657,0.057189897797521,0.1446153846153846,0.0363027806385169,0.8650306748466258,0.0048918640576725,9.233465345307602,0.0281298320652968,0.0216474464579901,-7.227068965517241,921400000.0,1028500000.0,-347900000.0,2022500000.0,861700000.0,280850000.0,345750000.0,96.26802265705456,50.74580242092932,60.79656384224912,0.9348898784450596,1.7735457063711912,1.4803468208092485,0.0541810984661058,0.1944827586206896,2010-07-28,0.61,amc,740387500.0,2025-04-25,2010-06-30,0.0491803278688525,26.95,2305819.904761905
2010-03-31,FMC,USD,37785,2010-05-05,2010-05-05 13:05:30,2010,Q1,756500000.0,489500000.0,267000000.0,0.3529411765,23500000,90900000.0,0.0,90900000.0,0.0,114400000.0,603900000.0,0.0,10000000.0,33900000.0,186500000.0,0.2465300727,128100000.0,0.1693324521,-25800000.0,126800000.0,0.1676140119,40700000.0,77400000.0,0.1023132849,0.53,0.53,144600000,146600000,https://www.sec.gov/Archives/edgar/data/37785/000119312510108357/0001193125-10-108357-index.htm,https://www.sec.gov/Archives/edgar/data/37785/000119312510108357/d10q.htm,5.231673582295989,0.5352697095435685,-0.0532503457814661,-0.2676348547717842,0.5995850622406639,8.208852005532503,6.841632088520055,8.208852005532503,4.909405255878285,3792858000.0,4406058000.0,12.250833333333334,5.013692002643754,-492.578961038961,-98.00666666666666,3.195331086773378,3.195331086773378,5.824267019167217,23.624975871313676,-572.2153246753247,-113.85162790697674,0.0204067750493163,-0.0102033875246581,0.5896377422072452,0.2164862356944014,3.2879356568364613,2.229952348536419,12.81,-0.089430894308943,0.0030847450655943,0.1511627906976744,0.1201586252478519,0.0310641110376734,0.0611506340859882,-4.025974025974026,0.0409781890284203,0.9144542772861356,0.0055518836748182,9.94303128555217,0.0336035266396077,0.0254999505814911,-7.725968188105117,903400000.0,989300000.0,-408100000.0,2038600000.0,821050000.0,281700000.0,348000000.0,106.17977528089888,50.17568947906027,63.52400408580184,0.8476190476190476,1.7936973250274826,1.4167872648335744,0.0652064026958719,0.2143845089903181,2010-05-03,0.65,amc,733917910.0,2025-04-25,2010-03-31,0.0307692307692307,24.54377049180328,1706337.1475409835
2009-12-31,FMC,USD,37785,2010-02-22,2010-02-22 15:54:59,2009,Q4,722100000.0,502400000.0,219700000.0,0.3042514887,28600000,87700000.0,0.0,87700000.0,132800000.0,116300000.0,618700000.0,0.0,322000000.0,33700000.0,54700000.0,0.075751281,40900000.0,0.0566403545,44400000.0,48100000.0,0.0666112727,-21200000.0,62100000.0,0.0859991691,0.43,0.43,144242000,144600000,https://www.sec.gov/Archives/edgar/data/37785/000119312510036348/0001193125-10-036348-index.htm,https://www.sec.gov/Archives/edgar/data/37785/000119312510036348/d10k.htm,5.006170186214834,0.4305264763383757,0.4041818610390871,0.0270378946492699,0.5310519820856616,7.8555483146379,6.403128076427116,7.462458923198514,6.696385241469198,3484886720.0,4052186720.0,14.0293346215781,4.826044481373771,59.77507238421956,893.5606974358974,3.2375387588257154,3.2375387588257154,5.611669741033098,74.08019597806215,69.5057756432247,1039.0222358974358,0.0178198044842042,0.0011191181560128,0.598197696023783,0.2053121612142082,10.371115173674587,2.0977157360406093,0.1270186335403726,0.7783711615487316,0.0025825803600296,0.144927536231884,0.1214513225315053,0.03960670267276,0.0668005866972769,0.9331046312178388,0.0753358260628721,1.6142433234421365,0.0,8.502216667613913,0.0237329780605788,0.0212184371476406,-8.243438110952427,778500000.0,923600000.0,-515400000.0,1952500000.0,732500000.0,276500000.0,365550000.0,93.42750311591192,52.04020700636943,62.788614649681534,0.9633137673425828,1.729432013769363,1.4333808844507845,0.0576923076923076,0.3771439663898171,2010-02-04,0.45,amc,691372340.0,2025-04-25,2009-12-31,0.0444444444444443,23.92875,1591520.84375
2009-09-30,FMC,USD,37785,2009-11-04,2009-11-04 14:54:58,2009,Q3,713300000.0,510000000.0,203300000.0,0.2850133184,23200000,79800000.0,0.0,79800000.0,0.0,103000000.0,613000000.0,0.0,6200000.0,32300000.0,132600000.0,0.1858965372,61400000.0,0.0860787887,-37600000.0,62700000.0,0.0879013038,27200000.0,28000000.0,0.0392541708,0.2,0.19,144200000,147368421,https://www.sec.gov/Archives/edgar/data/37785/000119312509223626/0001193125-09-223626-index.htm,https://www.sec.gov/Archives/edgar/data/37785/000119312509223626/d10q.htm,4.946601941747573,0.1941747572815534,0.6199722607489597,0.377253814147018,0.4153952843273231,7.778779472954231,6.3030513176144245,7.778779472954231,4.298196948682386,3514154000.0,4067854000.0,31.376375000000003,4.9266143277723256,39.30821029082775,64.59841911764705,3.132882232325934,3.132882232325934,5.702865554465162,30.67763197586727,45.5017225950783,74.77672794117647,0.0079677783045364,0.0154802549916708,0.5470268342694125,0.2014775898867181,4.175716440422323,1.875457396759017,9.903225806451612,2.621700879765396,0.0025895279489743,0.325,0.1118743866535819,0.0325248843403897,0.0698735839763585,0.3914988814317673,0.0490677134445534,1.08359133126935,0.0,5.829661985263073,0.0147805932580368,0.0098845624316023,-7.8852288488210815,669900000.0,908900000.0,-488700000.0,1831500000.0,708450000.0,264350000.0,385500000.0,90.26496565260058,46.3235294117647,67.16470588235293,0.99706457925636,1.9428571428571428,1.3399894902785077,0.0249621110813943,0.2427184466019417,2009-10-28,0.45,amc,713300000.0,2025-04-25,2009-09-30,0.0,21.3903125,3167238.71875
2009-06-30,FMC,USD,37785,2009-08-05,2009-08-05 16:21:15,2009,Q2,700300000.0,477300000.0,223000000.0,0.3184349564,21000000,74700000.0,0.0,74700000.0,0.0,95700000.0,573000000.0,0.0,6500000.0,30900000.0,158200000.0,0.2259031843,89400000.0,0.1276595745,-36800000.0,90500000.0,0.1292303299,13600000.0,69300000.0,0.0989575896,0.48,0.47,144400000,146800000,https://www.sec.gov/Archives/edgar/data/37785/000119312509165435/0001193125-09-165435-index.htm,https://www.sec.gov/Archives/edgar/data/37785/000119312509165435/d10q.htm,4.849722991689751,0.4799168975069252,0.9598337950138504,0.6772853185595568,0.46398891966759,7.626038781163435,6.227839335180056,7.626038781163435,4.434210526315789,2958756000.0,3525556000.0,10.673722943722945,4.224983578466372,21.34744588744589,30.253128834355827,2.686847075917181,2.686847075917181,5.034350992431815,22.28543615676359,25.436911976911976,36.04862985685072,0.0234220057348426,0.0330544323357519,0.5755539411551035,0.2092785207198283,3.5828065739570163,1.9850808700501952,13.753846153846156,1.8604026845637585,0.0030756169146763,0.1313131313131313,0.1066685706125946,0.0299871483649864,0.0666666666666666,0.2943722943722944,0.0582607453948307,1.3203883495145632,0.0,9.074522556188706,0.0318659775441097,0.0245170876671619,-7.887638504155125,706500000.0,899300000.0,-503600000.0,1856800000.0,713150000.0,285800000.0,400000000.0,90.1542196201628,50.1948460087995,73.61407919547455,0.9982893799002138,1.7930127723516154,1.2225922131147542,0.0629313476207773,0.2825484764542936,2009-07-29,0.58,amc,738498181.0,2025-04-25,2009-06-30,-0.0517241379310343,21.24809523809524,2780501.380952381
2009-03-31,FMC,USD,37785,2009-05-08,2009-05-08 11:30:26,2009,Q1,690500000.0,453900000.0,236600000.0,0.3426502534,20000000,80100000.0,0.0,80100000.0,0.0,100100000.0,554000000.0,0.0,114000000.0,30300000.0,166800000.0,0.241564084,102500000.0,0.1484431571,-27800000.0,108700000.0,0.1574221579,33400000.0,69100000.0,0.1000724113,0.48,0.47,144504000,146786000,https://www.sec.gov/Archives/edgar/data/37785/000119312509104841/0001193125-09-104841-index.htm,https://www.sec.gov/Archives/edgar/data/37785/000119312509104841/d10q.htm,4.778414438354647,0.4781874550185462,0.1051873996567569,-0.1093395338537341,0.379920279023418,6.973509383823285,5.624757792171843,6.581824724575099,5.412998948126004,2700779760.0,3314079760.0,9.771272648335746,3.911339261404779,177.68287894736844,-170.93542784810126,2.839638061192304,2.839638061192304,4.79953622013034,19.868583693045565,218.0315631578947,-209.7518835443038,0.025585203585797,-0.0058501623249724,0.7025549363894438,0.2212582781456953,3.676858513189449,2.049121350491214,0.8991228070175439,0.2068027210884353,0.0033693972884334,0.1316931982633864,0.1160028964518464,0.0289645184648805,0.0645364238410596,2.039473684210526,0.0448950036205648,1.023102310231023,0.0,8.41518183549892,0.0302445200824671,0.0244593111748256,-8.366550406909152,758200000.0,812800000.0,-531400000.0,1868700000.0,706250000.0,338850000.0,395200000.0,94.47067342505431,60.55518836748183,81.21612690019829,0.9526766004415012,1.486247544204322,1.108154296875,0.072652717905583,0.214526933510491,2009-05-04,0.61,amc,690500000.0,2025-04-25,2009-03-31,0.0,18.76295081967213,2205269.393442623
2008-12-31,FMC,USD,37785,2009-02-23,2009-02-23 16:13:02,2008,Q4,737700000.0,518000000.0,219700000.0,0.297817541,25600000,81200000.0,0.0,81200000.0,49600000.0,106800000.0,624800000.0,0.0,500700000.0,29900000.0,80300000.0,0.1088518368,63700000.0,0.0863494646,-44400000.0,68500000.0,0.0928561746,17400000.0,46300000.0,0.0627626406,0.32,0.32,143444000,144504000,https://www.sec.gov/Archives/edgar/data/37785/000119312509035095/0001193125-09-035095-index.htm,https://www.sec.gov/Archives/edgar/data/37785/000119312509035095/d10k.htm,5.142773486517386,0.3227740442263183,0.1965923984272608,-0.1373358244332283,0.3652993502690945,6.737123895039179,5.363765650706896,6.294442430495525,7.837901898998912,2779944720.0,3351144720.0,15.010500647948165,3.768394631964213,98.5796,-141.113945177665,3.078906545575368,3.078906545575368,4.542693127287516,41.73281095890411,118.83491914893617,-170.108869035533,0.0166550074420184,-0.0070864718489797,0.6906634178757337,0.2082901900531079,7.11332503113325,1.887498353313134,0.1272218893549031,0.3960674157303371,0.0078418825536933,0.4708423326133909,0.1100718449234106,0.0347024535719127,0.065800460937239,1.698581560283688,0.064931543988071,1.6020066889632107,0.0,6.761128558711,0.0209751799042121,0.0165540419750437,-8.84613507710326,673700000.0,769400000.0,-594700000.0,1809900000.0,703700000.0,368400000.0,370950000.0,83.89995933306221,64.68532818532817,66.16216216216216,1.0727061218554603,1.391351060972334,1.3602941176470589,0.0512792114298371,0.3339282228604891,2009-02-04,0.43,bmo,621982352.0,2025-04-25,2008-12-31,0.186046511627907,17.21078125,3950953.4375
2008-09-30,FMC,USD,37785,2008-10-31,2008-10-31 15:58:43,2008,Q3,820800000.0,580800000.0,240000000.0,0.2923976608,23400000,81900000.0,0.0,81900000.0,0.0,105300000.0,686100000.0,0.0,68100000.0,32600000.0,167300000.0,0.2038255361,103300000.0,0.1258528265,-20800000.0,109200000.0,0.1330409357,23300000.0,80000000.0,0.0974658869,0.54,0.53,148394000,152028000,https://www.sec.gov/Archives/edgar/data/37785/000119312508221565/0001193125-08-221565-index.htm,https://www.sec.gov/Archives/edgar/data/37785/000119312508221565/d10q.htm,5.531220938851975,0.5391053546639352,1.1300995997142742,0.7224011752496732,0.6401876086634231,8.137795328652102,6.8412469506853375,7.746943946520749,4.340471986738009,3304734380.0,3785734380.0,10.3272949375,4.026235843079922,19.706227668455572,30.82774608208955,2.8746819589422405,2.8746819589422405,4.612249488304093,22.62841829049611,22.574444722719143,35.31468638059702,0.0242076944168807,0.0324383105186202,0.5010438413361169,0.1965601965601965,2.8750747160789003,1.8834121976866456,1.5168869309838473,2.09625,0.0028141444759623,0.11625,0.0997807017543859,0.0285087719298245,0.0656565656565656,0.3607632677400119,0.0737085769980506,1.855828220858896,0.0,9.69378288835894,0.0368771875579227,0.0292184075967859,-6.115307896545683,672100000.0,1015200000.0,-289900000.0,1795300000.0,736850000.0,367250000.0,341150000.0,78.91447368421052,56.48243801652893,55.9555785123967,1.1404751979991663,1.5934156378600823,1.6084187205760176,0.069589422407794,0.407698424464601,2008-10-28,0.51,bmo,747514285.0,2025-04-25,2008-09-30,0.0980392156862745,29.74265625,2477647.1875
2008-06-30,FMC,USD,37785,2008-08-01,2008-08-01 11:11:12,2008,Q2,806600000.0,536400000.0,270200000.0,0.3349863625,23000000,90000000.0,0.0,90000000.0,0.0,113000000.0,649400000.0,0.0,146500000.0,30700000.0,187900000.0,0.2329531366,126900000.0,0.1573270518,-18700000.0,134700000.0,0.1669972725,42500000.0,84400000.0,0.1046367468,0.56,0.55,149134000,152946000,https://www.sec.gov/Archives/edgar/data/37785/000119312508163467/0001193125-08-163467-index.htm,https://www.sec.gov/Archives/edgar/data/37785/000119312508163467/d10q.htm,5.408558745825902,0.5659339922485818,1.194228009709389,0.967586197647753,0.8267732374911154,8.550028833129938,7.255890675499886,8.150388241447288,4.699129641798651,5003445700.0,5434445700.0,14.820632997630332,6.203131291842301,28.09346266142616,34.673913374913376,4.116368325791855,4.116368325791855,6.737472972972973,28.922010111761576,30.5134514317799,37.66074636174636,0.0168683753278265,0.0288401251161774,0.4560263266145619,0.1860878906905697,2.293773283661522,1.9507015059853263,0.8662116040955632,2.110189573459716,0.0015789119086472,0.0936018957345971,0.1115794693776345,0.0285147532853954,0.0647933662335918,0.1897810218978102,0.0419042896107116,1.1009771986970684,0.0,10.187398564246353,0.0383593996197166,0.0302975912696988,-5.727734788847614,738600000.0,1082100000.0,-188100000.0,1849100000.0,756500000.0,351750000.0,310850000.0,84.13091991073642,62.08053691275168,53.89261744966443,1.0697612732095492,1.4497297297297298,1.6699875466998757,0.0694364459070341,0.2266418120616358,2008-07-29,0.59,bmo,732144615.0,2025-04-25,2008-06-30,0.1016949152542373,29.66296875,1892402.5625
2008-03-31,FMC,USD,37785,2008-05-02,2008-05-02 16:21:53,2008,Q1,750200000.0,499200000.0,251000000.0,0.334577446,21800000,83700000.0,0.0,83700000.0,0.0,105500000.0,604700000.0,0.0,84900000.0,31000000.0,176500000.0,0.2352705945,136100000.0,0.1814182885,-100000.0,142500000.0,0.1899493468,42200000.0,93900000.0,0.1251666222,0.63,0.62,149298000,153150000,https://www.sec.gov/Archives/edgar/data/37785/000119312508100769/0001193125-08-100769-index.htm,https://www.sec.gov/Archives/edgar/data/37785/000119312508100769/d10q.htm,5.024849629599861,0.6289434553711369,-0.4447480877171831,-0.6631033235542338,0.4715401411941218,8.07780412329703,6.781738536350119,7.703385175956811,4.687939557127356,3589123920.0,4133723920.0,9.555707987220446,4.784222767262063,-54.05307108433735,-36.25377696969697,3.120705956003826,3.120705956003826,5.510162516662224,23.42053212464589,-62.25487831325301,-41.75478707070707,0.0261623733515448,-0.0275833329265488,0.5347361099034866,0.2118863049095607,3.085552407932011,1.8054275473630312,1.6030624263839812,-0.7071352502662407,0.0022010942436336,0.0841320553780617,0.1115702479338843,0.0290589176219674,0.0666666666666666,-0.4909638554216867,0.0434550786456944,1.0516129032258064,0.0,10.440898334864396,0.0425114485868527,0.0346622369878183,-6.072418920548166,629200000.0,1012500000.0,-286100000.0,1742900000.0,679350000.0,330450000.0,287750000.0,91.0557184750733,60.12620192307692,54.176682692307686,0.9884057971014492,1.4968515742128936,1.6612312811980032,0.0816450743413616,0.2183552358370507,2008-04-23,0.59,bmo,737696666.0,2025-04-25,2008-03-31,0.0169491525423729,23.473278688524587,1893341.163934426
2007-12-31,FMC,USD,37785,2008-02-25,2008-02-25 10:10:18,2007,Q4,674300000.0,478700000.0,195600000.0,0.2900786,27200000,86200000.0,0.0,86200000.0,164900000.0,113400000.0,592100000.0,0.0,233700000.0,33000000.0,115200000.0,0.1708438381,43100000.0,0.0639181373,-34100000.0,48100000.0,0.0713332345,2200000.0,40900000.0,0.0606554946,0.27,0.27,148099174,149047619,https://www.sec.gov/Archives/edgar/data/37785/000119312508036999/0001193125-08-036999-index.htm,https://www.sec.gov/Archives/edgar/data/37785/000119312508036999/d10k.htm,4.553030120208503,0.2761662938106596,0.466579239665442,0.2039174100998024,0.5097935252495062,7.5807310039419935,6.363978775465689,7.1864006479874085,5.2593136002230505,3501064473.36,3970764473.36,21.40014959266504,5.192146631113748,50.66663492561505,115.929287197351,3.289546625349995,3.289546625349995,5.888720856236097,34.46844160902778,57.46403000520984,131.48226732980132,0.0116821613287081,0.0086259479737649,0.5122615803814714,0.1994585497914685,4.077256944444445,1.5891668884748469,0.1844244758237056,1.6894865525672371,0.0022564565891636,0.1931540342298288,0.1278362746551979,0.0403381284294824,0.0659252213360649,0.5629522431259045,0.05768945573187,1.1787878787878787,0.0,6.682397529169236,0.0195144668004793,0.0160191132696224,-6.400609634730306,442700000.0,942500000.0,-416600000.0,1557600000.0,606400000.0,311950000.0,265800000.0,80.04300756339909,61.554209316899936,51.70252767913098,1.124395531098883,1.46212583995113,1.740727272727273,0.0384290143756459,0.2626618295656395,2008-02-06,0.35,bmo,786683333.0,2025-04-25,2007-12-31,-0.1428571428571428,23.3184375,1524353.03125
2007-09-30,FMC,USD,37785,2007-11-06,2007-11-06 17:07:32,2007,Q3,626600000.0,440200000.0,186400000.0,0.2974784552,20500000,73800000.0,0.0,73800000.0,0.0,94300000.0,534500000.0,0.0,68100000.0,32300000.0,124400000.0,0.1985317587,51600000.0,0.0823491861,-36200000.0,55900000.0,0.0892116183,14500000.0,37100000.0,0.0592084264,0.25,0.24,151428571,154583333,https://www.sec.gov/Archives/edgar/data/37785/000119312507236872/0001193125-07-236872-index.htm,https://www.sec.gov/Archives/edgar/data/37785/000119312507236872/d10q.htm,4.137924540012994,0.2450000006933962,1.0883018898725525,0.8776415119178533,0.7653773606567283,7.333490586792898,6.175188696722232,6.967641529153703,4.227735861021894,3437428561.7,3893628561.7,23.16326524056604,5.4858419433450365,20.85818302002427,25.86477473062453,3.257917317505449,3.257917317505449,6.213898119533993,31.299264965434084,23.626386903519418,29.297430863054927,0.0107929515723963,0.03866262167039,0.5422234859255047,0.2089328756117157,3.667202572347267,1.5223648385842086,0.7577092511013216,4.442048517520216,0.0023273210937781,0.215633423180593,0.1177784870730928,0.0327162464091924,0.0640566795705207,0.1935679611650485,0.0509096712416214,0.9876160990712074,0.0,6.197509502870073,0.0180040443867825,0.0144763539878258,-6.099740583301153,402900000.0,935100000.0,-453500000.0,1513400000.0,648150000.0,292800000.0,243350000.0,88.06096393233322,60.620172648796,52.462517037710136,1.022019246452455,1.484654300168634,1.715510522213562,0.0351625438347076,0.2106603779546992,2007-10-31,0.33,bmo,590794285.0,2025-04-25,2007-09-30,0.0606060606060604,19.834444444444443,1360867.6666666667
2007-06-30,FMC,USD,37785,2007-08-03,2007-08-03 11:53:06,2007,Q2,657900000.0,447900000.0,210000000.0,0.3191974464,23700000,77900000.0,0.0,77900000.0,0.0,101600000.0,549500000.0,0.0,15700000.0,33900000.0,142300000.0,0.2162942696,600000.0,0.0009119927,-102100000.0,6300000.0,0.0095759234,-8000000.0,8600000.0,0.0130718954,0.0575,0.055,149565217,156363636,https://www.sec.gov/Archives/edgar/data/37785/000119312507170347/0001193125-07-170347-index.htm,https://www.sec.gov/Archives/edgar/data/37785/000119312507170347/d10q.htm,4.3987500115083575,0.057500000150436,0.6278197690844122,0.4660174430796968,0.4225581406404137,7.307848856328675,6.184593039436435,6.920058157639687,4.109244196797441,2897078253.29,3432778253.29,84.21739108401162,4.4035237168110655,30.852803549414272,41.56496776599713,2.799109423468599,2.799109423468599,5.217781202751178,24.123529538229093,36.5578088742279,49.250764035724536,0.0029685080098314,0.0240587218936343,0.5786473429951691,0.2193772893772893,3.764581869290232,1.5698484227775502,0.0382165605095541,10.918604651162791,0.0023817099148648,0.8023255813953488,0.118407052743578,0.0360237118103055,0.0615384615384615,0.2577209797657082,0.0367837057303541,0.7138643067846607,0.0,2.992127214018387,0.0006315640706291,0.0033567525370804,-6.327340132833157,417300000.0,925000000.0,-487400000.0,1532200000.0,686650000.0,287000000.0,223750000.0,93.4610123119015,58.09109176155391,46.2357669122572,0.9629683840749416,1.5492909028017987,1.9465449804432853,0.0083091787439613,0.1618023260047154,2007-07-25,0.43,bmo,628660000.0,2025-04-25,2007-06-30,0.0465116279069767,17.800476190476193,1312572.8412698412
2007-03-31,FMC,USD,37785,2007-05-08,2007-05-08 09:51:56,2007,Q1,674100000.0,463300000.0,210800000.0,0.3127132473,23200000,77400000.0,0.0,77400000.0,0.0,100600000.0,563900000.0,0.0,0.0,34500000.0,144700000.0,0.2146565791,66100000.0,0.0980566682,-34800000.0,75400000.0,0.1118528408,20300000.0,45800000.0,0.0679424418,0.3,0.29,151404959,156581197,https://www.sec.gov/Archives/edgar/data/37785/000119312507105398/0001193125-07-105398-index.htm,https://www.sec.gov/Archives/edgar/data/37785/000119312507105398/d10q.htm,4.452298025456352,0.3024999993560316,-0.3843995625004594,-0.5191375534800019,0.3249563311859554,7.372942124042318,6.273902825071932,6.999110247108881,4.079787109218794,2473957030.06,3042457030.06,13.504132260152838,3.670014879187064,-42.50785275017182,-31.475280280661572,2.334582457355856,2.334582457355856,4.513361563655244,21.02596427131997,-52.27589398728522,-38.70810470814249,0.0185128518577742,-0.0317709641052632,0.5829008209870719,0.2234400434074878,3.9288182446440914,1.6789717531011807,0.0,-1.2707423580786026,0.0027890541008437,0.1506550218340611,0.1148197596795727,0.0344162587153241,0.060191716404413,-0.3505154639175257,0.030262572318647,0.591304347826087,0.0,6.90200652114823,0.021980272185041,0.0176282668103614,-6.424657464488994,454300000.0,949900000.0,-524800000.0,1637900000.0,614000000.0,293150000.0,218400000.0,92.13618157543392,55.344269371897255,42.23181523850637,0.9768149543544414,1.6261846261846262,2.131094756209752,0.0432197791827875,0.1347379909795424,2007-04-30,0.42,bmo,615482608.0,2025-04-25,2007-03-31,0.0952380952380953,16.374918032786887,1367769.3770491802
2006-12-31,FMC,USD,37785,2007-03-28,2007-03-28 10:36:21,2006,Q4,588400000.0,415600000.0,172800000.0,0.2936777702,26700000,77400000.0,0.0,77400000.0,76800000.0,104100000.0,519700000.0,0.0,240900000.0,33800000.0,102500000.0,0.1742012237,88400000.0,0.1502379334,-15700000.0,53000000.0,0.0900747791,20400000.0,12900000.0,0.0219238613,0.22,0.22,151404959,151404959,https://www.sec.gov/Archives/edgar/data/37785/000119312507066639/0001193125-07-066639-index.htm,https://www.sec.gov/Archives/edgar/data/37785/000119312507066639/d10ka.htm,3.886266367272686,0.0852019648841224,0.1499290389821379,-0.1413427944589318,1.0930949758389354,7.1232805525214005,6.042734703293305,6.73359714723743,5.7501419091563575,2510294220.22,2974494220.22,48.64911279496123,4.266305608803535,110.5856484678414,-117.30346823457944,2.462279764806277,2.462279764806277,5.055224711454792,29.01945580702439,131.03498767488986,-138.99505701962616,0.005138839860321,-0.0085248971326255,0.6176557135850907,0.2302376599634369,4.528780487804878,1.52,0.3669572436695724,1.7596899224806202,0.0027486817857531,0.5348837209302325,0.1315431679129843,0.0453772943575798,0.05981718464351,1.94273127753304,0.0749490142760027,1.3047337278106508,0.0,3.5928544950863084,0.0254240144118583,0.0050167224080267,-6.458672202407849,365300000.0,914900000.0,-588700000.0,1554000000.0,538000000.0,287150000.0,206600000.0,82.27566281441196,65.26948989412897,47.51203079884504,1.0938836214909835,1.378898473788985,1.894257064721969,0.0126532614026483,0.2912718334410697,2007-02-06,0.3,bmo,568354838.0,2025-04-25,2006-12-31,0.0333333333333333,15.30015873015873,1087580.4285714286
2006-09-30,FMC,USD,37785,2006-11-03,2006-11-03 15:50:22,2006,Q3,572200000.0,412600000.0,159600000.0,0.2789234533,25600000,69500000.0,0.0,69500000.0,0.0,95100000.0,507700000.0,0.0,60000000.0,32400000.0,96900000.0,0.1693463824,51100000.0,0.089304439,-9900000.0,54600000.0,0.0954211814,16000000.0,35100000.0,0.061342188,0.23,0.22,154285714,157752809,https://www.sec.gov/Archives/edgar/data/37785/000119312506223645/0001193125-06-223645-index.htm,https://www.sec.gov/Archives/edgar/data/37785/000119312506223645/d10q.htm,3.708703710571674,0.2275000004212962,1.008518520386145,0.7842592607115912,1.668981484572188,6.96824075364489,5.932500010986111,6.634444456730453,4.776203712548526,2141485710.32,2560885710.32,15.252747224501428,3.7425475538622863,13.762761634447305,17.698229010909092,2.0921118701836656,2.0921118701836656,4.475508057182804,26.42812910546956,16.458134385089977,21.16434471338843,0.0163904899438974,0.0565028285815267,0.6612934740132864,0.2429473835331275,4.328173374613003,1.596979107848673,0.8516666666666667,3.41978021978022,0.0033154552308168,0.2022792022792023,0.1214610276127228,0.0447396015379238,0.0573541023616395,0.2223650385604113,0.0604683677036001,1.067901234567901,0.0,5.827526287008752,0.0165957557082143,0.0133643009442583,-6.177662048477152,422900000.0,915300000.0,-579800000.0,1591700000.0,569000000.0,263600000.0,194900000.0,84.63649073750436,59.52738730004848,42.27338826951043,1.0633711206095522,1.5119091242213265,2.128998968008256,0.0342907385697538,0.2242592596745541,2006-11-01,0.25,bmo,550192307.0,2025-04-25,2006-09-30,0.04,13.34190476190476,1265962.0317460315
2006-06-30,FMC,USD,37785,2006-08-07,2006-08-07 16:04:28,2006,Q2,592300000.0,407900000.0,184400000.0,0.3113287186,22600000,70500000.0,0.0,70500000.0,0.0,93100000.0,501000000.0,0.0,0.0,33500000.0,124800000.0,0.2107040351,53600000.0,0.0904946817,-48700000.0,42600000.0,0.071923012,7300000.0,46300000.0,0.0781698464,0.3,0.29,154333333,159655172,https://www.sec.gov/Archives/edgar/data/37785/000119312506163760/0001193125-06-163760-index.htm,https://www.sec.gov/Archives/edgar/data/37785/000119312506163760/d10q.htm,3.837796984530879,0.3000000006479482,0.7205183600875127,0.5339092884101713,1.320518361383409,7.108639324208724,6.088120963473264,6.7606911593103485,4.40863931837719,2152949995.35,2629549995.35,11.624999974892008,3.634897847965558,19.36106110926259,26.128033924150483,2.063398500431282,2.063398500431282,4.439557648742191,21.070112142227565,23.647032332284173,31.912014506674755,0.0215053763905339,0.0382730672695463,0.6520989074180563,0.2446426003164102,3.818910256410256,1.6649045521292218,0.0,3.15014164305949,0.0027977777777777,0.1300966663856803,0.1190275198379199,0.0381563396927232,0.0566302315547245,0.2589928057553957,0.0486240081040013,0.8597014925373134,0.0,6.755343471941885,0.0201328242029728,0.0176468346228608,-6.041306708512542,452800000.0,939600000.0,-550300000.0,1612200000.0,595750000.0,262450000.0,202750000.0,91.15482019247004,56.10934052463839,43.245893601372885,0.9873312218703116,1.604011010617381,2.081122448979592,0.0443741613954379,0.1866090716773414,2006-08-01,0.38,bmo,608308108.0,2025-04-25,2006-06-30,-0.0263157894736842,13.761746031746032,1400339.984126984
2006-03-31,FMC,USD,37785,2006-05-08,2006-05-08 15:12:26,2006,Q1,594100000.0,400400000.0,193700000.0,0.3260393873,22000000,67500000.0,0.0,67500000.0,0.0,89500000.0,489900000.0,0.0,73100000.0,32100000.0,136300000.0,0.2294226561,62700000.0,0.1055377883,-40900000.0,63300000.0,0.1065477192,25000000.0,37700000.0,0.0634573304,0.25,0.24,152323232,158736842,https://www.sec.gov/Archives/edgar/data/37785/000119312506103368/0001193125-06-103368-index.htm,https://www.sec.gov/Archives/edgar/data/37785/000119312506103368/d10q.htm,3.900258628966066,0.2475000005251989,-0.1674071621589541,-0.2796684356067235,1.208614060920136,6.951007972309832,5.961664468884169,6.616850146667056,5.25001990503983,2045701005.76,2588201005.76,13.565656536870026,3.443361396667228,-80.22356885333333,-48.02115036995305,2.029666639309456,2.029666639309456,4.356507331695001,18.98900224328687,-101.49807865725492,-60.755892153990615,0.0184288905826655,-0.0208241575284231,0.7209048516717929,0.261498596415461,3.980190755685987,1.650095884348724,0.8577291381668947,-0.6657963446475196,0.0029061057334326,0.1576929289583024,0.1136172361555293,0.0370308028951355,0.0542359461599366,-0.6705882352941176,0.0287830331594007,0.5327102803738317,0.0,6.070221110671614,0.017059522809895,0.0143460557859888,-6.48128317025206,440700000.0,908100000.0,-601200000.0,1594300000.0,542950000.0,285800000.0,212600000.0,89.62127587948157,60.82417582417583,47.09040959040959,1.0042258282623395,1.4796747967479675,1.9112171837708831,0.0374045044151205,0.1122612734477692,2006-04-26,0.35,bmo,472579545.0,2025-04-25,2006-03-31,0.2571428571428572,12.735806451612904,1459800.2258064516
2005-12-31,FMC,USD,37785,2006-03-08,2006-03-08 15:42:21,2005,Q4,522200000.0,360100000.0,162100000.0,0.3104174646,23200000,73300000.0,0.0,73300000.0,40400000.0,96500000.0,456600000.0,0.0,211900000.0,32500000.0,98100000.0,0.1878590578,74300000.0,0.1422826503,28600000.0,94200000.0,0.1803906549,49000000.0,25300000.0,0.0484488702,0.3,0.3,152323232,152323232,https://www.sec.gov/Archives/edgar/data/37785/000119312506048313/0001193125-06-048313-index.htm,https://www.sec.gov/Archives/edgar/data/37785/000119312506048313/d10k.htm,3.4282360815453288,0.1660941648086878,0.3577917779475688,0.1345822284022965,1.3550132654748293,6.635888608245917,5.660331576998051,6.297791790552344,6.119224150916126,1754763632.64,2268563632.64,17.339561587351778,3.360328672232861,32.1974978466055,85.59822598243902,1.8292125848431149,1.8292125848431149,4.344242881348142,23.12501154576962,41.62502078238532,110.66164061658536,0.0144178962507541,0.011682485104366,0.7507557594079016,0.2628467153284671,5.237512742099898,1.6188381616866374,0.3506370929683813,1.2057522123893805,0.0014246933054104,0.0988142292490118,0.1403676752202221,0.0444274224435082,0.0542335766423357,0.6238532110091743,0.0651091535810034,1.0461538461538462,0.0,4.851349865840749,0.0164968673557275,0.0097630624372925,-6.855323290409174,408000000.0,862200000.0,-661900000.0,1568600000.0,488200000.0,265750000.0,210050000.0,85.19149751053237,75.22910302693697,53.91002499305748,1.0564434553914628,1.196345514950166,1.669448307834956,0.0263733972688418,0.2232095495452722,2006-02-06,0.23,bmo,444837037.0,2025-04-25,2005-12-31,0.1739130434782609,11.35904761904762,1394332.111111111
2005-09-30,FMC,USD,37785,2005-11-04,2005-11-04 16:53:21,2005,Q3,510000000.0,367800000.0,142200000.0,0.2788235294,22900000,63100000.0,0.0,63100000.0,0.0,86000000.0,453800000.0,0.0,60000000.0,33700000.0,89900000.0,0.1762745098,-9600000.0,-0.0188235294,-64400000.0,-8200000.0,-0.0160784314,-5200000.0,-4400000.0,-0.008627451,-0.03,-0.03,146666667,146666667,https://www.sec.gov/Archives/edgar/data/37785/000119312505217009/0001193125-05-217009-index.htm,https://www.sec.gov/Archives/edgar/data/37785/000119312505217009/d10q.htm,3.4772727193698345,-0.0299999999318181,0.3572727264607438,0.2011363631792355,0.6395454530919421,6.909545438841942,5.878636350275826,6.572727257789256,5.192727260925619,1818666670.8,2426466670.8,-103.33333356818184,3.56601308,34.70737921374046,61.649717654237286,1.8865836834024896,1.8865836834024896,4.757777785882353,26.99073048720801,46.30661585496184,82.25310748474577,-0.0024193548332111,0.0162206744499383,0.7278008298755186,0.2613716797675371,6.760845383759733,1.406604901374776,-0.16,-17.466666666666665,0.0013746334279608,-0.5681818181818182,0.1237254901960784,0.0449019607843137,0.0563275341802332,0.4370229007633587,0.0449019607843137,0.6795252225519288,0.0,,-0.0016740682182798,-0.0017370020922979,-7.590852255475336,272100000.0,862200000.0,-729600000.0,1440500000.0,508900000.0,242300000.0,203650000.0,85.0764705882353,56.40293637846656,50.0163132137031,1.057871810827629,1.5956616052060737,1.799412915851272,-0.004564315352697,0.1561363632815082,2005-11-02,0.22,bmo,534285714.0,2025-04-25,2005-09-30,-0.0454545454545455,12.72515625,1142037.84375
2005-06-30,FMC,USD,37785,2005-08-05,2005-08-05 11:25:32,2005,Q2,565600000.0,387400000.0,178200000.0,0.3150636492,23700000,68500000.0,0.0,68500000.0,0.0,92200000.0,479600000.0,0.0,60600000.0,35500000.0,121500000.0,0.2148161245,50400000.0,0.0891089109,-33500000.0,52500000.0,0.0928217822,19200000.0,31200000.0,0.0551626591,0.21,0.2,150361446,156000000,https://www.sec.gov/Archives/edgar/data/37785/000119312505158717/0001193125-05-158717-index.htm,https://www.sec.gov/Archives/edgar/data/37785/000119312505158717/d10q.htm,3.761602558677176,0.2074999997007211,0.5719551273801929,0.4209855763158862,1.78968749741872,6.574158644364195,5.563926274026389,6.238966337155337,6.265568901219532,1828395183.36,2440795183.36,14.65060243076923,3.232664751343706,21.26040910883721,28.88460005308057,1.949040809465942,1.949040809465942,4.315408740028289,20.08884924576132,28.38133934139535,38.55916561390205,0.0170641447122303,0.0346205243680827,0.939665280886899,0.3033379215416379,5.040329218106996,1.583495957624756,0.8316831683168316,2.5825825825825826,0.0,0.0,0.1211103253182461,0.0419024045261669,0.0522711631108052,0.263953488372093,0.0401343705799151,0.6394366197183099,0.0,5.397052347771161,0.0141076787290379,0.0113285646853781,-7.616147825553633,418600000.0,836600000.0,-781500000.0,1594300000.0,550250000.0,266950000.0,202900000.0,85.2422206506365,59.032008260196186,47.13732576148684,1.0558148217285794,1.5245966155057065,1.909314933464761,0.0332587144227694,0.1509695510643067,2005-08-02,0.32,bmo,532329411.0,2025-04-25,2005-06-30,0.0625,11.60546875,1335294.875
2005-03-31,FMC,USD,37785,2005-05-06,2005-05-06 11:04:07,2005,Q1,552400000.0,390200000.0,162200000.0,0.2936278059,24600000,65500000.0,0.0,65500000.0,0.0,90100000.0,480300000.0,0.0,68800000.0,34600000.0,106700000.0,0.1931571325,43100000.0,0.0780231716,-17300000.0,54800000.0,0.0992034757,19300000.0,64500000.0,0.1167632151,0.43,0.42,149132948,154491018,https://www.sec.gov/Archives/edgar/data/37785/000119312505098691/0001193125-05-098691-index.htm,https://www.sec.gov/Archives/edgar/data/37785/000119312505098691/d10q.htm,3.7040775188055695,0.4324999999329457,0.161600775168744,0.0683953488266053,1.537554263327511,6.661841084238474,5.574891472003893,6.323217053283222,6.560589146269676,1726959537.84,2407259537.84,6.693641619534883,3.126284463866763,71.65807210954357,169.3097586117647,1.8313462755461296,1.8313462755461296,4.357819583345402,22.56100785229616,99.88628787717845,236.0058370431373,0.0373488773689935,0.0059063340955617,0.9645811240721104,0.3062523147368775,6.375820056232428,1.491588289839714,0.626453488372093,0.6788732394366197,0.0,0.0,0.1185734974656046,0.0445329471397538,0.054577286960035,0.5767634854771784,0.0251629254163649,0.4017341040462427,0.0,7.844284922172472,0.0121093899631158,0.0229700854700854,-8.195707363070433,371100000.0,831400000.0,-850600000.0,1609900000.0,522250000.0,311350000.0,210200000.0,92.02027516292542,64.53613531522295,46.79907739620707,0.9780453257790368,1.3945675482487492,1.9231148348940368,0.0683987274655355,0.0932054263421387,2005-05-02,0.22,bmo,434028571.0,2025-04-25,2005-03-31,0.2727272727272728,10.491639344262294,1322161.7704918033
2004-12-31,FMC,USD,37785,2005-03-14,2005-03-14 13:56:20,2004,Q4,513700000.0,359300000.0,154400000.0,0.3005645318,26300000,68100000.0,0.0,68100000.0,3500000.0,94400000.0,453700000.0,0.0,225300000.0,34300000.0,94300000.0,0.1835701771,31300000.0,0.0609305042,-25800000.0,34200000.0,0.0665758225,-63200000.0,94500000.0,0.1839595094,0.63,0.63,148115760,149132948,https://www.sec.gov/Archives/edgar/data/37785/000119312505049229/0001193125-05-049229-index.htm,https://www.sec.gov/Archives/edgar/data/37785/000119312505049229/d10k.htm,3.468233225147682,0.6380144827262136,0.4618009589256403,0.2221235606528299,1.4340135040322517,6.260643701926115,5.114243075821236,5.915643277933421,7.754070194825993,1549290849.6,2260090849.6000004,4.098653041269841,3.0159448113685032,22.650451017543865,47.09090728267478,1.768193163204748,1.768193163204748,4.399631788203232,23.967029158006365,33.04226388304094,68.69577050455928,0.0609956484441886,0.0212355220509397,1.0536407212965075,0.3099650819231802,7.537645811240721,1.3080112181441288,0.1389258766089658,0.702258726899384,0.0009681848959395,0.0158730158730158,0.132567646486276,0.0511971968074751,0.0570104754230459,0.5190058479532164,0.0691064823827136,1.0349854227405249,0.0,9.215258375877402,0.0394551125005597,0.0336466566972869,-9.25070363882952,252600000.0,757500000.0,-978400000.0,1534300000.0,481250000.0,291100000.0,191000000.0,84.04321588475764,85.89201224603396,54.48093515168383,1.0708776318532416,1.0478273549139692,1.6519540229885057,0.1078520885642547,0.2396773982728104,2005-01-27,0.21,bmo,489238095.0,2025-04-25,2004-12-31,0.0476190476190476,10.33171875,983932.890625
2004-09-30,FMC,USD,37785,2004-11-09,2004-11-09 12:30:01,2004,Q3,497500000.0,359700000.0,137800000.0,0.2769849246,22500000,60400000.0,0.0,60400000.0,0.0,82900000.0,442600000.0,0.0,54500000.0,33300000.0,88200000.0,0.1772864322,36700000.0,0.0737688442,-17600000.0,37300000.0,0.0749748744,7200000.0,29500000.0,0.0592964824,0.2,0.2,145679012,151282051,https://www.sec.gov/Archives/edgar/data/37785/000119312504190800/0001193125-04-190800-index.htm,https://www.sec.gov/Archives/edgar/data/37785/000119312504190800/d10q.htm,3.4150423809848465,0.2025000004805084,0.5621949165882592,0.4310847467856248,1.2712881386098362,5.124966113855852,4.069220348638828,4.790669502893114,7.603016967193599,1532543206.24,2400443206.24,12.987654290169491,3.080488856763819,18.71237126056166,24.403554239490447,2.1959352432153603,2.1959352432153603,4.825011469829145,27.21590936780045,29.30944085763125,38.22361793375796,0.0192490494753335,0.0409776375271506,1.5089554377417969,0.3658248514954667,9.84013605442177,1.4607997895290712,0.673394495412844,2.7209302325581395,0.0001957530455118,0.0101694915254237,0.1214070351758793,0.0452261306532663,0.0534268940841352,0.2332112332112332,0.0383919597989949,0.5735735735735735,0.0,4.671989723271103,0.0134434034018928,0.0108260853609306,-10.31411443125383,350300000.0,592800000.0,-1021600000.0,1583900000.0,482850000.0,238950000.0,163600000.0,87.34070351758794,59.87489574645538,41.15929941618016,1.030447390223695,1.5031341412452988,2.186626139817629,0.0422696661412809,0.1311101698026343,2004-10-26,0.2,bmo,452272727.0,2025-04-25,2004-09-30,0.0999999999999999,9.50671875,1170576.3125
2004-06-30,FMC,USD,37785,2004-08-06,2004-08-06 11:07:31,2004,Q2,534300000.0,377600000.0,156700000.0,0.2932809283,20700000,61400000.0,0.0,61400000.0,0.0,82100000.0,459700000.0,0.0,73600000.0,33500000.0,108100000.0,0.2023207936,42300000.0,0.0791690062,-22200000.0,52400000.0,0.0980722441,11600000.0,30700000.0,0.0574583567,0.21,0.21,144470588,149756098,https://www.sec.gov/Archives/edgar/data/37785/000119312504133844/0001193125-04-133844-index.htm,https://www.sec.gov/Archives/edgar/data/37785/000119312504133844/d10q.htm,3.698330624915848,0.2125000003460912,0.9434446269437208,0.8223127049223334,0.6963355060200904,4.820358314039671,3.764087954013173,4.489495121318396,7.969096104184196,1349355291.92,2326455291.92,10.9882352762215,2.525463769268202,9.899892090388848,11.358209527946128,2.08041210595128,2.08041210595128,4.354211663709527,21.521325549676227,17.06863750491563,19.582957002693604,0.022751606032772,0.0880420454948965,1.6615787850755472,0.384357502050715,9.038852913968547,1.4820277817556924,0.5747282608695652,3.340686274509804,0.0,0.0,0.1149167134568594,0.038742279618192,0.054424194871429,0.1283932501834189,0.0327531349429159,0.5223880597014925,0.0,4.633076578663848,0.0150495215273454,0.0115792252857088,-10.821406776582096,336600000.0,543800000.0,-1072600000.0,1578900000.0,516750000.0,247650000.0,171400000.0,81.34194272880404,56.869703389830505,38.7791313559322,1.1064402567819425,1.5825649622799665,2.320835894283958,0.0473327166204132,0.1211319220213874,2004-07-27,0.21,bmo,400724999.0,2025-04-25,2004-06-30,0.3333333333333335,9.041774193548388,1304144.2258064516
2004-03-31,FMC,USD,37785,2004-05-07,2004-05-07 15:23:59,2004,Q1,505700000.0,377600000.0,128100000.0,0.2533122405,23900000,64900000.0,0.0,64900000.0,0.0,88800000.0,466400000.0,0.0,38000000.0,33200000.0,72500000.0,0.1433656318,5400000.0,0.0106782677,-32100000.0,7200000.0,0.0142376903,-100000.0,5500000.0,0.0108760134,0.0375,0.0375,146666667,146666667,https://www.sec.gov/Archives/edgar/data/37785/000119312504082006/0001193125-04-082006-index.htm,https://www.sec.gov/Archives/edgar/data/37785/000119312504082006/d10q.htm,3.447954537618285,0.0374999999147727,-0.5195454533646694,-0.6102272713403926,0.4438636353548554,4.394999990011364,3.357272719642562,4.069772718023244,7.91045452747624,1361066669.76,2418166669.76,61.86666680727272,2.691450800395492,-17.86176731968504,-15.207448824134078,2.280225615278941,2.280225615278941,4.78182058485268,33.35402303117242,-31.73447073175853,-27.018622008491626,0.004040948266678,-0.0657572490668526,1.8800469090299885,0.3923776223776223,14.580689655172414,1.5651360299409818,0.1421052631578947,-10.438356164383562,0.0008816614400024,0.2181818181818181,0.1283369586711489,0.04726122206842,0.0532167832167832,-0.1745406824146981,0.0263001779711291,0.4006024096385542,0.0,1.8530706200865257,0.0024986308871851,0.0020311692148607,-11.231590883564566,392600000.0,492400000.0,-1128100000.0,1647600000.0,514400000.0,278100000.0,186350000.0,97.99090369784456,61.18379237288135,42.92637711864406,0.9184525971667272,1.4709777950915466,2.096612992781788,0.0092142737476964,0.0906818179757231,2004-04-28,0.07,bmo,353990000.0,2025-04-25,2004-03-31,0.4285714285714285,7.897741935483871,1210547.9838709678
2003-12-31,FMC,USD,37785,2004-03-30,2004-03-30 13:10:38,2003,Q4,506900000.0,360200000.0,146700000.0,0.2894061945,25200000,62600000.0,0.0,62600000.0,0.0,87800000.0,448000000.0,0.0,201700000.0,31900000.0,90800000.0,0.1791280331,8800000.0,0.0173604261,-36800000.0,22100000.0,0.0435983429,2500000.0,6300000.0,0.0124284869,0.13,0.13,140070175,146666667,https://www.sec.gov/Archives/edgar/data/37785/000119312504053471/0001193125-04-053471-index.htm,https://www.sec.gov/Archives/edgar/data/37785/000119312504053471/d10ka.htm,3.6189003119329297,0.0449774550506558,0.060683867925488,-0.1377880765837552,0.4069388790297434,4.544864743690082,3.428995501719049,4.200037588301721,8.937662853637471,1035118593.25,2028318593.25,41.076134652777775,2.0420568026237915,121.77865802941176,-53.63308773316062,1.7595080626381097,1.7595080626381097,4.001417623298481,22.33831049834802,238.6257168529412,-105.09422762953368,0.0060862591408194,-0.0186452065742564,1.785143634200238,0.3712528280542986,10.938325991189428,1.3879037800687286,0.0436291522062469,0.4336734693877551,0.0028982186384854,0.4761904761904761,0.1234957585322548,0.0497139475241665,0.0552531108597285,3.2705882352941176,0.0548431643322154,0.8714733542319749,0.0,2.0616516537415768,0.0036846819729369,0.002357343311506,-11.995772833153096,282200000.0,480300000.0,-1182500000.0,1566600000.0,455350000.0,264550000.0,189050000.0,84.90432037877294,74.83342587451416,48.12326485285953,1.0600167294019238,1.2026711185308847,1.870197300103842,0.0107088220295767,0.1984719445092433,2004-02-02,0.17,bmo,453542105.0,2025-04-25,2003-12-31,0.1176470588235293,6.44109375,1015679.25
2003-09-30,FMC,USD,37785,2003-11-12,2003-11-12 11:04:57,2003,Q3,470500000.0,344400000.0,126100000.0,0.2680127524,20100000,57200000.0,0.0,57200000.0,0.0,77300000.0,421700000.0,0.0,57700000.0,31300000.0,48800000.0,0.1037194474,48800000.0,0.1037194474,-63300000.0,-14500000.0,-0.0308182784,-11100000.0,-3400000.0,-0.0072263549,-0.025,-0.025,136000000,136000000,https://www.sec.gov/Archives/edgar/data/37785/000119312503077851/0001193125-03-077851-index.htm,https://www.sec.gov/Archives/edgar/data/37785/000119312503077851/d10q.htm,3.459558823529412,-0.025,1.1147058823529412,0.9661764705882352,1.125735294117647,4.013235294117648,2.9514705882352943,3.694117647058824,8.393382352941176,742560000.0,1673260000.0,-54.6,1.5782359192348565,4.898153034300791,5.651141552511415,1.4780254777070063,1.4780254777070063,3.55634431455898,34.28811475409836,11.037335092348284,12.734094368340944,-0.0045787545787545,0.1769553975436328,2.1572452229299364,0.3853648129711278,19.07172131147541,1.4444444444444444,0.8457538994800693,-44.588235294117645,0.0016160310277957,-0.3529411764705882,0.1215727948990435,0.0427205100956429,0.0513440477883658,0.1332453825857519,0.042933049946865,0.645367412140575,0.0,,0.005416946894854,-0.0012743628185907,-12.473345588235292,333200000.0,401400000.0,-1183700000.0,1552300000.0,460050000.0,234500000.0,187200000.0,82.73113708820404,60.0,48.47560975609756,1.0878612716763003,1.5,1.8566037735849057,-0.0067675159235668,0.1485294117647058,2003-10-29,0.12,bmo,470500000.0,2025-04-25,2003-09-30,0.0,5.340625,1237825.828125
2003-06-30,FMC,USD,37785,2003-08-13,2003-08-12 18:25:49,2003,Q2,510000000.0,370700000.0,139300000.0,0.2731372549,22000000,60300000.0,0.0,60300000.0,0.0,82300000.0,453000000.0,0.0,57000000.0,30900000.0,57000000.0,0.1117647059,57000000.0,0.1117647059,-29000000.0,28000000.0,0.0549019608,6300000.0,21700000.0,0.0425490196,0.16,0.15,140000000,142295082,https://www.sec.gov/Archives/edgar/data/37785/000119312503034602/0001193125-03-034602-index.htm,https://www.sec.gov/Archives/edgar/data/37785/000119312503034602/d10q.htm,3.642857142857143,0.155,0.7942857142857143,0.6378571428571429,0.6692857142857143,3.9585714285714286,2.925,3.642142857142858,9.620714285714286,686000000.0,1882200000.0,7.903225806451614,1.3450980392156864,6.169064748201439,7.681970884658455,1.3453618356540498,1.3453618356540498,3.6905882352941175,33.02105263157895,16.926258992805757,21.07726763717805,0.0316326530612244,0.1301749271137026,2.5297117081780742,0.4326926302371607,20.985964912280703,1.5028227785959745,1.0,5.124423963133641,0.0,0.0,0.118235294117647,0.0431372549019607,0.0485391298513971,0.1969424460431654,0.0429411764705882,0.7087378640776699,0.0,3.5639827741286454,0.0188227022881247,0.0076505429417571,-13.378928571428572,409700000.0,409500000.0,-1202400000.0,1644600000.0,496250000.0,235500000.0,186400000.0,86.04705882352941,58.12247100080928,45.86188292419747,1.0459392945036916,1.5484544695071012,1.9624139756484915,0.0425573641890566,0.1564285714285714,2003-07-29,0.14,bmo,476000000.0,2025-04-25,2003-06-30,0.0714285714285712,4.181904761904762,1027468.4444444444
2003-03-31,FMC,USD,37785,2003-05-13,2003-05-13 16:38:08,2003,Q1,434000000.0,325200000.0,108800000.0,0.2506912442,20100000,56800000.0,0.0,56800000.0,0.0,76900000.0,402100000.0,0.0,31900000.0,30500000.0,62400000.0,0.1437788018,2400000.0,0.0055299539,-29500000.0,2400000.0,0.0055299539,500000.0,1900000.0,0.0043778802,0.0125,0.0125,152000000,152000000,https://www.sec.gov/Archives/edgar/data/37785/000095013003003620/0000950130-03-003620-index.htm,https://www.sec.gov/Archives/edgar/data/37785/000095013003003620/d10q.htm,2.8552631578947367,0.0125,-0.6763157894736842,-0.7888157894736842,0.3947368421052631,3.186184210526316,2.3039473684210527,2.897368421052632,8.88092105263158,516800000.0,1774800000.0,68.0,1.1907834101382488,-5.027237354085603,-4.310258548790659,1.173478655767484,1.173478655767484,4.089400921658986,28.442307692307693,-17.264591439688715,-14.8023352793995,0.0036764705882352,-0.2320046439628482,2.9927338782924613,0.4520665409020751,20.16025641025641,1.48843858776728,0.0752351097178683,-54.10526315789474,0.0034829721362229,0.9473684210526316,0.1308755760368663,0.0463133640552995,0.0459955410735722,-0.1663424124513618,0.0394009216589861,0.5606557377049181,0.0,0.9027097365272254,0.000823723228995,0.0006831092255698,-12.503782894736842,392900000.0,350200000.0,-1233900000.0,1601600000.0,483550000.0,259050000.0,181350000.0,104.70276497695852,64.09594095940959,50.89483394833948,0.8595761536938008,1.4041450777202074,1.768352365415987,0.004314259763851,0.1125,2003-04-30,0.01292,bmo,434000000.0,2025-04-25,2003-03-31,-0.0325077399380803,4.264098360655738,1416915.9672131147
2002-12-31,FMC,USD,37785,2003-03-11,2003-03-11 17:00:01,2002,Q4,459700000.0,329700000.0,130000000.0,0.282793126,21600000,52900000.0,0.0,52900000.0,30100000.0,74500000.0,404200000.0,0.0,156800000.0,29800000.0,85300000.0,0.1855557973,11800000.0,0.0256689145,-40400000.0,15100000.0,0.0328475092,2400000.0,9400000.0,0.0204481183,0.0836,0.0836,152000000,152000000,https://www.sec.gov/Archives/edgar/data/37785/000093176303000502/0000931763-03-000502-index.htm,https://www.sec.gov/Archives/edgar/data/37785/000093176303000502/d10k.htm,3.024342105263158,0.0618421052631578,0.3546052631578947,0.1375,0.5894736842105263,2.9657894736842105,2.1125,2.671052631578948,9.486842105263158,899840000.0,2095440000.0,23.931914893617023,1.9574505112029583,16.694619666048236,43.054545454545455,2.216354679802956,2.216354679802956,4.558277137263433,24.565533411488865,38.87643784786642,100.26028708133973,0.0104463015647226,0.0232263513513513,3.1655172413793102,0.4474930362116991,14.01641266119578,1.3442716670477932,0.0752551020408163,4.244094488188976,0.0031116642958748,0.2978723404255319,0.1150750489449641,0.0469871655427452,0.0451601671309192,0.6122448979591837,0.0717859473569719,1.1073825503355703,0.0,1.927856103324274,0.0044173691686732,0.0034277796010647,-12.470723684210526,301100000.0,321100000.0,-1245500000.0,1506300000.0,414850000.0,249400000.0,173150000.0,90.48944964107028,78.20746132848043,48.80800727934486,0.9945910861099092,1.1507853403141362,1.843959731543624,0.0231527093596059,0.2171052631578947,2003-01-28,0.15,bmo,429053333.0,2025-04-25,2002-12-31,0.0666666666666667,6.07703125,1295637.375
2002-09-30,FMC,USD,37785,2002-11-14,2002-11-14 16:48:09,2002,Q3,476600000.0,350100000.0,126500000.0,0.2654217373,19400000,55700000.0,0.0,55700000.0,0.0,75100000.0,425200000.0,0.0,0.0,33600000.0,85000000.0,0.1783466219,38300000.0,0.0803608896,-13100000.0,38300000.0,0.0803608896,10100000.0,28200000.0,0.0591691146,0.2,0.2,141000000,142784810,https://www.sec.gov/Archives/edgar/data/37785/000102140802014174/0001021408-02-014174-index.htm,https://www.sec.gov/Archives/edgar/data/37785/000102140802014174/d10q.txt,3.3801418439716318,0.2,0.9943262411347518,0.8836879432624114,0.2645390070921986,3.298581560283688,2.4170212765957446,2.992198581560284,6.311347517730496,788190000.0,1640790000.0,6.9875,1.6537767519932858,5.621897289586305,6.325762439807384,1.868191514576914,1.868191514576914,3.4426982794796475,19.30341176470588,11.70320970042796,13.168459069020868,0.035778175313059,0.1580837107803956,2.109267598957099,0.3758182355673803,10.030588235294118,0.8303379676726574,0.0,4.971631205673759,0.0012687296210304,0.0354609929078014,0.1168694922366764,0.0407049937054133,0.0524937708518096,0.1112696148359486,0.0327318506084767,0.4642857142857143,0.0,3.6694541306604815,0.0156293299340464,0.0125690853984667,-10.68173758865248,-150100000.0,340800000.0,-1168200000.0,1032900000.0,387700000.0,215700000.0,178450000.0,69.39781787662609,54.57583547557841,43.059125964010285,1.2968707482993198,1.649081488459727,2.0901492537313437,0.0668404835269021,0.1106382978723404,2002-10-29,0.2,bmo,476600000.0,2025-04-25,2002-09-30,0.0,5.86015625,1268042.53125
2002-06-30,FMC,USD,37785,2002-08-14,2002-08-14 14:47:19,2002,Q2,482400000.0,356200000.0,126200000.0,0.2616086235,20400000,57700000.0,0.0,57700000.0,0.0,78100000.0,434300000.0,0.0,0.0,29200000.0,77300000.0,0.1602404643,23100000.0,0.0478855721,-25000000.0,23100000.0,0.0478855721,3900000.0,19200000.0,0.039800995,0.0738,0.0712,260744000,268464000,https://www.sec.gov/Archives/edgar/data/37785/000102140802010936/0001021408-02-010936-index.htm,https://www.sec.gov/Archives/edgar/data/37785/000102140802010936/d10q.txt,1.8500905102322585,0.0736354431933237,0.21055134538091,0.151106065719633,0.1929095204491762,1.6663854201822477,1.1946583622250175,1.5014727088638664,3.675252354800111,1713088080.0,2621088080.0,22.305834375000003,3.5511776119402985,31.20379016393443,43.47939289340101,4.375703908045978,4.375703908045978,5.433433001658375,33.90799586028461,47.74295227686703,66.52507817258883,0.0112078300142045,0.0229994011749821,2.447765006385696,0.3884947500709449,11.746442432082794,0.862061613900437,0.0,2.859375,0.0,0.0,0.1196102819237147,0.0422885572139303,0.0498641910244456,0.2823315118397085,0.0321310116086235,0.5308219178082192,0.0,1.5772242034971122,0.0103020872458013,0.008192174766395,-6.064473199766821,-129400000.0,311500000.0,-1223500000.0,1061800000.0,407150000.0,252250000.0,197100000.0,76.10074626865672,55.35934868051656,47.85513756316676,1.1826428046089728,1.6257416704701049,1.880675818373812,0.0490421455938697,0.0594452796612769,2002-07-22,0.16,bmo,428800000.0,2025-04-25,2002-06-30,0.1249999999999999,7.81859375,1734533.453125
2002-03-31,FMC,USD,37785,2002-05-15,2002-05-15 16:04:29,2002,Q1,434200000.0,322800000.0,111400000.0,0.2565637955,20600000,57900000.0,0.0,57900000.0,0.0,78500000.0,401300000.0,0.0,0.0,26200000.0,59100000.0,0.1361123906,10000000.0,0.0230308614,-22900000.0,10000000.0,0.0230308614,1000000.0,9000000.0,0.0207277752,0.0363,0.035,251816000,259288000,https://www.sec.gov/Archives/edgar/data/37785/000102140802007225/0001021408-02-007225-index.htm,https://www.sec.gov/Archives/edgar/data/37785/000102140802007225/d10q.txt,1.7242748673634718,0.0357403818661244,-0.5654922641929028,-0.6441211042983765,0.056390380277663,1.062680687486101,0.6214855291164978,0.895495123423452,4.011659306795438,2251235040.0,3247235040.0,62.53430666666666,5.184788208198986,-15.809234831460673,-13.879377558569669,9.983303946784922,9.983303946784922,7.478661999078765,54.94475532994924,-22.803616853932585,-20.019944759556104,0.0039978055778662,-0.0720493405255454,4.479822616407982,0.4152929085303186,16.85279187817259,0.7570351998473719,0.0,-15.822222222222225,0.0007995611155732,0.2,0.1333486872409028,0.0474435743896821,0.0456731757451181,-0.1390449438202247,0.045601105481345,0.7557251908396947,0.0,0.8485989026531586,0.0050810139445604,0.0038769707934866,-6.923706198176446,-254700000.0,156500000.0,-1371300000.0,914400000.0,424050000.0,306550000.0,206000000.0,84.23767848917551,79.57249070631971,57.100371747211895,1.0684055118110236,1.1310441485634195,1.576171875,0.0399113082039911,0.0786288401054738,2002-04-18,0.1,bmo,434200000.0,2025-04-25,2002-03-31,0.0,7.751,2178011.0
2001-12-31,FMC,USD,37785,2002-03-11,2002-03-11 00:00:00,2001,Q4,-891700000.0,-710100000.0,-181600000.0,0.2036559381,-16100000,173300000.0,0.0,173300000.0,-324400000.0,-167200000.0,-877300000.0,0.0,0.0,-6600000.0,-14400000.0,0.016148929,-96900000.0,0.1086688348,-56700000.0,-71100000.0,0.079735337,-64200000.0,-32700000.0,0.0366715263,-0.26,-0.26,124137931,124137931,https://www.sec.gov/Archives/edgar/data/37785/000093066102000678/0000930661-02-000678-index.htm,https://www.sec.gov/Archives/edgar/data/37785/000093066102000678/d10k.txt,-7.183138890884205,-0.263416666739838,-0.411638889003233,-0.3028888889730247,0.1885000000523611,2.12344444503429,1.18658333366294,1.7625555560451542,7.439305557622029,839172413.56,1739272413.56,-6.415691235168195,-0.9410927594033868,-16.422160735029355,-22.31841525425532,3.8353400985374777,3.8353400985374777,-1.95051296799372,-120.78280649722224,-34.03664214403131,-46.25724504148936,-0.0389669625354789,-0.0448060486646486,4.220749542961609,0.3727999354109478,-62.50694444444444,0.7601000741289844,0.0,7.405797101449275,0.0,0.0,-0.1943478748458001,0.0180553997981383,0.046948167285645,-0.2641878669275929,-0.0151396209487495,-2.0454545454545454,0.0,,-0.0056320281897073,-0.0138506501757804,-14.140118059483369,-258900000.0,147300000.0,-1393300000.0,945200000.0,555750000.0,445350000.0,338050000.0,-44.581137153751264,-41.53358681875792,-26.26108998732573,-2.018791034638895,-2.166920964296613,-3.427123552123552,-0.1494515539305301,0.1087500000302083,2002-01-31,0.18,bmo,-842161111.0,2025-04-25,2001-12-31,0.0555555555555556,5.93484375,3258829.5
2001-09-30,FMC,USD,37785,2001-11-07,2001-11-07 00:00:00,2001,Q3,956800000.0,726700000.0,230100000.0,0.2404891304,37900000,122900000.0,0.0,122900000.0,0.0,160800000.0,887500000.0,0.0,0.0,41900000.0,34600000.0,0.0361622074,26000000.0,0.027173913,-19100000.0,26000000.0,0.027173913,4700000.0,21300000.0,0.0222617057,0.085,0.0825,250080000,255920000,https://www.sec.gov/Archives/edgar/data/37785/000095013101503999/0000950131-01-503999-index.htm,https://www.sec.gov/Archives/edgar/data/37785/000095013101503999/d10q.txt,3.8259756877799114,0.085172744721689,0.2759117082533589,0.1187619961612284,0.4942418426103647,2.9094689699296223,1.071657069737684,2.4408189379398597,4.920425463851568,1377940800.0,2484840800.0,16.17301408450704,1.4401555183946488,19.97015652173913,46.39531313131313,2.2574390563564872,2.2574390563564872,2.597032608695652,71.81620809248555,36.01218550724638,83.6646734006734,0.0154578484068401,0.0215539012996784,2.0158912188728704,0.324430499894537,31.991329479768787,1.0544991965720407,0.0,3.23943661971831,0.0006531485242326,0.0422535211267605,0.1284489966555184,0.0396112040133779,0.1211769668846235,0.5695652173913044,0.041074414715719,0.9379474940334128,0.0,2.1627651483790045,0.0084256329113924,0.0063902556102244,-8.816378758797185,81400000.0,268000000.0,-1490200000.0,1889200000.0,679400000.0,576150000.0,469200000.0,63.00376254180601,69.72615935048852,58.07210678409248,1.428486115258286,1.2907637655417408,1.5497973981659203,0.0348951507208387,0.1571497120921305,2001-11-01,0.27,bmo,931114285.0,2025-04-25,2001-09-30,-0.4814814814814814,7.1,3145190.4576271186
2001-06-30,FMC,USD,37785,2001-08-14,2001-08-14 00:00:00,2001,Q2,1001300000.0,733400000.0,267900000.0,0.2675521822,41300000,134500000.0,0.0,134500000.0,323100000.0,498900000.0,1232300000.0,0.0,0.0,50300000.0,-180700000.0,-0.180465395,-440100000.0,-0.4395286128,-209100000.0,-440100000.0,-0.4395286128,-140300000.0,-299800000.0,-0.299410766,-2.4,-2.4,124800000,124800000,https://www.sec.gov/Archives/edgar/data/37785/000095013101502965/0000950131-01-502965-index.htm,https://www.sec.gov/Archives/edgar/data/37785/000095013101502965/d10q.txt,8.023237179487179,-2.40224358974359,0.3846153846153846,-0.1634615384615384,0.2596153846153846,5.712339743589744,2.0264423076923075,4.819711538461538,9.33173076923077,972192000.0,2104392000.0,-0.8107004669779853,0.9709297912713472,20.254,-47.656470588235294,1.616279301745636,1.616279301745636,2.101659842205134,-11.645777531820697,43.8415,-103.1564705882353,-0.3083753003521938,-0.020983509430236,1.9361596009975064,0.3091584815503053,-6.265633646928611,0.9872507355344884,0.0,-0.1601067378252168,0.0,0.0,0.1343253770098871,0.0412463797063817,0.1221130873374037,1.425,0.0683111954459203,1.359840954274354,0.0,,-0.1213765182186234,-0.0906561838524342,-18.190705128205128,-19500000.0,252900000.0,-1544100000.0,1771000000.0,671850000.0,595950000.0,476500000.0,61.9294916608409,72.31660758112899,57.61521679847287,1.453265602322206,1.2445274053962327,1.562087326943557,-0.4984206151288445,0.5480769230769231,2001-07-31,0.4,bmo,523200000.0,2025-04-25,2001-06-30,0.0,8.357142857142858,2729522.4444444445
2001-03-31,FMC,USD,37785,2001-05-15,2001-05-15 00:00:00,2001,Q1,876600000.0,660900000.0,215700000.0,0.2460643395,36600000,133400000.0,0.0,133400000.0,1300000.0,171300000.0,832200000.0,0.0,0.0,46000000.0,90400000.0,0.103125713,6900000.0,0.007871321,-31900000.0,12500000.0,0.0142596395,33400000.0,-26500000.0,-0.0302304358,-0.22,-0.22,123200000,123200000,https://www.sec.gov/Archives/edgar/data/37785/000095013101501490/0000950131-01-501490-index.htm,https://www.sec.gov/Archives/edgar/data/37785/000095013101501490/d10q.txt,7.115259740259741,-0.2150974025974026,-2.2337662337662336,-2.6509740259740258,0.25,6.744318181818182,2.8392857142857144,6.370941558441558,10.979707792207792,1031184000.0,2353084000.0,-9.728150943396226,1.1763449691991783,-3.74703488372093,-3.157330067360685,1.3137775512804175,1.3137775512804175,2.684330367328314,26.029690265486725,-8.55045058139535,-7.204788732394366,-0.0256986144082918,-0.3167233005942684,1.7234042553191489,0.3476394849785407,14.622787610619469,0.9508309383981008,0.0,13.167464114832535,0.0022304457788328,-0.0867924528301886,0.1521788729180926,0.0417522245037645,0.123641129757652,-0.1867732558139535,0.0586356376910791,1.117391304347826,0.0,,-0.0041202857142857,-0.0077712609970674,-18.64143668831169,-78700000.0,349800000.0,-1538300000.0,2021600000.0,645100000.0,465850000.0,454850000.0,67.217659137577,82.06082614616433,65.84203359055833,1.338933862837941,1.096747427812811,1.3669079627714582,-0.0337622627086253,0.4172077922077922,2001-04-17,0.14,bmo,447200000.0,2025-04-25,2001-03-31,0.0,8.452258064516128,2383344.241935484
2000-12-31,FMC,USD,37785,2001-03-29,2001-03-29 00:00:00,2000,Q4,1079800000.0,779900000.0,299900000.0,0.2777366179,43300000,124500000.0,0.0,124500000.0,47200000.0,215000000.0,994900000.0,0.0,0.0,47200000.0,132100000.0,0.1223374699,64400000.0,0.0596406742,-20500000.0,64400000.0,0.0596406742,14400000.0,50000000.0,0.0463048713,0.41,0.41,122578560,123200000,https://www.sec.gov/Archives/edgar/data/37785/000095013101500385/0000950131-01-500385-index.htm,https://www.sec.gov/Archives/edgar/data/37785/000095013101500385/d10k405.txt,8.809044583326807,0.40790167546429,1.1127557706665832,0.3956646252003613,0.2047666410830735,6.913117595768787,2.8781542220760303,6.529690020832354,8.555329741188018,999015264.0,2022615264.0,4.99507632,0.9251854639748102,7.324158826979472,20.598252865979383,1.248145007496252,1.248145007496252,1.873138788664568,15.311243482210449,14.828557653958944,41.70340750515464,0.0500492853330417,0.0485478067730504,1.3102198900549724,0.2799594223017165,7.748675246025738,0.9499249946424744,0.0,2.728,0.001301281418659,0.026,0.11529912946842,0.0401000185219485,0.132037694546037,0.6444281524926686,0.0814039636969809,1.8622881355932204,0.0,7.741324740934162,0.0198208197891064,0.0153784639990157,-17.814493823389668,-70100000.0,352800000.0,-1568700000.0,2040600000.0,639000000.0,426900000.0,416350000.0,52.96814224856455,37.97794589049878,49.18322861905372,1.6991345397324942,2.3697964144636887,1.829892069450962,0.0624687656171914,0.7170911454662219,2001-01-22,0.39,bmo,1079800000.0,2025-04-25,2000-12-31,0.0,7.961904761904762,2216448.571428572
2000-09-30,FMC,USD,37785,2000-11-14,2000-11-14 00:00:00,2000,Q3,919200000.0,611200000.0,308000000.0,0.3350739774,35300000,125100000.0,0.0,125100000.0,46000000.0,206400000.0,817600000.0,0.0,101600000.0,46000000.0,147600000.0,0.1605744125,8200000.0,0.0089208007,-26700000.0,74900000.0,0.081483899,18400000.0,-10200000.0,-0.0110966057,-0.0403,-0.0403,252800000,252800000,https://www.sec.gov/Archives/edgar/data/37785/000095013100006417/0000950131-00-006417-index.htm,https://www.sec.gov/Archives/edgar/data/37785/000095013100006417/0000950131-00-006417-0001.htm,3.636075949367088,-0.0403481012658227,0.2958860759493671,0.0949367088607595,0.2290348101265822,3.0688291139240507,1.1388449367088609,2.877373417721519,5.439477848101266,1926336000.0,3141936000.0,-47.21411764705883,2.095665796344647,25.7531550802139,80.264,2.648248556502612,2.648248556502612,3.4181201044386422,21.28682926829268,42.00449197860963,130.914,-0.0052950264128376,0.012458885677265,1.7507561176794062,0.3356438774972326,8.235772357723578,0.9320996147495872,0.0807086614173228,-7.333333333333333,0.0,0.0,0.1360966057441253,0.0384029590948651,0.1285910073269727,0.679144385026738,0.0552654482158398,1.1043478260869566,0.0,,0.0022868902596738,-0.0030850195082115,-9.000692246835444,-98700000.0,287900000.0,-1663500000.0,1960800000.0,634100000.0,551200000.0,407900000.0,62.90796344647519,77.26276178010471,59.85765706806283,1.4306614785992218,1.1648561082523348,1.5035670356703568,-0.0140225460544404,0.2009493670886075,2000-10-19,0.43,bmo,915995555.0,2025-04-25,2000-09-30,0.0465116279069767,7.317777777777778,1319560.0317460315
2000-06-30,FMC,USD,37785,2000-08-14,2000-08-14 00:00:00,2000,Q2,967500000.0,620600000.0,346900000.0,0.3585529716,39200000,134800000.0,0.0,134800000.0,50000000.0,224000000.0,844600000.0,0.0,66300000.0,50000000.0,172900000.0,0.1787080103,39900000.0,0.0412403101,-83000000.0,39900000.0,0.0412403101,1900000.0,38000000.0,0.0392764858,0.31,0.3,121600000,126000000,https://www.sec.gov/Archives/edgar/data/37785/000095013100004874/0000950131-00-004874-index.htm,https://www.sec.gov/Archives/edgar/data/37785/000095013100004874/0000950131-00-004874-0001.htm,7.956414473684211,0.3125,0.5962171052631579,0.1981907894736842,0.4621710526315789,6.667763157894737,2.515625,6.292763157894737,11.757401315789474,801344000.0,2108544000.0,5.272,0.8282625322997416,11.053020689655172,33.25078838174274,1.04723470987977,1.04723470987977,2.1793736434108526,12.195164835164835,29.08336551724138,87.49145228215768,0.0474203338391502,0.0300744748821979,1.7817564035546265,0.3469652627560758,7.56043956043956,0.9096108335524584,0.6018099547511312,1.9078947368421053,0.0,0.0,0.139328165374677,0.040516795865633,0.1284896297238834,0.6675862068965517,0.0500258397932816,0.968,0.0,6.651766002645265,0.0132783562792647,0.0110961864159317,-19.642886513157897,-137500000.0,305900000.0,-1735000000.0,1937100000.0,623400000.0,590550000.0,428350000.0,58.2046511627907,83.77860135352884,59.35707379954882,1.5462681796388045,1.0742599965379955,1.5162472514048375,0.0496602195504443,0.3980263157894737,2000-07-20,0.57,bmo,993470689.0,2025-04-25,2000-06-30,0.0175438596491228,6.815714285714286,2000307.7142857143
2000-03-31,FMC,USD,37785,2000-05-11,2000-05-11 00:00:00,2000,Q1,959000000.0,671400000.0,287600000.0,0.2998957247,36700000,138100000.0,0.0,138100000.0,45700000.0,220500000.0,891900000.0,0.0,0.0,45700000.0,112800000.0,0.1176225235,43400000.0,0.0452554745,-23700000.0,43400000.0,0.0452554745,10600000.0,32800000.0,0.0342022941,0.14,0.13,243200000,250400000,https://www.sec.gov/Archives/edgar/data/37785/000095013100003284/0000950131-00-003284-index.html,https://www.sec.gov/Archives/edgar/data/37785/000095013100003284/,3.9432565789473686,0.1348684210526315,-0.1504934210526315,-0.3696546052631579,0.2150493421052631,3.260690789473684,1.097450657894737,3.0744243421052637,5.855674342105263,1561344000.0,2933144000.0,11.900487804878049,1.6280959332638163,-42.65967213114754,-17.367563959955508,2.088195800454728,2.088195800454728,3.058544316996872,26.00304964539007,-80.14054644808743,-32.62674082313682,0.021007542220036,-0.0575785989506476,1.9046408987561856,0.3561941922413146,12.161347517730496,0.8810517789270359,0.0,-1.1158536585365857,0.0009607107722577,0.0457317073170731,0.1440041710114702,0.0382690302398331,0.1315875040644306,-1.4562841530054644,0.0555787278415015,1.1663019693654266,0.0,3.0544168060325414,0.0113522306441006,0.0094470046082949,-10.128597861842104,-190900000.0,266900000.0,-1791100000.0,2026000000.0,628250000.0,634450000.0,452550000.0,58.28884254431699,80.88471849865952,59.97319034852547,1.5440347770085332,1.1126947298641034,1.500670540902995,0.0438678614417547,0.2191611842105263,2000-04-19,0.26,bmo,1003600000.0,2025-04-25,2000-03-31,0.0,5.983333333333333,1504478.650793651
1999-12-31,FMC,USD,37785,2000-03-30,2000-03-30 00:00:00,1999,Q4,1031200000.0,706800000.0,324400000.0,0.3145849496,39700000,140700000.0,0.0,140700000.0,46400000.0,226800000.0,933600000.0,0.0,0.0,46400000.0,144000000.0,0.1396431342,49700000.0,0.0481962762,21400000.0,71100000.0,0.0689487975,18300000.0,31400000.0,0.0304499612,0.43,0.43,121600000,121600000,https://www.sec.gov/Archives/edgar/data/37785/000095013100002172/0000950131-00-002172-index.html,https://www.sec.gov/Archives/edgar/data/37785/000095013100002172/,8.480263157894736,0.2582236842105263,1.8667763157894737,0.8848684210526315,0.5263157894736842,6.495065789473684,2.336348684210526,6.115131578947368,10.722861842105264,792832000.0,2032732000.0,6.312356687898088,0.7688440651667959,3.492651982378854,7.368327137546468,1.0662076385153307,1.0662076385153307,1.9712296353762608,14.116194444444444,8.954766519823789,18.891561338289964,0.0396048595414917,0.1357160154988698,1.7534965034965035,0.3263176335151909,8.610416666666667,0.8987944162436549,0.0,7.229299363057325,0.0026487326444946,0.0668789808917197,0.1364429790535298,0.0384988363072148,0.126557885780069,0.5259911894273128,0.1157874321179208,2.5732758620689653,0.0,5.960630472469187,0.0132829543214702,0.0089968768803186,-20.03782894736842,-159500000.0,284100000.0,-1789500000.0,2038100000.0,708250000.0,644650000.0,473850000.0,55.45577967416602,84.74108658743634,58.28098471986418,1.6229146994019514,1.0620586025544705,1.5442429538999345,0.0422270037654653,0.981907894736842,2000-01-24,0.4,bmo,979640000.0,2025-04-25,1999-12-31,0.0499999999999999,5.315625,1382540.703125
1999-09-30,FMC,USD,37785,1999-11-15,1999-11-15 00:00:00,1999,Q3,1034300000.0,729900000.0,304400000.0,0.2943053273,36800000,135800000.0,0.0,135800000.0,45100000.0,217700000.0,947600000.0,0.0,0.0,45100000.0,131800000.0,0.1274291792,69700000.0,0.067388572,-17000000.0,69700000.0,0.067388572,5600000.0,64100000.0,0.0619742821,0.26,0.25,122360000,122360000,https://www.sec.gov/Archives/edgar/data/37785/000095013199006376/0000950131-99-006376-index.html,https://www.sec.gov/Archives/edgar/data/37785/000095013199006376/,8.452925792742727,0.5238640078457012,3.8680941484145146,1.781627983000981,0.6211180124223602,6.363190585158549,2.154298790454397,5.996240601503759,13.043478260869565,670532800.0,2190532800.0,2.6151825273010925,0.6482962390022238,1.416718360447919,3.075838532110092,0.9139059561128527,0.9139059561128527,2.1178892004254086,16.620127465857358,4.628212127614621,10.048315596330276,0.0955956218696535,0.3251145954381351,2.1752759983644543,0.3829725968229591,11.532625189681337,1.162094225797185,0.0,7.3953125,0.0017896216262649,0.0187207488299532,0.1312965290534661,0.035579619066035,0.1235782502279598,0.5394041833931967,0.2468336072706178,5.660753880266076,0.0,8.40698098332539,0.0215483914344303,0.0175501040411784,-20.284202353710363,225700000.0,263600000.0,-1770700000.0,2428800000.0,819700000.0,631800000.0,526350000.0,67.96770762834768,76.9173859432799,60.419235511713936,1.3241582383817694,1.1700865662071176,1.489591836734694,0.0873654082049884,2.0864661654135337,1999-10-14,0.31,bmo,971615151.0,2025-04-25,1999-09-30,0.0645161290322581,7.10296875,1306721.59375
1999-06-30,FMC,USD,37785,1999-08-10,1999-08-10 00:00:00,1999,Q2,1070400000.0,715800000.0,354600000.0,0.3312780269,38800000,149400000.0,0.0,149400000.0,45700000.0,233900000.0,949700000.0,0.0,0.0,45700000.0,166400000.0,0.1554559043,110700000.0,0.1034192825,-28000000.0,92700000.0,0.086603139,23800000.0,86900000.0,0.0811846039,0.34,0.33,127160000,127160000,https://www.sec.gov/Archives/edgar/data/37785/000095013199004770/0000950131-99-004770-index.html,https://www.sec.gov/Archives/edgar/data/37785/000095013199004770/,8.417741428122051,0.6833910034602076,-0.6016042780748663,-1.4194715319282794,0.7085561497326203,6.290500157282164,3.355614973262032,5.931896822900283,14.237967914438505,988033200.0,2708433200.0,2.8424430379746832,0.9230504484304932,-12.915466666666669,-5.473868144044322,1.3098676918997745,1.3098676918997745,2.5303000747384155,16.276641826923075,-35.404355555555554,-15.005170083102492,0.0879525100978388,-0.1826861688453384,2.400238631844094,0.4088384066479992,10.338942307692308,1.0816584426525455,0.0,-0.8803222094361335,0.0001012111738755,0.001150747986191,0.1395739910313901,0.0362481315396113,0.0842742299701923,-1.3594771241830066,0.0971599402092675,2.2757111597374178,0.0,9.550424637158573,0.0254645912465411,0.0214292759913197,-20.551470588235293,135700000.0,426700000.0,-1831000000.0,2280700000.0,864350000.0,654900000.0,548550000.0,72.1664798206278,80.44425817267394,70.75020955574183,1.247116392869626,1.1187871209753049,1.2720810378532077,0.1152061513986477,0.817867253853413,1999-07-19,0.52,bmo,1050203773.0,2025-04-25,1999-06-30,0.0192307692307692,7.433968253968254,1506656.5714285714
1999-03-31,FMC,USD,37785,1999-05-17,1999-05-17 00:00:00,1999,Q1,974700000.0,675100000.0,299600000.0,0.3073766287,37100000,149700000.0,0.0,149700000.0,43500000.0,230300000.0,905400000.0,0.0,0.0,43500000.0,112800000.0,0.1157279163,40800000.0,0.0418590335,-28500000.0,40800000.0,0.0418590335,10500000.0,30300000.0,0.0310864882,0.12,0.12,127028000,127028000,https://www.sec.gov/Archives/edgar/data/37785/000095013199003236/0000950131-99-003236-index.html,https://www.sec.gov/Archives/edgar/data/37785/,7.673111439997481,0.2385300878546462,-0.2873382246433857,-0.6305696381900053,0.9068866706552886,5.694020216015367,2.7285322920930817,5.246874704789495,13.115218691941934,712627080.0,2263427080.0,5.879761386138615,0.7311245306248076,-19.524029589041096,-8.896717602996254,1.069207921980495,1.069207921980495,2.32217818816046,20.06584290780141,-62.011700821917806,-28.25751660424469,0.0425187322379048,-0.1124010050249564,2.4996249062265568,0.3901456606247951,13.74822695035461,1.1474634023220596,0.0,-1.2046204620462049,0.0037887979221895,0.0891089108910891,0.1535857186826716,0.0380629937416641,0.0882160086178633,-1.1945205479452057,0.04473171232174,1.0022988505747126,0.0,5.306561353329912,0.010048751368023,0.0077822011044047,-19.772805995528543,233700000.0,346600000.0,-1728400000.0,2334500000.0,855500000.0,677900000.0,526050000.0,80.36934441366574,89.32010072581839,71.24277884757814,1.1198299632352942,1.0076119402985075,1.2632859281437123,0.0454613653413353,0.3432314135466196,1999-04-19,0.21,bmo,852862500.0,2025-04-25,1999-03-31,0.1428571428571428,6.042295081967213,1217486.491803279
1998-12-31,FMC,USD,37785,1999-03-25,1999-03-25 00:00:00,1998,Q4,1055600000.0,728800000.0,326800000.0,0.3095869648,44800000,153300000.0,0.0,153300000.0,52500000.0,250600000.0,979400000.0,0.0,0.0,52500000.0,128700000.0,0.1219211823,4600000.0,0.0043577113,42700000.0,47300000.0,0.0448086396,11800000.0,-7200000.0,-0.0068207654,-0.0567,-0.0567,127028000,127028000,https://www.sec.gov/Archives/edgar/data/37785/000095013199001733/0000950131-99-001733-index.html,https://www.sec.gov/Archives/edgar/data/37785/,8.30997890228926,-0.0566804169159555,0.6974840192713417,0.067701609094058,0.4857196838492301,6.320653714141764,3.17882671536984,5.742041124791385,11.664357464496018,809168360.0,2229168360.0,-28.09612361111111,0.766548275862069,9.132825733634313,94.08934418604652,1.109361612284069,1.109361612284069,2.11175479348238,17.320655477855478,25.159913769751693,259.205623255814,-0.0088980246335879,0.0106281960901189,2.0313956676720597,0.3556307603686636,11.033411033411031,1.1910900205396984,0.0,-12.305555555555555,0.0006179183773324,-0.0694444444444444,0.1452254641909814,0.0424403183023872,0.0957901305683563,0.9029345372460496,0.0757862826828344,1.5238095238095235,0.0,,0.0011864840503266,-0.001911183075412,-18.991875806908716,269800000.0,403800000.0,-1681800000.0,2396400000.0,830700000.0,677300000.0,527950000.0,71.66919287608944,84.68990120746432,63.93111964873765,1.2557696883178682,1.062700495771362,1.4077651149314274,-0.0098711269536605,0.6297824101772838,1999-01-21,0.25,bmo,971151999.0,2025-04-25,1998-12-31,0.08,6.170625,1228414.90625
1998-09-30,FMC,USD,37785,1998-10-30,1998-10-30 00:00:00,1998,Q3,1128700000.0,790900000.0,337800000.0,0.2992823602,37000000,143300000.0,0.0,143300000.0,51700000.0,232000000.0,1022900000.0,0.0,0.0,51700000.0,157500000.0,0.1395410649,74800000.0,0.0662709312,-31000000.0,74800000.0,0.0662709312,19400000.0,55400000.0,0.0490830159,0.21,0.2,132332000,132332000,https://www.sec.gov/Archives/edgar/data/37785/000095013198005737/0000950131-98-005737-index.html,https://www.sec.gov/Archives/edgar/data/37785/,8.529305081159508,0.4186440165643986,2.097754133542907,1.519662666626364,0.6869086842184808,6.293262400628722,3.287942447782849,5.738596862436901,11.137139920805248,775465520.0,2158365520.0,3.499393140794224,0.6870430761052538,2.793463688760807,3.8561189457981104,1.0211555438504083,1.0211555438504083,1.9122579250465137,13.703908063492063,7.7750919308357345,10.732797215315763,0.0714409584580885,0.259328100106888,1.9407426915986303,0.3539640223839373,8.78031746031746,1.187016786236679,0.0,5.0108303249097474,0.0,0.0,0.1269602197218038,0.0327810755736688,0.0955160073972668,0.2755763688760806,0.067777088686099,1.4796905222437138,0.0,7.352187286687201,0.0191054246991068,0.0147105682421667,-17.79841610494816,268500000.0,435100000.0,-1626700000.0,2367200000.0,817450000.0,657050000.0,565200000.0,65.44874634535306,76.10570236439499,61.24415223163484,1.3751218323586745,1.1825657894736843,1.4695280564845783,0.0729523307874637,0.5780914669165432,1998-10-21,0.39,bmo,1082932500.0,2025-04-25,1998-09-30,0.0256410256410256,6.74140625,922925.296875
1998-06-30,FMC,USD,37785,1998-08-13,1998-08-13 00:00:00,1998,Q2,1155100000.0,796900000.0,358200000.0,0.3101030214,37800000,150900000.0,0.0,150900000.0,49200000.0,237900000.0,1034800000.0,0.0,0.0,49200000.0,169500000.0,0.1467405419,91200000.0,0.0789542031,-29100000.0,91200000.0,0.0789542031,23600000.0,67600000.0,0.0585230716,0.24,0.24,138108000,138108000,https://www.sec.gov/Archives/edgar/data/37785/000095013198004808/0000950131-98-004808-index.html,https://www.sec.gov/Archives/edgar/data/37785/,8.363744316042517,0.4894720074144872,1.1382396385437483,0.7276913719697627,0.5068497118197353,6.038752280823704,3.1156775856576013,5.62313551713152,10.602571900251975,1070337000.0,2464637000.0,3.958346893491124,0.9266184745909444,6.808759541984733,10.650119402985077,1.3782346124130826,1.3782346124130826,2.1337001125443686,14.54063126843658,15.6783524173028,24.523751243781096,0.0631576783760628,0.0938956608993242,1.885526654648468,0.3539008120649652,8.225958702064897,1.3003533568904593,0.0,2.3254437869822486,0.0,0.0,0.1306380399965371,0.0327244394424725,0.0975686388244393,0.3606870229007634,0.0490866591637087,1.1524390243902438,0.0,7.869451516117021,0.0228509617009769,0.018104394868636,-16.848589509659107,408000000.0,430300000.0,-1537200000.0,2509600000.0,844400000.0,644150000.0,582500000.0,63.43087178599256,72.87865478730079,66.88166645752291,1.4188674609998773,1.2349294901596155,1.345660249915569,0.0870460983775431,0.4105482665739856,1998-07-16,0.47,bmo,1083302040.0,2025-04-25,1998-06-30,0.0425531914893617,8.601746031746032,802618.253968254
1998-03-31,FMC,USD,37785,1998-05-13,1998-05-13 00:00:00,1998,Q1,1039000000.0,720700000.0,318300000.0,0.3063522618,38100000,165300000.0,0.0,165300000.0,53200000.0,256600000.0,977300000.0,0.0,0.0,53200000.0,114900000.0,0.110587103,100000.0,9.62464e-05,36100000.0,36200000.0,0.0348411935,9400000.0,-9300000.0,-0.0089509143,-0.0671,-0.0671,138696000,138696000,https://www.sec.gov/Archives/edgar/data/37785/000095013198003275/0000950131-98-003275-index.html,https://www.sec.gov/Archives/edgar/data/37785/,7.491203783814962,-0.067053123377747,-1.0274268904654784,-1.4924727461498528,0.4196227721059006,5.6339043663840345,2.689334948376305,5.234469631424122,11.329814846859318,1237168320.0,2750368320.0,-33.257212903225806,1.1907298556304138,-8.681882947368422,-5.976658550724638,1.7040885950413225,1.7040885950413225,2.6471302406159767,23.937061096605746,-19.300830315789472,-13.28680347826087,-0.0075171662979537,-0.1673175724383243,2.1644628099173557,0.3766899990411353,13.169712793733682,1.29348910101154,0.0,-5.317164179104478,0.0022632328639,-0.3010752688172043,0.1590952839268527,0.036669874879692,0.0979000862978233,-0.4526315789473684,0.0620789220404234,1.212406015037594,0.0,,2.4437415141531845e-05,-0.0024713010204081,-17.22886745111611,412000000.0,373000000.0,-1574400000.0,2509800000.0,854450000.0,653250000.0,548450000.0,75.76804619826757,80.29693353683918,71.5304565006244,1.1878358294272322,1.1208398133748056,1.2582053072625698,-0.0128099173553719,0.4650458556843744,1998-04-15,0.18,bmo,968589473.0,2025-04-25,1998-03-31,0.0555555555555556,7.96,857011.868852459
1997-12-31,FMC,USD,37785,1998-03-18,1998-03-18 00:00:00,1997,Q4,1082600000.0,769600000.0,313000000.0,0.2891187881,47200000,159600000.0,0.0,159600000.0,57800000.0,264600000.0,1034200000.0,0.0,0.0,57800000.0,106200000.0,0.0980971735,-91300000.0,-0.0843340107,-287900000.0,-239500000.0,-0.2212266765,-78100000.0,-13200000.0,-0.012192869,-0.0952,-0.0952,138696000,138696000,https://www.sec.gov/Archives/edgar/data/37785/000095013198001790/0000950131-98-001790-index.html,https://www.sec.gov/Archives/edgar/data/37785/,7.805560362231066,-0.0951721751168022,3.9965103535790494,3.353377170213993,0.4520678318048105,5.902116859895022,2.8710272826902004,5.483936090442406,9.665743784968564,1061024400.0,2338924400.0,-20.09515909090909,0.9800705708479586,1.9141699440736064,2.281282304880671,1.3949834341309493,1.3949834341309493,2.1604696101976724,22.023770244821097,4.219600216489265,5.028863470221458,-0.0124408072048107,0.438349956890718,1.7625558769392584,0.3259342102064136,12.03295668549906,1.1714578354387162,0.0,-63.71264367816092,9.424853943038444e-05,-0.0075757575757575,0.1474228708664326,0.0435987437650101,0.1022100119131555,0.1609236875338264,0.0823942360982819,1.5432525951557097,0.0,,-0.0215961502809101,-0.0035746201966041,-16.90099209782546,251100000.0,398200000.0,-1578900000.0,2350800000.0,835900000.0,616500000.0,540600000.0,69.3497136523185,77.59225571725571,61.29028066528066,1.297770318868377,1.1599095704596836,1.468422056859378,-0.0173547199579279,0.6431331833650574,1998-01-21,0.12,bmo,992383333.0,2025-04-25,1997-12-31,0.0833333333333334,8.71296875,1171839.03125
1997-09-30,FMC,USD,37785,1997-11-14,1997-11-14 00:00:00,1997,Q3,1074700000.0,733300000.0,341400000.0,0.3176700475,43800000,148400000.0,0.0,148400000.0,46000000.0,238200000.0,971500000.0,0.0,0.0,46000000.0,149200000.0,0.1388294408,80300000.0,0.0747185261,-30700000.0,72500000.0,0.0674606867,17400000.0,62900000.0,0.0585279613,0.21,0.2,147192000,147192000,https://www.sec.gov/Archives/edgar/data/37785/000095013197006852/0000950131-97-006852-index.html,https://www.sec.gov/Archives/edgar/data/37785/,7.301347899342356,0.4273330072286537,0.3634708408065655,-0.040763084950269,0.5835914995380184,6.683107777596608,3.6863416490026633,6.28838523832817,11.441518560791348,1485167280.0,3083367280.0,5.902890620031796,1.3819366148692658,27.76013607476636,-247.52788,1.6045454624027655,1.6045454624027655,2.869049297478366,20.666000536193028,57.63303327102804,-513.8945466666667,0.0423521315390142,-0.0040399489544369,1.8194684528954197,0.3839279607887838,10.711796246648792,1.1543235133660663,0.0,0.8505564387917329,0.0189204276032798,0.4467408585055644,0.1380850469898576,0.0407555596910765,0.1005585318591131,1.1121495327102804,0.0553642877081976,1.2934782608695652,0.0,7.775781499399829,0.0186151781356759,0.0159426167182034,-16.374191532148487,226300000.0,542600000.0,-1710100000.0,2507600000.0,911400000.0,757600000.0,725250000.0,70.14422629571042,69.89635892540569,68.3744715668894,1.2830706781279848,1.287620719929763,1.3162807395440674,0.0679559204840103,0.4042339257568346,1997-10-16,0.43,bmo,1127124390.0,2025-04-25,1997-09-30,-0.0465116279069767,9.5475,1339628.296875
1997-06-30,FMC,USD,37785,1997-08-05,1997-08-05 00:00:00,1997,Q2,1478100000.0,1016000000.0,462100000.0,0.3126310804,45700000,192700000.0,0.0,192700000.0,71100000.0,309500000.0,1325500000.0,0.0,0.0,71100000.0,223700000.0,0.1513429403,102400000.0,0.0692781273,-50200000.0,102400000.0,0.0692781273,29600000.0,72800000.0,0.0492524186,0.24,0.24,148848000,148848000,https://www.sec.gov/Archives/edgar/data/37785/000095013197004763/0000950131-97-004763-index.html,https://www.sec.gov/Archives/edgar/data/37785/,9.930264430828766,0.4890895410082769,1.5747608298398366,0.9728044716758036,0.709448564979039,7.148903579490487,3.990648178007095,6.180130065570246,11.441201762872192,1344097440.0,2941497440.0,4.615719230769231,0.9093413436168054,5.73420409556314,9.2824408839779,1.461134297206218,1.461134297206218,1.9900530681280024,13.149295663835494,12.549050511945392,20.31420883977901,0.0541627398680262,0.1077302847924477,1.8512881834982065,0.3410843397624627,7.140813589628968,1.1415738411785843,0.0,3.21978021978022,0.0165910590529805,0.3063186813186813,0.1303700696840538,0.0309180704959069,0.0941536982515171,0.3822525597269625,0.0606183614099181,1.260196905766526,0.0,8.246777066568315,0.0212077956127829,0.0160962235783143,-17.720090293453726,275800000.0,594000000.0,-1704900000.0,2704000000.0,999250000.0,922150000.0,872600000.0,59.98782220418104,83.7726377952756,79.13976377952757,1.5003045066991474,1.0743364703394311,1.1372285650324605,0.0791390368518317,0.6019563581640331,1997-07-17,0.47,bmo,1128881250.0,2025-04-25,1997-06-30,0.0212765957446808,7.8603125,834391.84375
1997-03-31,FMC,USD,37785,1997-05-15,1997-05-15 00:00:00,1997,Q1,1297700000.0,914500000.0,383200000.0,0.2952916699,43600000,170600000.0,0.0,170600000.0,63500000.0,277700000.0,1192200000.0,0.0,0.0,63500000.0,169000000.0,0.1302304076,56300000.0,0.0433844494,-49200000.0,56300000.0,0.0433844494,16400000.0,39900000.0,0.0307467057,0.13,0.13,149040000,149040000,https://www.sec.gov/Archives/edgar/data/37785/000095013197003469/0000950131-97-003469-index.html,https://www.sec.gov/Archives/edgar/data/37785/,8.707058507783145,0.2677133655394525,0.668947933440687,0.142914653784219,0.3488996242619431,6.776033279656468,3.580246913580247,5.799114331723027,11.9296833064949,1037318400.0,2763318400.0,6.499488721804511,0.799351467981814,10.404397191574724,48.70039436619718,1.2001832696980217,1.2001832696980217,2.12939693303537,16.35099644970414,27.71633299899699,129.73325821596245,0.0384645640142891,0.0205337146241693,2.057156080064792,0.3608833319801899,10.21301775147929,1.1206780712181508,0.0,2.49874686716792,0.0132071310024,0.3433583959899749,0.1314633582492101,0.0335979039839716,0.0966753267841195,0.7863590772316951,0.0604145796409031,1.2346456692913386,0.0,5.910267281190167,0.0114767301386412,0.0089652847994607,-17.975207997852927,233500000.0,533600000.0,-1748500000.0,2651100000.0,1007600000.0,718650000.0,843550000.0,70.27587269785005,88.43521049753963,83.82941498086386,1.2806671272081318,1.0176941909637214,1.0736088283634655,0.0461645262061784,0.5260332796564681,1997-04-17,0.26,bmo,1002400000.0,2025-04-25,1997-03-31,0.0,7.822950819672131,869789.0163934426
1996-12-31,FMC,USD,37785,1997-03-26,1997-03-26 00:00:00,1996,Q4,1407600000.0,978800000.0,428800000.0,0.3046319977,0,60300000.0,0.0,60300000.0,256900000.0,317200000.0,1296000000.0,0.0,0.0,67500000.0,179100000.0,0.1272378517,80600000.0,0.0572605854,-31000000.0,80600000.0,0.0572605854,36000000.0,44600000.0,0.0316851378,0.3,0.3,148720000,149040000,https://www.sec.gov/Archives/edgar/data/37785/000095013197002068/0000950131-97-002068-index.html,https://www.sec.gov/Archives/edgar/data/37785/,9.464766003227542,0.2998924152770306,0.1573426573426573,-0.8263851533082303,0.5029585798816568,6.691769768692845,3.3378160301237223,5.754437869822485,12.334588488434642,1185298400.0,2944898400.0,6.64404932735426,0.8420704745666382,50.653777777777776,-9.64441334418226,1.3850179948586117,1.3850179948586117,2.092141517476556,16.442760469011727,125.85035897435895,-23.96174450772986,0.037627655618197,-0.1036869703021618,2.1434914699696197,0.3676299651288628,9.82467895030709,1.0849411299099634,0.0,0.5246636771300448,0.0091116296115813,0.242152466367713,0.0428388746803069,0.0,0.0999639264098761,6.252136752136752,0.1039357772094345,2.1674074074074072,0.0,6.231253975341578,0.0126188320507016,0.0099309730572255,-18.49599919311457,171700000.0,496400000.0,-1801500000.0,2629800000.0,937600000.0,674550000.0,830700000.0,64.06010230179028,49.53310175725378,76.8052717613404,1.4049306317995809,1.816966771858177,1.1717945648270085,0.0521149801355456,0.9837278106508875,1997-01-21,0.29,bmo,1407600000.0,2025-04-25,1996-12-31,0.0,8.285625,704815.21875
1996-09-30,FMC,USD,37785,1996-11-08,1996-11-08 00:00:00,1996,Q3,1273100000.0,872500000.0,400600000.0,0.314664991,0,217400000.0,0.0,217400000.0,62400000.0,279800000.0,1152300000.0,0.0,0.0,62400000.0,161300000.0,0.1266986097,78000000.0,0.0612677716,-29300000.0,82700000.0,0.0649595476,23400000.0,54600000.0,0.0428874401,0.18,0.18,148592000,148592000,https://www.sec.gov/Archives/edgar/data/37785/000095013196005589/0000950131-96-005589-index.html,https://www.sec.gov/Archives/edgar/data/37785/,8.567756003014967,0.3674491224292021,1.5370948637880908,0.6844244643049424,0.7846990416711532,6.506406805211586,4.076262517497577,5.554807795843653,11.934020674060514,1147130240.0,2803830240.0,5.252427838827838,0.9010527374126148,5.022461646234676,11.27955004916421,1.3897870608189968,1.3897870608189968,2.202364496111853,17.382704525728457,12.275964273204904,27.569618879056048,0.0475970365840935,0.08865601869235,2.148412890719651,0.3654480257192317,10.270923744575326,0.9949313823937264,0.0,4.183150183150183,0.0158656788613645,0.3333333333333333,0.1707642761762626,0.0,0.0744167834473662,0.5547285464098074,0.0995208546068651,2.030448717948718,0.0,6.776795564389332,0.0160815052155373,0.0121568365506646,-18.17712259071821,-10600000.0,605700000.0,-1804900000.0,2227900000.0,900650000.0,804350000.0,784400000.0,61.736705679051134,83.59426934097422,85.21375358166189,1.4578037329669071,1.0766288252714709,1.0561675341968284,0.0661497455779016,0.8526703994831485,1996-10-16,0.39,amc,,2025-04-25,1996-09-30,0.0,7.42671875,698698.625
1996-06-30,FMC,USD,37785,1996-08-14,1996-08-14 00:00:00,1996,Q2,1266800000.0,885200000.0,381600000.0,0.3012314493,45400000,162900000.0,0.0,162900000.0,59300000.0,267600000.0,1152800000.0,0.0,0.0,59300000.0,160600000.0,0.1267761288,78200000.0,0.0617303442,1100000.0,79300000.0,0.0625986738,21900000.0,56300000.0,0.0444426902,0.19,0.19,148420000,148420000,https://www.sec.gov/Archives/edgar/data/37785/000095013196003960/0000950131-96-003960-index.html,https://www.sec.gov/Archives/edgar/data/37785/,8.53523783856623,0.379328931410861,-0.6879126802317747,-1.608947581188519,0.7923460450074113,6.123837757714594,3.859991914836275,5.178547365584153,12.653281228944886,1101276400.0,2861676400.0,4.890214920071048,0.8693372276602462,-10.786252693437806,-4.611710217755444,1.4328342440801456,1.4328342440801456,2.258980423113357,17.818657534246576,-28.028172380019587,-11.983569514237857,0.0511224974947252,-0.2168392966561346,2.4434035909445746,0.3914538822303283,10.961394769613948,0.9321927342943104,0.0,-1.8134991119005328,0.0114412694215548,0.2238010657193605,0.1285917271866119,0.0358383328070729,0.0700364773319437,-1.3388834476003917,0.1079096937164509,2.305227655986509,0.0,6.648186885540316,0.0162500453886095,0.0126190743023646,-18.216210753267752,-151000000.0,572900000.0,-1812700000.0,1997400000.0,877600000.0,788650000.0,721550000.0,65.92990211556678,81.16470854044283,75.51174875734297,1.3650862068965517,1.1088563196793186,1.1918675104348997,0.0732500650533437,0.9210349009567445,1996-07-18,0.37,amc,,2025-04-25,1996-06-30,0.027027027027027,7.761587301587302,1235165.0
1996-03-31,FMC,USD,37785,1996-04-29,1996-04-29 00:00:00,1996,Q1,1144300000.0,747600000.0,396700000.0,0.346674823,43800000,164200000.0,0.0,164200000.0,65000000.0,273000000.0,1020600000.0,0.0,0.0,65000000.0,185900000.0,0.1624573975,77800000.0,0.0679891637,-46100000.0,77800000.0,0.0679891637,22600000.0,55200000.0,0.0482390981,0.18,0.18,147716000,147716000,https://www.sec.gov/Archives/edgar/data/37785/000095013196001763/0000950131-96-001763-index.html,https://www.sec.gov/Archives/edgar/data/37785/,7.746621896070839,0.3736900538871889,-0.4650816431530775,-1.2997914917815268,0.7284248151858973,5.979040862195023,3.705759701047957,4.777410707032414,13.18205204581765,1276266240.0,3115866240.0,5.780191304347826,1.1153248623612688,-18.577383406113537,-6.64722,1.8085110386849936,1.8085110386849936,2.722945241632439,16.760980311995695,-45.354675982532754,-16.22847,0.0432511636443505,-0.1504388300673063,2.759246138585801,0.4347398972985041,9.89564281871974,1.0176660085212512,0.0,-1.2445652173913044,0.0025856673917818,0.0597826086956521,0.1434938390282268,0.0382766756969326,0.074972091984818,-1.794759825327511,0.1077514637769815,1.896923076923077,0.0,6.337869867110239,0.0169429097605893,0.0133230353350067,-17.04351593598527,34000000.0,547400000.0,-1637200000.0,2225600000.0,832500000.0,813750000.0,657700000.0,65.05986192432054,93.7800963081862,84.31781701444622,1.3833413926499032,0.9596919127086008,1.067390062821245,0.078220206886779,0.8347098486284492,1996-04-16,0.41,amc,,2025-04-25,1996-03-31,-0.1219512195121951,8.213492063492064,659883.7936507936
1995-12-31,FMC,USD,37785,1996-03-15,1996-03-15 00:00:00,1995,Q4,1161500000.0,852500000.0,309000000.0,0.2660352992,0,362400000.0,0.0,362400000.0,-72400000.0,290000000.0,1142500000.0,0.0,0.0,66200000.0,85200000.0,0.0733534223,40500000.0,0.0348687043,21500000.0,40500000.0,0.0348687043,12100000.0,28400000.0,0.0244511408,0.19,0.19,147365640,147716000,https://www.sec.gov/Archives/edgar/data/37785/000095013196001103/0000950131-96-001103-index.html,https://www.sec.gov/Archives/edgar/data/37785/,7.881755882850303,0.192717922576796,0.1228237464309862,-0.8387301137497181,0.4811162222075648,5.501960972720642,3.1567738585466736,4.43386938773516,11.848080733066404,1133241771.6,2808341771.6000004,9.975719820422537,0.975670918295308,62.61004262983426,-9.168622747572815,1.7343767548209368,1.7343767548209368,2.417857745673698,32.961757882629115,155.15700395580112,-22.72121174433657,0.0250608481894403,-0.1090676350779867,2.672176308539945,0.4059426658296715,19.660798122065728,1.006805377363753,0.0,0.6373239436619719,0.0093536968594389,0.3732394366197183,0.3120103314679294,0.0,0.0803515379786566,7.828729281767956,0.1219974171330176,2.1404833836858006,0.0,4.384739124631743,0.0094812045135875,0.0071798761218556,-16.852978754070488,12200000.0,465200000.0,-1685400000.0,2187400000.0,802300000.0,791650000.0,591550000.0,64.91777873439517,89.57771260997067,64.9266862170088,1.3863690618285986,1.0047142015321155,1.386178861788618,0.0434649525558616,0.9615538601807042,1996-01-18,0.22,amc,,2025-04-25,1995-12-31,-0.1363636363636363,8.21984126984127,707498.6507936508
1995-09-30,FMC,USD,37785,1995-11-13,1995-11-13 00:00:00,1995,Q3,1176300000.0,792500000.0,383800000.0,0.3262773102,57400000,163400000.0,0.0,163400000.0,65000000.0,285800000.0,1078300000.0,0.0,0.0,65000000.0,163000000.0,0.1385700927,23000000.0,0.0195528352,-75000000.0,23000000.0,0.0195528352,-34000000.0,57000000.0,0.0484570263,0.19,0.19,146788000,146788000,https://www.sec.gov/Archives/edgar/data/37785/000095013195003192/0000950131-95-003192-index.html,https://www.sec.gov/Archives/edgar/data/37785/,8.013597841785431,0.3883151211270676,-0.9428563642804588,-0.9428563642804588,0.686704635256288,5.21091642368586,2.935526064800938,4.163828105839714,9.145842984440144,1268248320.0,2509948320.0,5.562492631578947,1.0781674062739095,-9.16364393063584,-9.163643930635835,2.0750136125654453,2.0750136125654453,2.133765467992859,15.398455950920246,-18.13546473988439,-18.13546473988439,0.0449438797600772,-0.109126894013942,2.1964986910994764,0.322468293620292,7.617791411042945,1.0385483487764315,0.0,-2.423817863397548,0.0,0.0,0.1389101419705857,0.0487970755759585,0.0802267486548808,0.0,0.0,0.0,0.0,6.031562139579376,0.0201605772291585,0.0148856157944218,-16.611371501757638,64900000.0,430900000.0,-1649800000.0,2126600000.0,763300000.0,719350000.0,553750000.0,58.66870696250957,83.44731861198738,64.51608832807571,1.534037558685446,1.0785247686445292,1.3950008801267382,0.0932591623036649,0.0,1995-10-19,0.35,amc,,2025-04-25,1995-09-30,0.0857142857142858,8.408095238095239,507485.8888888889
1995-06-30,FMC,USD,37785,1995-08-11,1995-08-11 00:00:00,1995,Q2,1139800000.0,751300000.0,388500000.0,0.3408492718,42900000,151100000.0,0.0,151100000.0,58800000.0,252800000.0,1004100000.0,0.0,0.0,58800000.0,194500000.0,0.1706439726,108400000.0,0.0951044043,-27300000.0,108400000.0,0.0951044043,30700000.0,77700000.0,0.0681698544,0.26,0.26,146196000,146196000,https://www.sec.gov/Archives/edgar/data/37785/000095013195002170/0000950131-95-002170-index.html,https://www.sec.gov/Archives/edgar/data/37785/,7.79638293797368,0.5314782894196831,0.5718350707269693,0.5718350707269693,0.8700648444553887,4.612301294153055,4.612301294153055,3.92076390598922,10.345700292757668,1116937440.0,2502237440.0,3.5937498069498077,0.9799416037901386,13.360495693779905,13.360495693779905,1.9485998604326584,1.9485998604326584,2.1953302684681524,12.864973984575837,29.93106985645933,29.93106985645933,0.0695652211282307,0.0748475223464619,2.638695045359386,0.3722252301028695,7.122365038560411,0.9908256880733946,0.0,1.075933075933076,0.0,0.0,0.1325671170380768,0.037638182137217,0.0,0.0,0.0,0.0,0.0,6.847300206242289,0.0273101121225967,0.0191219176059457,-16.569194779610932,-15900000.0,674300000.0,-1671900000.0,1661000000.0,727700000.0,690300000.0,497450000.0,59.99473591858221,84.32184214029016,64.61599893517902,1.5001316135825218,1.0673391106691292,1.39284390063033,0.1355547801814375,0.0,1995-07-27,0.49,amc,,2025-04-25,1995-06-30,0.0612244897959184,7.126825396825397,430784.6984126984
1995-03-31,FMC,USD,37785,1995-05-11,1995-05-11 00:00:00,1995,Q1,1032100000.0,686900000.0,345200000.0,0.3344637148,38300000,140800000.0,0.0,140800000.0,58900000.0,238000000.0,924900000.0,0.0,0.0,58900000.0,166100000.0,0.160934018,74900000.0,0.0725704874,-32300000.0,74900000.0,0.0725704874,22500000.0,52400000.0,0.0507702742,0.18,0.17,146196000,146196000,https://www.sec.gov/Archives/edgar/data/37785/000095013195001229/0000950131-95-001229-index.html,https://www.sec.gov/Archives/edgar/data/37785/,7.059700675805083,0.3584229390681003,-0.4562368327450819,-1.0930531615092067,0.9986593340447072,4.009685627513749,4.009685627513749,3.238802703220334,8.221839174806425,1005828480.0,2061828480.0,4.7988,0.9745455672899912,-15.079887256371814,-6.294295869837296,2.1242417740232318,2.1242417740232318,1.9977022381552176,12.41317567730283,-30.911971214392803,-12.902556195244054,0.052096357422689,-0.1588740060333149,2.538542766631468,0.3375361545589845,6.357615894039735,1.1874286583973823,0.0,-1.2729007633587786,0.0032808774712762,0.0629770992366412,0.1364208894486968,0.0371088072861156,0.0,-1.3958020989505249,0.0902044375545005,1.5806451612903225,0.0,5.110711950293585,0.0213816460603093,0.0147145544915896,-14.223713371090865,246300000.0,586200000.0,-1414500000.0,1819300000.0,669200000.0,676800000.0,429700000.0,60.65691308981688,88.66356092589896,59.681176299315766,1.483755031627372,1.0150731491059557,1.50801317233809,0.1106652587117212,0.6368163287641249,1995-04-20,0.33,amc,,2025-04-25,1995-03-31,0.0606060606060604,6.670634920634921,486708.1904761905
1994-12-31,FMC,USD,37785,1995-03-29,1995-03-29 00:00:00,1994,Q4,1039100000.0,724600000.0,314500000.0,0.3026657685,49200000,149700000.0,0.0,149700000.0,63200000.0,262100000.0,986700000.0,0.0,0.0,63200000.0,115600000.0,0.1112501203,37700000.0,0.0362813974,-14700000.0,37700000.0,0.0362813974,12400000.0,25300000.0,0.0243479935,0.17,0.17,146175340,146196000,https://www.sec.gov/Archives/edgar/data/37785/000095013195000767/0000950131-95-000767-index.html,https://www.sec.gov/Archives/edgar/data/37785/,7.1085861678173625,0.1730798094945426,0.372839905828165,-0.4528807663454041,0.6731641602475493,3.5300071817859293,3.5300071817859293,2.8493178124299217,9.158179484993845,958910230.4,2199210230.4,9.475397533596835,0.9228276685593302,17.594683126605503,-14.48504879758308,2.30230547515006,2.30230547515006,2.1164567706669235,19.024309951557093,40.35248129174312,-33.22069834441088,0.0263841173009973,-0.0690367021867994,3.214165666266507,0.3994330896613456,10.72923875432526,1.084640239577587,0.0,2.1541501976284585,0.0304512341971985,1.1541501976284585,0.1440669810412857,0.0473486671157732,0.0,2.214678899082569,0.116158213838899,1.9098101265822784,0.0,3.3310788258021606,0.0114293458619443,0.0075488587199761,-14.045118691018608,107400000.0,516000000.0,-1459200000.0,1644800000.0,647600000.0,667500000.0,417150000.0,55.6751034549129,84.07535191829976,50.16698868341154,1.6165214685749845,1.0704683114197076,1.794008417925229,0.0607442977190876,0.825720672173569,1995-01-24,0.13,amc,,2025-04-25,1994-12-31,0.3076923076923077,6.787619047619048,654423.9047619047
1994-09-30,FMC,USD,37785,1994-11-14,1994-11-14 00:00:00,1994,Q3,1009600000.0,693800000.0,315800000.0,0.3127971474,40600000,149000000.0,0.0,149000000.0,56300000.0,245900000.0,939700000.0,0.0,0.0,56300000.0,126200000.0,0.125,47900000.0,0.0474445325,-22000000.0,47900000.0,0.0474445325,13200000.0,34700000.0,0.0343700475,0.12,0.12,145848000,145848000,https://www.sec.gov/Archives/edgar/data/37785/000095013194001770/0000950131-94-001770-index.html,https://www.sec.gov/Archives/edgar/data/37785/,6.922275245461028,0.2379189292962536,1.4220284131424497,0.6198233777631507,0.7850639021446986,3.504333278481707,2.4237562393724974,2.6911579178322635,6.68024244418847,1032603840.0,1892403840.0,7.43950893371758,1.0227851030110937,4.978803471552555,11.422608849557522,2.6308378089171978,2.6308378089171978,1.8744095087163235,14.995276069730586,9.124415814850533,20.933670796460177,0.0336043685446685,0.0875456748253037,2.482292993630573,0.2898753384308708,6.812995245641838,1.0691204173308215,0.0,5.976945244956772,0.0095874135040985,0.2853025936599423,0.1475832012678288,0.0402139461172741,0.0468894112046651,0.5641272902603665,0.1158874801901743,2.0781527531083483,0.0,3.795555523701401,0.0167067886374578,0.0108319026065241,-13.92545663978937,95400000.0,353500000.0,-1374400000.0,1748900000.0,676750000.0,642650000.0,438700000.0,58.15768621236133,85.36898241568176,55.8316517728452,1.547516860821582,1.0542470749126274,1.611988847583643,0.0884076433121019,0.802205035379299,1994-10-19,0.22,amc,,2025-04-25,1994-09-30,0.0454545454545455,6.5153125,553327.796875
1994-06-30,FMC,USD,37785,1994-08-12,1994-08-12 00:00:00,1994,Q2,1053800000.0,693200000.0,360600000.0,0.3421901689,38900000,146500000.0,0.0,146500000.0,55600000.0,241000000.0,934200000.0,0.0,0.0,55600000.0,175200000.0,0.1662554564,99000000.0,0.0939457203,-20600000.0,99000000.0,0.0939457203,31700000.0,67300000.0,0.0638641108,0.23,0.23,145500000,145500000,https://www.sec.gov/Archives/edgar/data/37785/000003778594000016/0000037785-94-000016-index.html,https://www.sec.gov/Archives/edgar/data/37785/,7.242611683848797,0.4625429553264605,0.4618556701030928,-0.0302405498281786,0.4570446735395189,3.0900343642611685,2.03298969072165,2.3120274914089345,6.516151202749141,894825000.0,1776425000.0,3.324015601783061,0.8491412032643766,13.315848214285714,-203.3693181818182,2.660002972651605,2.660002972651605,1.68573258682862,10.13941210045662,26.43489583333333,-403.73295454545456,0.0752102366384488,-0.0049171625736875,2.818370986920333,0.2860030165912519,5.031963470319635,1.0911255411255412,0.0,0.99851411589896,0.0,0.0,0.1390206870373884,0.0369140254317707,0.0463951734539969,1.0654761904761905,0.0679445815145188,1.287769784172662,0.0,4.905279874291272,0.03351593625498,0.021289383778312,-14.086426116838489,126300000.0,295800000.0,-1353100000.0,1731200000.0,664400000.0,613350000.0,434950000.0,59.87758587967357,81.43104443162147,58.03519907674553,1.5030666096134646,1.1052295918367347,1.5507829977628635,0.2000594530321046,0.4920962199312714,1994-07-20,0.38,amc,,2025-04-25,1994-06-30,0.2105263157894737,5.513064516129032,420904.8870967742
1994-03-31,FMC,USD,37785,1994-05-13,1994-05-13 00:00:00,1994,Q1,908300000.0,601000000.0,307300000.0,0.3383243422,0,180700000.0,0.0,180700000.0,53900000.0,234600000.0,835600000.0,0.0,0.0,53900000.0,126600000.0,0.1393812617,67800000.0,0.0746449411,-4900000.0,67800000.0,0.0746449411,21700000.0,46100000.0,0.0507541561,0.16,0.16,145124000,145124000,https://www.sec.gov/Archives/edgar/data/37785/000003778594000008/0000037785-94-000008-index.html,https://www.sec.gov/Archives/edgar/data/37785/,6.258785590253852,0.3176593809431934,-0.1612414211295168,-0.4830351974862876,0.9681375926793638,2.6687522394641823,1.7963948071993605,1.819133981974036,6.595738816460407,783669600.0,1600369600.0,4.249835140997831,0.8627871848508202,-33.490153846153845,-11.179309557774609,2.9684454545454546,2.9684454545454546,1.7619394473191676,12.64115007898894,-68.39186324786324,-22.829808844507845,0.0588258112857765,-0.0894509624974606,3.625757575757576,0.2998089391424186,6.451026856240127,1.146231895283092,0.0,-0.5075921908893709,0.0,0.0,0.1989430804800176,0.0,0.0396529583111473,-1.9957264957264955,0.0514147308158097,0.8664192949907236,0.0,3.605823335626479,0.023301657905378,0.0150353869736799,-13.661937377690805,188800000.0,260700000.0,-1325500000.0,1749000000.0,600450000.0,550350000.0,345500000.0,62.19641087746339,89.77537437603993,63.32945091514143,1.4470288354309384,1.0025020850708923,1.421139749349728,0.1746212121212121,0.3217937763567707,1994-04-14,0.27,amc,,2025-04-25,1994-03-31,0.148148148148148,5.517301587301587,710780.380952381
1993-12-31,FMC,USD,37785,1994-03-31,1994-03-31 00:00:00,1993,Q4,946400000.0,676200000.0,270200000.0,0.2855029586,0,0.0,0.0,362100000.0,61400000.0,423500000.0,1099700000.0,0.0,0.0,61400000.0,-91900000.0,-0.0971048183,-154500000.0,-0.1632502113,-1200000.0,-154500000.0,-0.1632502113,-52200000.0,-102300000.0,-0.1080938292,-0.71,-0.71,143956000,143956000,https://www.sec.gov/Archives/edgar/data/37785/000003778594000004/0000037785-94-000004-index.html,https://www.sec.gov/Archives/edgar/data/37785/,6.574231015032371,-0.7106338047736809,0.6911834171552419,-0.0389007752368779,0.5383589430103642,1.8081913918141657,1.171191197310289,1.5067103837283615,6.035872072022007,771604160.0,1563004160.0,-1.8856406647116324,0.8153044801352494,7.75481567839196,-137.78645714285713,3.557418902720148,3.557418902720148,1.6515259509721048,-17.00766224156692,15.708584522613066,-279.1078857142857,-0.1325809337264329,-0.007257607320313,4.0059935454126325,0.308876328605453,-8.611534276387378,1.0032006920415224,0.0,-0.9726295210166178,0.0,0.0,0.0,0.0,0.0325974903131776,1.0562814070351758,0.1110524091293322,1.711726384364821,0.0,,-0.0575981082146275,-0.0375909458367016,-13.2773208480369,3700000.0,168600000.0,-1393100000.0,1485600000.0,574750000.0,479100000.0,266750000.0,54.50972104818258,66.7080745341615,35.6832298136646,1.6510816468946266,1.3491620111731844,2.5221932114882506,-0.4716459197786998,0.7300841923921199,1994-01-25,0.16,amc,,2025-04-25,1993-12-31,-0.1249999999999999,5.36390625,667743.890625
1993-09-30,FMC,USD,37785,1993-09-30,1993-09-30 00:00:00,1993,Q3,926500000.0,651900000.0,274600000.0,0.2963842418,0,0.0,0.0,169500000.0,52400000.0,221900000.0,873800000.0,0.0,0.0,52400000.0,105100000.0,0.1134376686,45700000.0,0.0493254182,-7000000.0,45700000.0,0.0493254182,10400000.0,35300000.0,0.0381003778,0.12,0.12,143956000,143956000,,,6.435994331601322,0.2452138153324627,1.0628247520075578,0.7405040429019978,1.0426797076884604,2.6306649253938703,1.9992219844952623,2.23262663591653,6.647169968601517,803274480.0,1610074480.0,5.688912747875354,0.8669988990825688,5.25016,7.5354078799249535,2.499298319850653,2.499298319850653,1.7378030005396654,15.31945271170314,10.523362614379083,15.10388818011257,0.0439451281957818,0.1327068177243723,2.977286869943995,0.3306267707829452,7.676498572787821,1.129172044993546,0.0,4.334277620396601,0.0,0.0,0.0,0.0,0.0314076428719507,0.3032679738562091,0.0500809498111171,0.8854961832061069,0.0,3.509714397374009,0.0187576385567777,0.0125923019298683,-12.50712023118175,140100000.0,287800000.0,-1290800000.0,1675200000.0,588150000.0,613650000.0,447500000.0,55.98165137614679,63.0924988495168,36.64058904739991,1.607669616519174,1.426477024070022,2.4562923888470234,0.1098319850653391,0.32232070910556,1993-10-20,0.23,amc,,2025-04-25,1993-09-30,0.0434782608695651,5.4896875,545974.5
1993-06-30,FMC,USD,37785,1993-06-30,1993-06-30 00:00:00,1993,Q2,979300000.0,673600000.0,305700000.0,0.3121617482,0,0.0,0.0,167100000.0,53600000.0,220700000.0,894300000.0,0.0,0.0,53600000.0,138600000.0,0.141529664,80200000.0,0.0818952313,-100000.0,84900000.0,0.0866945778,22300000.0,57900000.0,0.059123864,0.2,0.19,143900000,143900000,,,6.805420430854761,0.4023627519110493,0.3717859624739402,0.0,0.9444058373870744,2.522585128561501,1.92008339124392,2.1299513551077136,7.287004864489228,739646000.0,1652346000.0,3.193635578583765,0.7552803022567139,13.825158878504672,0.0,2.413200652528548,2.413200652528548,1.687272541611355,11.921688311688312,30.884971962616824,0.0,0.078280691033278,0.0,3.421207177814029,0.3184717244730608,6.585137085137085,1.1444348823866897,0.0,0.854632587859425,0.0,0.0,0.0,0.0,0.0263317742817226,1.0,0.0546308587766772,0.9981343283582088,0.0,4.391217882917072,0.0299536577801817,0.0180604510433887,-14.099374565670605,201400000.0,276300000.0,-1333800000.0,1749000000.0,584250000.0,623900000.0,474100000.0,55.14142755029102,102.92013064133018,84.12114014251782,1.6321666666666668,0.8744644943528496,1.0698856416772553,0.1889070146818923,0.3717859624739402,1993-07-20,0.42,amc,,2025-04-25,1993-06-30,0.0,5.079841269841269,576996.3333333334
1993-03-31,FMC,USD,37785,1993-03-31,1993-03-31 00:00:00,1993,Q1,901700000.0,606900000.0,294800000.0,0.326938006,0,0.0,0.0,162200000.0,59200000.0,221400000.0,828300000.0,0.0,0.0,59200000.0,132600000.0,0.1470555617,61700000.0,0.0684263059,-11700000.0,61700000.0,0.0684263059,16300000.0,45400000.0,0.0503493401,0.15,0.15,143752000,143752000,,,6.272608381100785,0.3158216929155768,0.2629528632645111,-0.0118259224219489,0.9043352440313874,2.1564917357671547,1.7321498135678113,1.764149368356614,9.487172352384665,794948560.0,2028748560.0,4.377470044052863,0.881610912720417,21.030385185185185,-467.6168,3.134655205047319,3.134655205047319,2.249915226793834,15.299762895927602,53.67059682539683,-1193.381505882353,0.0571106135471205,-0.0021385031504428,5.37776025236593,0.4649054031020965,9.304675716440425,1.115754767421137,0.0,0.8325991189427313,0.0,0.0,0.0,0.0,0.0207942730526674,1.0449735449735449,0.043806143950316,0.6672297297297297,0.0,3.540624860329382,0.0235942209749506,0.015805047867711,-13.271641438032166,129900000.0,249000000.0,-1371400000.0,1653200000.0,556000000.0,495700000.0,318950000.0,56.74281911944106,70.8106772120613,47.246663371230845,1.586103781882146,1.2709947643979058,1.9048964218455744,0.1790220820189274,0.27477878568646,1993-05-04,0.3,amc,,2025-04-25,1993-03-31,0.0333333333333333,5.520806451612904,663687.9193548387
1992-12-31,FMC,USD,37785,1992-12-31,1992-12-31 00:00:00,1992,Q4,1002500000.0,704400000.0,298100000.0,0.2973566085,0,0.0,0.0,188900000.0,60900000.0,249800000.0,954200000.0,0.0,0.0,60900000.0,109200000.0,0.1089276808,-203400000.0,-0.2028927681,5200000.0,53500000.0,0.0533665835,23200000.0,-226600000.0,-0.2260349127,-1.59,-1.59,142664000,142664000,,,7.027000504682331,-1.5883474457466495,1.4684853922503225,0.9827286491336288,0.1703302865474121,1.9269051757976785,1.483906241238154,1.535075421970504,6.356193573711658,803198320.0,1685698320.0,-0.8861411297440424,0.8011953316708229,3.833882195704057,5.72894664764622,3.6675722374429225,3.6675722374429225,1.6814945835411472,15.436797802197802,8.046292696897375,12.023525820256776,-0.2821221040402574,0.1745521579278203,4.1406392694063925,0.320809453053138,8.081501831501832,0.9990214393737212,0.0,-4.883449883449884,0.0,0.0,0.0,0.0,0.0223590179013656,0.3307875894988066,0.0691271820448877,1.137931034482759,0.0,,-0.0652413408359396,-0.0820004342476659,-13.73945073739696,-1100000.0,211700000.0,-1428700000.0,1564200000.0,590650000.0,508750000.0,333300000.0,48.7930174563591,65.66013628620102,40.79642248722317,1.844526218951242,1.3706946876824284,2.2060757907923585,-1.034703196347032,0.4857567431166937,1992-12-31,,amc,,2025-04-25,1992-12-31,,5.2821875,569753.796875
1992-09-30,FMC,USD,37785,1992-09-30,1992-09-30 00:00:00,1992,Q3,976300000.0,688000000.0,288300000.0,0.2952985763,0,0.0,0.0,161600000.0,58100000.0,219700000.0,907700000.0,0.0,0.0,58100000.0,126700000.0,0.1297756837,51800000.0,0.0530574618,-14600000.0,54000000.0,0.0553108676,11800000.0,40000000.0,0.040971013,0.14,0.13,142664000,142664000,,,6.843352212190882,0.2803790725060281,0.5502439297930802,0.139488588571749,1.0682442662479672,3.755677676218247,3.2418830258509503,3.356838445578422,8.453429036056749,746132720.0000001,1799732720.0,4.6633295,0.7642453344258938,9.50487541401274,37.49410653266333,1.5580136145333057,1.5580136145333057,1.843421817064427,14.20467813733228,22.926531464968157,90.43883015075376,0.0536097652975197,0.026670858235516,2.5182710377949467,0.3891954690676735,8.315706393054459,1.2156624413960757,0.0,1.860189573459716,0.0,0.0,0.0,0.0,0.0236550811630683,0.7464968152866241,0.0600225340571545,1.008605851979346,0.0,4.601816285260282,0.0198805327279936,0.0132213922125999,-12.326164975046265,248400000.0,462500000.0,-1162700000.0,1856100000.0,613250000.0,502350000.0,359100000.0,58.79545221755608,65.87790697674419,45.43168604651163,1.530730636563186,1.3661636219221605,1.9809962568384685,0.0835247442054708,0.4107553412213312,1993-01-26,0.19,amc,,2025-04-25,1992-09-30,0.1052631578947368,5.37921875,440327.859375
1992-06-30,FMC,USD,37785,1992-06-30,1992-06-30 00:00:00,1992,Q2,1061100000.0,728100000.0,333000000.0,0.3138252757,0,0.0,0.0,174500000.0,58500000.0,233000000.0,961100000.0,0.0,0.0,58500000.0,158500000.0,0.1493732919,95000000.0,0.0895297333,-5000000.0,95000000.0,0.0895297333,29600000.0,65400000.0,0.0616341532,0.22,0.21,142532000,142532000,,,7.444644009766228,0.4588443296943844,0.5851317598854994,0.244857295203884,0.7443942412931833,3.41467179300087,3.2392725844020998,3.011955210058092,8.17500631437151,806731120.0,1865831120.0,3.083834556574923,0.7602781264725285,9.67303501199041,23.11550487106017,1.8791780107151177,1.8791780107151177,1.758393289982094,11.771805173501578,22.37207577937649,53.46220974212034,0.0810679027728594,0.0432610062197675,2.714185883997205,0.3853429459620345,6.682018927444795,1.1744722370054994,0.0,1.275229357798165,0.0,0.0,0.0,0.0,0.0082677425755671,0.5815347721822542,0.0457072848930355,0.8290598290598291,0.0,5.576326551785129,0.0335006659153775,0.0218087234893957,-12.6569822916959,196700000.0,461700000.0,-1213000000.0,1757500000.0,578650000.0,524550000.0,387800000.0,49.93214588634436,61.9406674907293,45.84672435105068,1.8024460676065908,1.45300339253642,1.963062820167161,0.1523410202655485,0.3402744646816154,1992-06-30,,amc,,2025-04-25,1992-06-30,,5.426031746031746,556315.8888888889
1992-03-31,FMC,USD,37785,1992-03-31,1992-03-31 00:00:00,1992,Q1,933900000.0,634300000.0,299600000.0,0.3208052254,0,0.0,0.0,153900000.0,55600000.0,209500000.0,843800000.0,0.0,0.0,55600000.0,145700000.0,0.156012421,67800000.0,0.0725987793,-13100000.0,77000000.0,0.0824499411,22300000.0,45500000.0,0.0487204197,0.16,0.15,142032000,142032000,,,6.575278810408922,0.3203503435845443,-0.1851695392587586,-1.1574856370395403,0.6280274867635462,2.985242762194435,2.484651346175509,2.5346400811084826,8.410780669144982,752769600.0,1858169600.0,4.136096703296703,0.8060494699646643,-28.62241825095057,-4.578890510948905,2.0910266666666666,2.0910266666666666,1.9896879751579395,12.753394646533971,-70.65283650190113,-11.302734793187348,0.0604434610536876,-0.2183935164225547,3.318333333333334,0.39320628024094,7.586822237474262,1.1183687283188086,0.0,-0.4808043875685557,0.0,0.0,0.0,0.0,0.0234027846351338,-5.250950570342205,0.1478745047649641,2.483812949640288,0.0,4.274270518935465,0.0250360825368622,0.0153353555780249,-13.349808493860538,139900000.0,352900000.0,-1292300000.0,1768300000.0,549150000.0,574200000.0,384750000.0,54.79601670414392,77.75500551789374,57.42235535235693,1.6424551530073863,1.1574817518248175,1.567333827526563,0.1263888888888888,0.9723160977807818,1992-03-31,,amc,,2025-04-25,1992-03-31,,5.499047619047619,758954.4603174604
1991-12-31,FMC,USD,37785,1991-12-31,1991-12-31 00:00:00,1991,Q4,1007900000.0,728200000.0,279700000.0,0.2775076893,0,0.0,0.0,174000000.0,59600000.0,233600000.0,961800000.0,0.0,0.0,59600000.0,105700000.0,0.104871515,48500000.0,0.0481198532,2400000.0,48500000.0,0.0481198532,18300000.0,30200000.0,0.02996329,0.21,0.21,140524000,140524000,,,7.172440294896245,0.2149099086277077,1.1620790754604196,0.6212461928211551,0.3145370185875722,2.651504369360394,2.467905838148644,2.2046056189690018,7.060003985084398,764450560.0,1712350560.0,6.328233112582781,0.7584587359857129,4.681264911206369,8.756592898052691,2.4675615235635897,2.4675615235635897,1.6989290207361842,16.20009990539262,10.485918922229027,19.61455395189003,0.0395054979095051,0.1141996677980064,3.202388637830859,0.3523582895297627,8.967833491012298,0.9889354568315172,0.0,5.4072847682119205,0.0,0.0,0.0,0.0,0.0091632334138371,0.4654011022657685,0.0754043059827363,1.2751677852348993,0.0,3.2650131428505893,0.0179154060627632,0.0108251487561832,-12.945297600409894,-13200000.0,346800000.0,-1263200000.0,1496800000.0,541550000.0,584800000.0,367900000.0,47.29933525151305,74.20488876682231,45.08651469376545,1.9027751557485368,1.2128580946035976,1.9961622807017545,0.0974822466107166,0.5408328826392644,1991-12-31,,amc,,2025-04-25,1991-12-31,,5.39171875,521645.34375
1991-09-30,FMC,USD,37785,1991-09-30,1991-09-30 00:00:00,1991,Q3,967400000.0,681500000.0,285900000.0,0.2955344222,0,0.0,0.0,151100000.0,55900000.0,207000000.0,888500000.0,0.0,0.0,55900000.0,134800000.0,0.1393425677,60500000.0,0.0625387637,-18400000.0,60500000.0,0.0625387637,18800000.0,41700000.0,0.0431052305,0.14,0.14,140524000,140524000,,,6.884233298226637,0.2967464632375964,0.841849079160855,0.4689590390253622,1.0055221883806325,2.217414818820984,1.7790555349975803,1.7762090461415845,8.386467791978594,758829600.0,1796029600.0,4.549338129496404,0.7844010750465165,6.414451394759087,11.514864946889226,3.0401826923076927,3.0401826923076927,1.856553235476535,13.32366172106825,15.181991546914624,27.253863429438542,0.054953048747703,0.0868442664861781,4.721554487179487,0.4069125060424003,7.694362017804155,1.1136869118905046,0.0,2.836930455635492,0.0,0.0,0.0,0.0,0.0212692493612319,0.4429416737109045,0.0541658052511887,0.9373881932021468,0.0,3.4437456975357,0.0232908847184986,0.0147110703450222,-13.113418348467166,132900000.0,250000000.0,-1282700000.0,1638400000.0,537700000.0,579650000.0,393800000.0,51.484391151540216,75.16947909024212,48.99486426999267,1.7481026382363571,1.1972944483485597,1.8369272237196763,0.1670673076923076,0.3728900401354929,1991-09-30,,amc,,2025-04-25,1991-09-30,,5.34421875,484202.953125
1991-06-30,FMC,USD,37785,1991-06-30,1991-06-30 00:00:00,1991,Q2,1046700000.0,710200000.0,336500000.0,0.3214865769,0,0.0,0.0,160100000.0,54700000.0,214800000.0,925000000.0,0.0,0.0,54700000.0,176400000.0,0.1685296647,90500000.0,0.0864622146,-31200000.0,90500000.0,0.0864622146,28000000.0,62500000.0,0.0597114742,0.22,0.21,140280000,140280000,,,7.461505560307955,0.4455374964357,0.7142857142857143,0.3899344168805246,1.3152266894781866,1.97034502423724,1.4877388080980896,1.5333618477331052,9.14599372683205,704205599.9999999,1802705600.0,2.8168224,0.6727864717684149,7.028,12.87395978062157,3.273852161785216,3.273852161785216,1.722275341549632,10.219419501133787,17.991073852295408,32.95622669104205,0.0887524893298207,0.0776761786614591,5.96466759646676,0.4329924740980729,6.227324263038549,1.1634631886047708,0.0,1.6032,0.0,0.0,0.0,0.0,0.0228476932941851,0.4540918163672655,0.0434699531862042,0.8318098720292505,0.0,3.920628708804635,0.0331248675005299,0.0215859639428058,-13.561448531508413,190500000.0,208700000.0,-1330800000.0,1711500000.0,528650000.0,611300000.0,440450000.0,44.88392089423904,74.78034356519291,52.7935792734441,2.0051724137931037,1.203524826300627,1.7047527604416706,0.2905625290562529,0.3243512974051896,1991-06-30,,amc,,2025-04-25,1991-06-30,,4.67125,529466.390625
1991-03-31,FMC,USD,37785,1991-03-31,1991-03-31 00:00:00,1991,Q1,877400000.0,598900000.0,278500000.0,0.31741509,0,0.0,0.0,145800000.0,54700000.0,200500000.0,799400000.0,0.0,0.0,54700000.0,132700000.0,0.1512423068,56400000.0,0.0642808297,-21600000.0,56400000.0,0.0642808297,17700000.0,38700000.0,0.0441075906,0.13,0.13,139432000,139432000,,,6.292673130988582,0.2775546502954845,0.3026564920534741,-0.0050203683515979,1.3519134775374375,1.6517011876757128,1.1568363073039187,1.2005852315107006,9.677118595444377,578642800.0,1739442800.0,3.738002583979328,0.6594971506724413,13.711914691943129,-826.6325714285714,3.4566475507765837,3.4566475507765837,1.9824969227262368,13.108084400904296,41.21902369668246,-2484.918285714285,0.0668806386254179,-0.001209727313638,8.060334528076464,0.4430325715786709,8.747550866616429,1.1429265134347686,0.0,1.0904392764857882,0.0,0.0,0.0,0.0,0.022655634357762,1.0165876777251184,0.0488944609072258,0.7842778793418648,0.0,2.738180110372984,0.0203170936581268,0.0130014110058455,-14.294960984565954,176600000.0,161300000.0,-1403100000.0,1721600000.0,535900000.0,654900000.0,455450000.0,54.90882151812173,95.04925697111372,69.77291701452664,1.6390808892209976,0.9468774703557312,1.2898987723454662,0.2311827956989247,0.307676860405072,1991-03-31,,amc,,2025-04-25,1991-03-31,,3.9754098360655736,457066.2295081967
1990-12-31,FMC,USD,37785,1990-12-31,1990-12-31 00:00:00,1990,Q4,980500000.0,711600000.0,268900000.0,0.2742478327,0,0.0,0.0,163200000.0,59700000.0,222900000.0,934500000.0,0.0,0.0,59700000.0,105700000.0,0.1078021418,25900000.0,0.0264150943,-20100000.0,25900000.0,0.0264150943,-1200000.0,27100000.0,0.0276389597,0.19,0.19,139052000,139836000,,,7.051318931047378,0.194891119868826,0.9183614762822542,0.3077985214164485,0.6688145441992923,1.5289244311480596,1.0240773235911744,1.0758565141098295,9.048413543134942,503368240.0,1668568240.0,4.643618450184502,0.5133791330953595,3.941802975724354,11.760940186915889,3.364760962566845,3.364760962566845,1.701752412034676,15.785886849574268,13.066313547376664,38.98523925233645,0.0538373259306149,0.0850272158608973,8.41042780748663,0.4251824817518248,11.023651844843895,1.032358332669164,0.0,4.712177121771218,0.0,0.0,0.0,0.0,0.0237226277372262,0.6648394675019577,0.0865884752677205,1.4221105527638191,0.0,2.172023208714242,0.0150213402804722,0.009380408445829,-14.583932629519891,40600000.0,142400000.0,-1451300000.0,1617900000.0,529950000.0,662300000.0,469750000.0,49.24528301886792,85.6618887015177,56.48397976391231,1.827586206896552,1.0506422560165365,1.593372145096283,0.1811497326203208,0.6105629548658056,1990-12-31,,amc,,2025-04-25,1990-12-31,,3.2265625,434705.96875
1990-09-30,FMC,USD,37785,1990-09-30,1990-09-30 00:00:00,1990,Q3,941000000.0,649900000.0,291100000.0,0.3093517535,0,0.0,0.0,162700000.0,48900000.0,211600000.0,861500000.0,0.0,0.0,48900000.0,128400000.0,0.1364505845,51400000.0,0.0546227418,-28100000.0,51400000.0,0.0546227418,15900000.0,35500000.0,0.0377258236,0.12,0.12,139836000,139836000,,,6.729311479161304,0.253868817757945,0.8652993506679253,0.2095311650790926,1.410223404559627,1.3723218627535112,0.872450584970966,0.923224348522555,10.374295603421151,453068640.00000006,1706568640.0,3.190624225352113,0.4814757066950054,3.744368925619834,15.463093515358365,3.509439504260264,3.509439504260264,1.8135692242295431,13.291033021806854,14.10387305785124,58.24466348122867,0.0783545733820818,0.0646701126787323,11.23702556158017,0.4656245987931698,9.76246105919003,1.1618497109826589,0.0,3.4180790960451977,0.0,0.0,0.0,0.0,0.0224354859417126,0.7578512396694215,0.0974495217853347,1.8752556237218816,0.0,2.2964107129186027,0.0179938162096406,0.0116557769970778,-14.92820160759747,198800000.0,122000000.0,-1496600000.0,1770400000.0,521650000.0,643250000.0,495650000.0,50.05951115834219,89.6399446068626,68.25819356824127,1.7978601452044325,1.0040166846902518,1.318523026983161,0.2749806351665376,0.6557681855888327,1990-09-30,,amc,,2025-04-25,1990-09-30,,3.946984126984127,514104.8412698413
1990-06-30,FMC,USD,37785,1990-06-30,1990-06-30 00:00:00,1990,Q2,987300000.0,665900000.0,321400000.0,0.3255342854,0,0.0,0.0,164700000.0,52800000.0,217500000.0,883400000.0,0.0,0.0,52800000.0,156700000.0,0.1587156893,79900000.0,0.0809277828,-24000000.0,79900000.0,0.0809277828,25200000.0,54700000.0,0.0554036261,0.19,0.19,139412000,139412000,,,7.081886781625685,0.3923622069836169,0.5422775657762603,-0.0545146759245976,1.3929934295469544,0.8471293719335494,0.3443032163658795,0.4354001090293518,10.590193096720512,522795000.0,1804995000.0,2.389373857404022,0.529519902765117,6.915277777777778,-68.78881578947369,8.612767710049424,8.612767710049424,1.8282133090246129,11.518793873643906,23.87559523809524,-237.4993421052632,0.1046299218622978,-0.014537246913226,24.322899505766063,0.4861056236006848,8.182514358647097,1.1974194636532298,0.0,1.3795620437956204,0.0,0.0,0.0,0.0,0.0230804688528908,1.1005291005291005,0.0842702319457105,1.5757575757575757,0.0,1.9605553609226232,0.028386092371562,0.0184355094199723,-14.961230023240468,234100000.0,48000000.0,-1499200000.0,1738400000.0,518300000.0,647550000.0,506750000.0,47.392889699179584,86.39135005256044,67.36146568553836,1.8990190421234856,1.0417709637046308,1.33607544141252,0.9011532125205932,0.5967922417008579,1990-06-30,,amc,,2025-04-25,1990-06-30,,3.916349206349206,457231.1746031746
1990-03-31,FMC,USD,37785,1990-03-31,1990-03-31 00:00:00,1990,Q1,813500000.0,532600000.0,280900000.0,0.3452980947,0,0.0,0.0,153300000.0,49800000.0,203100000.0,735700000.0,0.0,0.0,49800000.0,127600000.0,0.1568531039,54300000.0,0.0667486171,-23500000.0,54300000.0,0.0667486171,16300000.0,38000000.0,0.0467117394,0.13,0.13,138400000,138400000,,,5.877890173410405,0.2745664739884393,0.875,0.4089595375722543,0.9848265895953756,-0.0238439306358381,-0.4682080924855491,-0.2297687861271676,10.291184971098266,578512000.0,1866512000.0,3.806,0.711139520590043,4.777142857142857,10.221060070671378,-18.192201257861637,-18.192201257861637,2.294421634910879,14.627836990595611,15.412981007431874,32.977243816254415,0.0656857593273778,0.0978372099455154,-44.78930817610063,0.489972135264371,10.094043887147336,1.1216469629025685,0.0,3.1868421052631577,0.0,0.0,0.0,0.0,0.0211565585331452,0.532617671345995,0.0792870313460356,1.2951807228915662,0.0,,0.0216944507878511,0.0133548885921135,-15.38168352601156,149200000.0,-64800000.0,-1534500000.0,1557400000.0,552050000.0,639850000.0,479500000.0,57.1641057160418,110.83552384528728,87.0428088621855,1.5744145538997485,0.8120140265284342,1.0339739856338577,-1.1949685534591197,0.4660404624277456,1990-03-31,,amc,,2025-04-25,1990-03-31,,4.161111111111111,516813.4444444445
1989-12-31,FMC,USD,37785,1989-12-31,1989-12-31 00:00:00,1989,Q4,822700000.0,446600000.0,376100000.0,0.4571532758,0,0.0,0.0,268000000.0,64500000.0,332500000.0,779100000.0,0.0,0.0,64500000.0,108100000.0,0.1313966209,33200000.0,0.0403549289,-10400000.0,33200000.0,0.0403549289,900000.0,32300000.0,0.03926097,0.23,0.23,137908000,137908000,,,5.965571250398817,0.2342141137569974,0.3270296139455289,-0.2472662934710096,0.6852394349856425,-0.3219537662789686,-0.7613771499840474,-0.511935493227369,10.345302665545146,562664640.0,1894864640.0,4.354989473684211,0.6839244439042178,12.475934368070952,-16.500429325513196,-7.969754107648725,-7.969754107648725,2.303226741217941,17.52881258094357,42.01473702882483,-55.567878005865104,0.0574054200384797,-0.0606044836938749,-20.208215297450423,0.5061014544164597,12.32377428307123,1.0984594775619558,0.0,1.396284829721362,0.0,0.0,0.0,0.0,0.0214969847463639,1.7560975609756098,0.0962683845873343,1.227906976744186,0.0,,0.0187170423596221,0.0117096867749419,-15.273950749775212,117600000.0,-105000000.0,-1551400000.0,1513100000.0,563550000.0,584200000.0,425700000.0,64.25914671204569,125.70980743394536,89.45588893864756,1.4005788219271365,0.7159345944212889,1.006082451002478,-0.4575070821529745,0.5742959074165386,1989-12-31,,amc,,2025-04-25,1989-12-31,,,
1989-09-30,FMC,USD,37785,1989-09-30,1989-09-30 00:00:00,1989,Q3,837600000.0,610800000.0,226800000.0,0.270773639,0,0.0,0.0,107000000.0,44400000.0,151400000.0,762200000.0,0.0,0.0,44400000.0,119800000.0,0.1430276982,51800000.0,0.061843362,-23600000.0,51800000.0,0.061843362,17000000.0,34800000.0,0.0415472779,0.12,0.12,137908000,137908000,,,6.073614293587029,0.25234214113757,,,0.9861646895031472,-0.7635525132697161,-1.201525654784349,-0.9404820605041042,10.352553876497376,711605280.0,2003305280.0,5.112106896551724,0.8495765042979943,0.0,0.0,-5.486548033924441,-5.486548033924441,2.3917207258834767,16.722080801335558,0.0,0.0,0.0489035157243352,,-11.007710100231304,0.5256046828406288,10.782136894824708,1.1252896096952414,0.0,0.0,,,0.0,0.0,0.0222361300298199,0.0,,0.0,,,0.020793499043977,0.0131029029707443,-15.061308988601096,140600000.0,-165700000.0,-1558800000.0,1497600000.0,,,,57.990687679083095,80.24557956777996,60.04420432220039,1.5519733185102835,1.1215571061329417,1.4988957055214724,-0.2683114880493446,,1989-09-30,,amc,,2025-04-25,1989-09-30,,,
1989-06-30,FMC,USD,37785,1989-06-30,1989-06-30 00:00:00,1989,Q2,917100000.0,0.0,917100000.0,1.0,0,0.0,0.0,0.0,0.0,0.0,0.0,0.0,0.0,0.0,917100000.0,1.0,917100000.0,1.0,-917100000.0,0.0,0.0,0.0,0.0,0.0,0.19,0.19,137020000,137020000,,,6.693183476864691,0.0,,,,,,,,602888000.0,,0.0,0.6573852360702214,0.0,0.0,0.0,0.0,,,0.0,0.0,0.0,,0.0,0.0,,0.0,0.0,0.0,,0.0,0.0,0.0,0.0,0.0,,0.0,,,0.0,0.0,,,,,,,,,,0.0,0.0,0.0,0.0,0.0,0.0,,1989-06-30,,amc,,2025-04-25,1989-06-30,,,
1989-03-31,FMC,USD,37785,1989-03-31,1989-03-31 00:00:00,1989,Q1,837100000.0,0.0,837100000.0,1.0,0,0.0,0.0,0.0,0.0,0.0,0.0,0.0,0.0,0.0,837100000.0,1.0,837100000.0,1.0,-837100000.0,0.0,0.0,0.0,0.0,0.0,0.11,0.11,135624000,135624000,,,6.172211408010382,0.0,,,,,,,,523508640.0,,0.0,0.6253836339744355,0.0,0.0,0.0,0.0,,,0.0,0.0,0.0,,0.0,0.0,,0.0,0.0,0.0,,0.0,0.0,0.0,0.0,0.0,,0.0,,,0.0,0.0,,,,,,,,,,0.0,0.0,0.0,0.0,0.0,0.0,,1989-03-31,,amc,,2025-04-25,1989-03-31,,,
1988-12-31,FMC,USD,37785,1988-12-31,1988-12-31 00:00:00,1988,Q4,882100000.0,0.0,882100000.0,1.0,0,0.0,0.0,0.0,-3005800000.0,-3005800000.0,-3005800000.0,0.0,0.0,0.0,-2123700000.0,-2.4075501644,-2123700000.0,-2.4075501644,2123700000.0,0.0,0.0,0.0,0.0,0.0,0.3,0.25,135624000,135624000,,,6.504011089482687,0.0,,,0.9644310741461688,-1.6486757506046128,-2.1950392260956764,-1.6486757506046128,11.37188108299416,493671360.0,1905171360.0,0.0,0.5596546423308015,0.0,0.0,-2.207832558139535,-2.207832558139535,2.159813354494956,-0.8971000423788671,0.0,0.0,0.0,,-6.897584973166368,0.5610811990686845,-0.6646418985732448,1.2093322311013135,0.0,0.0,,0.0,0.0,0.0,0.0269572176949941,0.0,,0.0,,,,0.0,-16.163437149767002,227900000.0,-297700000.0,-1655800000.0,1570100000.0,,,,59.4626459585081,0.0,0.0,1.5135552505147565,0.0,0.0,0.0,,1988-12-31,,amc,,2025-04-25,1988-12-31,,,
1988-09-30,FMC,USD,37785,1988-09-30,1988-09-30 00:00:00,1988,Q3,798200000.0,0.0,798200000.0,1.0,0,0.0,0.0,0.0,0.0,0.0,0.0,0.0,0.0,0.0,798200000.0,1.0,798200000.0,1.0,-798200000.0,0.0,0.0,0.0,0.0,0.0,0.11,0.11,135624000,135624000,,,5.88538901669321,0.0,,,,,,,,530289840.0,,0.0,0.6643571034828364,0.0,0.0,0.0,0.0,,,0.0,0.0,0.0,,0.0,0.0,,0.0,0.0,0.0,,0.0,0.0,0.0,0.0,0.0,,0.0,,,0.0,0.0,,,,,,,,,,0.0,0.0,0.0,0.0,0.0,0.0,,1988-09-30,,amc,,2025-04-25,1988-09-30,,,
1988-06-30,FMC,USD,37785,1988-06-30,1988-06-30 00:00:00,1988,Q2,892700000.0,0.0,892700000.0,1.0,0,0.0,0.0,0.0,0.0,0.0,0.0,0.0,0.0,0.0,892700000.0,1.0,892700000.0,1.0,-892700000.0,0.0,0.0,0.0,0.0,0.0,0.13,0.13,135624000,135624000,,,6.5821683477850526,0.0,,,,,,,,570977040.0,,0.0,0.6396068556065868,0.0,0.0,0.0,0.0,,,0.0,0.0,0.0,,0.0,0.0,,0.0,0.0,0.0,,0.0,0.0,0.0,0.0,0.0,,0.0,,,0.0,0.0,,,,,,,,,,0.0,0.0,0.0,0.0,0.0,0.0,,1988-06-30,,amc,,2025-04-25,1988-06-30,,,
1988-03-31,FMC,USD,37785,1988-03-31,1988-03-31 00:00:00,1988,Q1,713900000.0,0.0,713900000.0,1.0,0,0.0,0.0,0.0,0.0,0.0,0.0,0.0,0.0,0.0,713900000.0,1.0,713900000.0,1.0,-713900000.0,0.0,0.0,0.0,0.0,0.0,0.085,0.085,135624000,135624000,,,5.263817613401758,0.0,,,,,,,,452984160.0,,0.0,0.6345204650511276,0.0,0.0,0.0,0.0,,,0.0,0.0,0.0,,0.0,0.0,,0.0,0.0,0.0,,0.0,0.0,0.0,0.0,0.0,,0.0,,,0.0,0.0,,,,,,,,,,0.0,0.0,0.0,0.0,0.0,0.0,,1988-03-31,,amc,,2025-04-25,1988-03-31,,,
1987-12-31,FMC,USD,37785,1987-12-31,1987-12-31 00:00:00,1987,Q4,856300000.0,0.0,856300000.0,1.0,0,0.0,0.0,0.0,-2870200000.0,-2870200000.0,-2870200000.0,0.0,0.0,0.0,-2013900000.0,-2.351862665,-2013900000.0,-2.351862665,2013900000.0,0.0,0.0,0.0,0.0,0.0,0.0825,0.08,180696000,180696000,,,4.73889848142737,0.0,,,1.021605348209147,-1.8993226192057373,-2.3448222428830743,-1.8993226192057373,8.213242130429007,693872640.0,1993372640.0,0.0,0.8103148896414808,0.0,0.0,-2.0217734265734264,-2.0217734265734264,2.3278905056639028,-0.9898071602363572,0.0,0.0,0.0,,-4.324300699300699,0.571885476474895,-0.6452654054322459,0.9194671250537172,0.0,0.0,,0.0,0.0,0.0,0.0310199992293167,0.0,,0.0,,,,0.0,-13.01135608978616,-93700000.0,-423700000.0,-1868500000.0,1289000000.0,,,,27.43197477519561,0.0,0.0,3.2808429118773947,0.0,0.0,0.0,,1987-12-31,,amc,,2025-04-25,1987-12-31,,,
1987-09-30,FMC,USD,37785,1987-09-30,1987-09-30 00:00:00,1987,Q3,730000000.0,0.0,730000000.0,1.0,0,0.0,0.0,0.0,0.0,0.0,0.0,0.0,0.0,0.0,730000000.0,1.0,730000000.0,1.0,-730000000.0,0.0,0.0,0.0,0.0,0.0,0.11,0.11,180696000,180696000,,,4.0399344755833,0.0,,,,,,,,1120315200.0,,0.0,1.5346783561643835,0.0,0.0,0.0,0.0,,,0.0,0.0,0.0,,0.0,0.0,,0.0,0.0,0.0,,0.0,0.0,0.0,0.0,0.0,,0.0,,,0.0,0.0,,,,,,,,,,0.0,0.0,0.0,0.0,0.0,0.0,,1987-09-30,,amc,,2025-04-25,1987-09-30,,,
1987-06-30,FMC,USD,37785,1987-06-30,1987-06-30 00:00:00,1987,Q2,828500000.0,0.0,828500000.0,1.0,0,0.0,0.0,0.0,0.0,0.0,0.0,0.0,0.0,0.0,828500000.0,1.0,828500000.0,1.0,-828500000.0,0.0,0.0,0.0,0.0,0.0,0.35,0.35,180144000,180144000,,,4.599098498978595,0.0,,,,,,,,704363040.0,,0.0,0.8501666143633072,0.0,0.0,0.0,0.0,,,0.0,0.0,0.0,,0.0,0.0,,0.0,0.0,0.0,,0.0,0.0,0.0,0.0,0.0,,0.0,,,0.0,0.0,,,,,,,,,,0.0,0.0,0.0,0.0,0.0,0.0,,1987-06-30,,amc,,2025-04-25,1987-06-30,,,
1987-03-31,FMC,USD,37785,1987-03-31,1987-03-31 00:00:00,1987,Q1,724300000.0,0.0,724300000.0,1.0,0,0.0,0.0,0.0,0.0,0.0,0.0,0.0,0.0,0.0,724300000.0,1.0,724300000.0,1.0,-724300000.0,0.0,0.0,0.0,0.0,0.0,0.0675,0.0675,180144000,180144000,,,4.020672351008082,0.0,,,,,,,,614291040.0,,0.0,0.8481168576556676,0.0,0.0,0.0,0.0,,,0.0,0.0,0.0,,0.0,0.0,,0.0,0.0,0.0,,0.0,0.0,0.0,0.0,0.0,,0.0,,,0.0,0.0,,,,,,,,,,0.0,0.0,0.0,0.0,0.0,0.0,,1987-03-31,,amc,,2025-04-25,1987-03-31,,,
1986-12-31,FMC,USD,37785,1986-12-31,1986-12-31 00:00:00,1986,Q4,778100000.0,0.0,778100000.0,1.0,0,0.0,0.0,0.0,-2753900000.0,-2753900000.0,-2753900000.0,0.0,0.0,0.0,-1975800000.0,-2.5392623056,-1975800000.0,-2.5392623056,1975800000.0,0.0,0.0,0.0,0.0,0.0,0.17,0.17,180144000,180144000,,,4.319322319921841,0.0,,,1.022515321076472,-2.8121946886934897,-3.393951505462297,-2.8121946886934897,10.32673860911271,527821920.0,2203921920.0,0.0,0.6783471533221951,0.0,0.0,-1.0418908803789972,-1.0418908803789972,2.83244045752474,-1.1154580018220468,0.0,0.0,0.0,,-3.672127911567312,0.6926427879961278,-0.848314606741573,0.9668978839230836,0.0,0.0,,0.0,0.0,0.0,0.0390200312755975,0.0,,0.0,,,,0.0,-14.73779309885425,-37700000.0,-611400000.0,-2091200000.0,1412200000.0,,,,21.45611103971212,0.0,0.0,4.194609164420485,0.0,0.0,0.0,,1986-12-31,,amc,,2025-04-25,1986-12-31,,,
1986-09-30,FMC,USD,37785,1986-09-30,1986-09-30 00:00:00,1986,Q3,664900000.0,0.0,664900000.0,1.0,0,0.0,0.0,0.0,0.0,0.0,0.0,0.0,0.0,0.0,664900000.0,1.0,664900000.0,1.0,-664900000.0,0.0,0.0,0.0,0.0,0.0,0.0488,0.0475,180144000,180144000,,,3.690936139976907,0.0,,,,,,,,345876480.0,,0.0,0.5201932320649721,0.0,0.0,0.0,0.0,,,0.0,0.0,0.0,,0.0,0.0,,0.0,0.0,0.0,,0.0,0.0,0.0,0.0,0.0,,0.0,,,0.0,0.0,,,,,,,,,,0.0,0.0,0.0,0.0,0.0,0.0,,1986-09-30,,amc,,2025-04-25,1986-09-30,,,
1986-06-30,FMC,USD,37785,1986-06-30,1986-06-30 00:00:00,1986,Q2,807400000.0,0.0,807400000.0,1.0,0,0.0,0.0,0.0,0.0,0.0,0.0,0.0,0.0,0.0,807400000.0,1.0,807400000.0,1.0,-807400000.0,0.0,0.0,0.0,0.0,0.0,0.0513,0.0488,180144000,180144000,,,4.481969979571898,0.0,,,,,,,,407125440.0,,0.0,0.5042425563537279,0.0,0.0,0.0,0.0,,,0.0,0.0,0.0,,0.0,0.0,,0.0,0.0,0.0,,0.0,0.0,0.0,0.0,0.0,,0.0,,,0.0,0.0,,,,,,,,,,0.0,0.0,0.0,0.0,0.0,0.0,,1986-06-30,,amc,,2025-04-25,1986-06-30,,,
1986-03-31,FMC,USD,37785,1986-03-31,1986-03-31 00:00:00,1986,Q1,752300000.0,0.0,752300000.0,1.0,0,0.0,0.0,0.0,0.0,0.0,0.0,0.0,0.0,0.0,752300000.0,1.0,752300000.0,1.0,-752300000.0,0.0,0.0,0.0,0.0,0.0,0.0188,0.0188,180144000,180144000,,,4.176103561595168,0.0,,,,,,,,335067840.0,,0.0,0.4453912534892995,0.0,0.0,0.0,0.0,,,0.0,0.0,0.0,,0.0,0.0,,0.0,0.0,0.0,0.0128231182795698,0.0,0.0,0.0,0.0,0.0,,0.0,,,0.0,0.0,,,,,,,,,,0.0,0.0,0.0,0.0,0.0,0.0,,1986-03-31,,amc,,2025-04-25,1986-03-31,,,
