date,symbol,reportedCurrency,cik,fillingDate,acceptedDate,calendarYear,period,revenue,costOfRevenue,grossProfit,grossProfitRatio,researchAndDevelopmentExpenses,generalAndAdministrativeExpenses,sellingAndMarketingExpenses,sellingGeneralAndAdministrativeExpenses,otherExpenses,operatingExpenses,costAndExpenses,interestIncome,interestExpense,depreciationAndAmortization,ebitda,ebitdaratio,operatingIncome,operatingIncomeRatio,totalOtherIncomeExpensesNet,incomeBeforeTax,incomeBeforeTaxRatio,incomeTaxExpense,netIncome,netIncomeRatio,eps,epsdiluted,weightedAverageShsOut,weightedAverageShsOutDil,link,finalLink,revenuePerShare,netIncomePerShare,operatingCashFlowPerShare,freeCashFlowPerShare,cashPerShare,bookValuePerShare,tangibleBookValuePerShare,shareholdersEquityPerShare,interestDebtPerShare,marketCap,enterpriseValue,peRatio,priceToSalesRatio,pocfratio,pfcfRatio,pbRatio,ptbRatio,evToSales,enterpriseValueOverEBITDA,evToOperatingCashFlow,evToFreeCashFlow,earningsYield,freeCashFlowYield,debtToEquity,debtToAssets,netDebtToEBITDA,currentRatio,interestCoverage,incomeQuality,dividendYield,payoutRatio,salesGeneralAndAdministrativeToRevenue,researchAndDdevelopementToRevenue,intangiblesToTotalAssets,capexToOperatingCashFlow,capexToRevenue,capexToDepreciation,stockBasedCompensationToRevenue,grahamNumber,roic,returnOnTangibleAssets,grahamNetNet,workingCapital,tangibleAssetValue,netCurrentAssetValue,investedCapital,averageReceivables,averagePayables,averageInventory,daysSalesOutstanding,daysPayablesOutstanding,daysOfInventoryOnHand,receivablesTurnover,payablesTurnover,inventoryTurnover,roe,capexPerShare,report_date,epsEstimated,time,revenueEstimated,updatedFromDate,fiscalDateEnding,surprise(%),QuarterAvgPrice,QuarterAvgVolume
2024-12-31,FOXA,USD,1754301,2025-02-04,2025-02-04 09:19:47,2025,Q2,5078000000.0,3873000000.0,1205000000.0,0.2372981489,0,0.0,0.0,525000000.0,3873000000.0,4398000000.0,4398000000.0,37000000.0,117000000.0,97000000.0,729000000.0,0.1435604569,680000000.0,0.1339109886,-165000000.0,515000000.0,0.1014178811,127000000.0,373000000.0,0.0734541158,0.81,0.81,462000000,462000000,https://www.sec.gov/Archives/edgar/data/1754301/000162828025003592/0001628280-25-003592-index.htm,https://www.sec.gov/Archives/edgar/data/1754301/000162828025003592/fox-20241231.htm,10.991341991341992,0.8073593073593074,-0.7835497835497836,-0.645021645021645,7.190476190476191,25.564935064935064,11.35930735930736,24.88095238095238,17.833333333333332,22443960000.0,27243960000.0,15.042868632707776,4.419842457660496,-61.99988950276243,-75.31530201342282,1.9524976076555025,1.9524976076555025,5.3650964946829465,37.37168724279835,-75.25955801104972,-91.4226845637584,0.0166191705919989,-0.0132775143067444,0.7065680730752502,0.3527929806272261,6.584362139917696,2.4983318168031543,5.811965811965812,-0.921119592875318,0.0001336662514101,0.0080428954423592,0.0,0.0,0.2850751455129875,-0.1767955801104972,0.0126033871602993,0.6597938144329897,0.006695549428909,21.25975166403235,0.0258808123067264,0.0226623731696943,-10.13961038961039,4940000000.0,5248000000.0,-2974000000.0,14046000000.0,3089500000.0,0.0,983000000.0,61.890508074044895,0.0,27.21146398140976,1.45418098510882,0.0,3.3074295473953885,0.0324488908220965,0.1385281385281385,2025-02-04,0.62,bmo,4124588970.0,2025-05-04,2024-12-31,0.5483870967741935,49.87464285714286,4158880.285714286
2024-09-30,FOXA,USD,1754301,2024-11-04,2024-11-04 09:26:04,2025,Q1,3564000000.0,2109000000.0,1455000000.0,0.4082491582,0,0.0,0.0,502000000.0,0.0,502000000.0,2611000000.0,52000000.0,102000000.0,91000000.0,1306000000.0,0.3664421998,953000000.0,0.2673961841,160000000.0,1113000000.0,0.3122895623,281000000.0,827000000.0,0.2320426487,1.79,1.78,461000000,464000000,https://www.sec.gov/Archives/edgar/data/1754301/000162828024044851/0001628280-24-044851-index.htm,https://www.sec.gov/Archives/edgar/data/1754301/000162828024044851/fox-20240930.htm,7.731019522776573,1.7939262472885034,0.3427331887201735,0.2039045553145336,8.789587852494577,25.114967462039047,10.84815618221258,24.45986984815618,17.86984815618221,19514130000.0,23598130000.0,5.899071946795647,5.475345117845118,123.50715189873416,207.59712765957445,1.7305897481376376,1.7305897481376376,6.62124859708193,18.069012251148543,149.35525316455696,251.0439361702128,0.0423795475381172,0.004817022332023,0.7215324583185527,0.3609903274469784,3.127105666156202,2.593344425956739,9.34313725490196,0.1910519951632406,0.0067130843137767,0.1584038694074969,0.0,0.0,0.2918182624900168,0.4050632911392405,0.0179573512906846,0.7032967032967034,0.0095398428731762,31.421044808090496,0.0352513893781235,0.0518137961280621,-9.751084598698482,4788000000.0,5001000000.0,-3167000000.0,13939000000.0,2525500000.0,341500000.0,710500000.0,67.85353535353535,0.0,33.92603129445235,1.326386304428731,0.0,2.652830188679246,0.0733416105001773,0.1388286334056399,2024-11-04,1.11,bmo,3373820000.0,2025-04-25,2024-09-30,0.3063063063063062,52.8905,4091216.7
2024-06-30,FOXA,USD,1754301,2024-08-08,2024-08-08 16:07:28,2024,Q4,3092000000.0,1882000000.0,1210000000.0,0.3913324709,0,0.0,0.0,539000000.0,-6000000.0,539000000.0,2421000000.0,49000000.0,96000000.0,98000000.0,645000000.0,0.2086028461,671000000.0,0.2170116429,-220000000.0,451000000.0,0.1458602846,131000000.0,319000000.0,0.1031694696,0.68,0.68,468000000,468000000,https://www.sec.gov/Archives/edgar/data/1754301/000162828024036123/0001628280-24-036123-index.htm,https://www.sec.gov/Archives/edgar/data/1754301/000162828024036123/fox-20240630.htm,6.606837606837607,0.6816239316239316,1.920940170940171,1.6816239316239316,9.22863247863248,23.623931623931625,9.55982905982906,22.89316239316239,17.623931623931625,15968159999.999998,19801160000.0,12.514231974921628,5.164346701164295,17.762135706340377,20.289911054637862,1.490401344035841,1.490401344035841,6.403997412677878,30.699472868217057,22.02576195773081,25.16030495552732,0.0199772547369264,0.0492855783008186,0.7608736232966212,0.3710176588385218,5.942635658914729,2.540989159891599,6.989583333333333,2.8181818181818183,0.0005636216069979,0.0282131661442006,0.0,0.0,0.2995630802839978,0.1245828698553948,0.0362225097024579,1.1428571428571428,0.0067917205692108,18.73771238836217,0.024173524294268,0.0207277452891487,-9.63888888888889,4549000000.0,4474000000.0,-3415000000.0,13731000000.0,2422500000.0,718500000.0,643000000.0,68.8098318240621,32.66206163655686,29.936238044633367,1.3079526226734348,2.7554904831625184,3.006389776357828,0.0297741273100616,0.2393162393162393,2024-08-06,0.83,bmo,3098980000.0,2025-04-25,2024-06-30,0.0843373493975904,45.03546875,3329105.671875
2024-03-31,FOXA,USD,1754301,2024-05-08,2024-05-08 16:08:33,2024,Q3,3447000000.0,2148000000.0,1299000000.0,0.3768494343,0,0.0,0.0,510000000.0,-6000000.0,2658000000.0,2658000000.0,44000000.0,99000000.0,98000000.0,1158000000.0,0.3359442994,354000000.0,0.1026979983,172000000.0,961000000.0,0.2787931535,257000000.0,666000000.0,0.1932114883,1.41,1.4,474000000,475000000,https://www.sec.gov/Archives/edgar/data/1754301/000162828024021664/0001628280-24-021664-index.htm,https://www.sec.gov/Archives/edgar/data/1754301/000162828024021664/fox-20240331.htm,7.272151898734177,1.4050632911392404,3.113924050632912,2.938818565400844,7.9978902953586495,23.048523206751057,9.141350210970463,22.26582278481013,17.379746835443036,14859900000.0,19207900000.0,5.578040540540541,4.310966057441253,10.067682926829267,10.667552045944008,1.4079874928936895,1.4079874928936895,5.572352770525094,16.58713298791019,13.013482384823847,13.788872936109115,0.0448186057779662,0.0937422189920524,0.7711768050028425,0.3747755214808675,3.754749568221071,3.237708615245828,3.575757575757576,2.096590909090909,0.0087483765032066,0.1951951951951951,0.0,0.0,0.3035410047428282,0.0562330623306233,0.0240789091964026,0.8469387755102041,0.0060922541340295,26.531302841056245,0.013249367226498,0.0440330578512396,-10.148206751054852,4961000000.0,4333000000.0,-3614000000.0,14120000000.0,2741000000.0,869000000.0,849000000.0,64.7780678851175,31.59217877094972,27.6536312849162,1.3893591293833132,2.848806366047745,3.2545454545454544,0.0631040363843092,0.1751054852320675,2024-05-08,0.96,bmo,3445660000.0,2025-04-25,2024-03-31,0.1354166666666668,38.81984375,2815780.046875
2023-12-31,FOXA,USD,1754301,2024-02-07,2024-02-07 09:20:02,2024,Q2,4234000000.0,3490000000.0,744000000.0,0.175720359,0,0.0,0.0,495000000.0,-17000000.0,495000000.0,3985000000.0,47000000.0,119000000.0,97000000.0,347000000.0,0.0819555975,249000000.0,0.0588096363,-118000000.0,131000000.0,0.0309400094,16000000.0,109000000.0,0.0257439773,0.23,0.23,481000000,482000000,https://www.sec.gov/Archives/edgar/data/1754301/000162828024003624/0001628280-24-003624-index.htm,https://www.sec.gov/Archives/edgar/data/1754301/000162828024003624/fox-20231231.htm,8.802494802494802,0.2266112266112266,-1.1143451143451144,-1.2785862785862785,8.56964656964657,21.97089397089397,8.207900207900208,21.31392931392931,19.81081081081081,14271270000.0,19559270000.0,32.73227064220183,3.370635333018422,-26.625503731343283,-23.205317073170733,1.3920474053843153,1.3920474053843153,4.619572508266415,56.36677233429395,-36.491175373134325,-31.80369105691057,0.0076377225012209,-0.0430935719105587,0.9178696839641044,0.4118882955440777,15.239193083573488,2.293229026166712,2.092436974789916,-4.91743119266055,0.0004904959404453,0.0642201834862385,0.0,0.0,0.289766261052263,-0.1473880597014925,0.0186584789796882,0.8144329896907216,0.0056683986773736,10.42470395162502,0.010684709466201,0.0067176137063971,-11.198024948024948,4794000000.0,3948000000.0,-3777000000.0,14004000000.0,2710500000.0,492000000.0,894500000.0,63.790741615493616,25.375358166189116,26.76790830945559,1.4108630456514497,3.546747967479675,3.36223506743738,0.01063207179087,0.1642411642411642,2024-02-07,0.1,bmo,4203530000.0,2025-04-25,2023-12-31,2.4,32.65587301587302,2932340.714285714
2023-09-30,FOXA,USD,1754301,2023-11-02,2023-11-02 08:57:25,2024,Q1,3207000000.0,1958000000.0,1249000000.0,0.389460555,0,0.0,0.0,480000000.0,-166000000.0,2438000000.0,2438000000.0,49000000.0,42000000.0,96000000.0,748000000.0,0.233239788,219000000.0,0.0682881197,-208000000.0,561000000.0,0.174929841,146000000.0,407000000.0,0.1269098846,0.83,0.82,492000000,494000000,https://www.sec.gov/Archives/edgar/data/1754301/000162828023036233/0001628280-23-036233-index.htm,https://www.sec.gov/Archives/edgar/data/1754301/000162828023036233/fox-20230930.htm,6.5182926829268295,0.8272357723577236,0.0020325203252032,-0.1422764227642276,7.782520325203252,21.70528455284553,8.231707317073171,21.10569105691057,14.74390243902439,15350400000.0,18733400000.0,9.428992628992628,4.786529466791394,15350.399999999998,-219.29142857142853,1.4782742681047765,1.4782742681047765,5.84140941690053,25.04465240641711,18733.4,-267.62,0.0265139670627475,-0.0045601417552637,0.6945300462249615,0.3331331701233313,4.5227272727272725,2.01699637782112,5.214285714285714,0.0024096385542168,0.0087945590994371,0.3316953316953317,0.0,0.0,0.306203519793062,71.0,0.0221390707826629,0.7395833333333334,0.0074836295603367,19.820093578453548,0.0083594090605563,0.0270972037283621,-10.0619918699187,3650000000.0,4050000000.0,-3731000000.0,11962000000.0,2298500000.0,392500000.0,647000000.0,67.91393826005613,0.0,34.51991828396323,1.325206611570248,0.0,2.607190412782956,0.0391949152542372,0.1443089430894309,2023-11-02,0.96,bmo,3183180000.0,2025-04-25,2023-09-30,0.1354166666666668,30.37262295081967,3477995.9836065574
2023-06-30,FOXA,USD,1754301,2023-08-11,2023-08-11 16:03:09,2023,Q4,3032000000.0,1881000000.0,1151000000.0,0.3796174142,0,222000000.0,-1220000000.0,523000000.0,11000000.0,2404000000.0,2404000000.0,52000000.0,35000000.0,103000000.0,695000000.0,0.2292216359,639000000.0,0.2107519789,-123000000.0,505000000.0,0.1665567282,136000000.0,375000000.0,0.1236807388,0.74,0.74,506000000,506000000,https://www.sec.gov/Archives/edgar/data/1754301/000162828023029065/0001628280-23-029065-index.htm,https://www.sec.gov/Archives/edgar/data/1754301/000162828023029065/fox-20230630.htm,5.992094861660079,0.741106719367589,0.974308300395257,0.7371541501976284,8.442687747035572,20.64229249011857,7.513833992094861,20.509881422924902,14.318181818181818,17204000000.0,20142000000.0,11.469333333333331,5.674142480211081,34.89655172413793,46.12332439678284,1.657737521680478,1.657737521680478,6.643139841688655,28.981294964028777,40.85598377281947,54.0,0.0217972564519879,0.0216810044175773,0.6947388706879938,0.3297356626726425,4.2273381294964025,1.9285144831251664,18.257142857142856,1.3360433604336044,0.0004650081376424,0.0213333333333333,0.0732189973614775,0.0,0.3038049940546968,0.2434077079107505,0.0395778364116095,1.1650485436893203,0.0062664907651715,18.493248661583177,0.0240379361247492,0.0246337778361689,-10.3651185770751,3494000000.0,3802000000.0,-4164000000.0,11845000000.0,2459000000.0,810500000.0,515000000.0,64.62071240105541,37.55980861244019,25.98086124401913,1.3927423059255857,2.3961783439490447,3.4640883977900554,0.0361341298901522,0.2371541501976284,2023-08-08,0.72,bmo,3027820000.0,2025-04-25,2023-06-30,0.2222222222222222,30.2515873015873,3707115.936507937
2023-03-31,FOXA,USD,1754301,2023-05-09,2023-05-09 09:19:10,2023,Q3,4084000000.0,2833000000.0,1251000000.0,0.3063173359,0,0.0,0.0,528000000.0,2833000000.0,3361000000.0,3361000000.0,31000000.0,55000000.0,106000000.0,141000000.0,0.0345249755,4000000.0,0.0009794319,-774000000.0,-51000000.0,-0.0124877571,-1000000.0,-50000000.0,-0.0122428991,-0.096,-0.096,521000000,521000000,https://www.sec.gov/Archives/edgar/data/1754301/000162828023016651/0001628280-23-016651-index.htm,https://www.sec.gov/Archives/edgar/data/1754301/000162828023016651/fox-20230331.htm,7.838771593090211,-0.0959692898272552,3.0095969289827256,2.8483685220729367,7.957773512476008,19.68330134357005,6.911708253358925,19.5489443378119,13.944337811900192,17740050000.0,20804050000.0,-88.70025,4.343792850146915,11.313807397959184,11.954211590296495,1.741782032400589,1.741782032400589,5.094037708129285,147.54645390070922,13.267889030612244,14.018901617250672,-0.0028184813458812,0.0836525263457543,0.7079037800687286,0.3219324879442757,21.73049645390071,1.7544298046342572,0.0727272727272727,-31.36,0.0076662692607968,-2.72,0.0,0.0,0.297106626183247,0.0535714285714285,0.0205680705190989,0.7924528301886793,0.0056317335945151,,0.0002029797426216,-0.003176216490916,-10.932341650671786,3321000000.0,3601000000.0,-4418000000.0,11650000000.0,2872500000.0,899000000.0,893500000.0,60.40401567091087,26.558418637486763,15.471231909636428,1.4899671652681503,3.388755980861244,5.8172484599589325,-0.0049091801669121,0.1612284069097888,2023-05-09,0.88,bmo,4030580000.0,2025-04-25,2023-03-31,0.0681818181818181,32.85031746031746,4021044.0
2022-12-31,FOXA,USD,1754301,2023-02-08,2023-02-08 16:27:10,2023,Q2,4605000000.0,3631000000.0,974000000.0,0.2115092291,0,550000000.0,0.0,550000000.0,3631000000.0,4181000000.0,4181000000.0,29000000.0,60000000.0,103000000.0,629000000.0,0.1365906623,497000000.0,0.1079261672,-90000000.0,437000000.0,0.0948968512,116000000.0,313000000.0,0.0679695983,0.58,0.58,541000000,543000000,https://www.sec.gov/Archives/edgar/data/1754301/000162828023002786/0001628280-23-002786-index.htm,https://www.sec.gov/Archives/edgar/data/1754301/000162828023002786/fox-20221231.htm,8.512014787430683,0.5785582255083179,-0.9815157116451017,-1.1275415896487986,7.500924214417745,21.58225508317929,9.253234750462108,21.45471349353049,13.635859519408502,16430170000.0,19689170000.0,13.123138977635785,3.567897937024973,-30.94193973634652,-26.934704918032786,1.41553976048936,1.41553976048936,4.2756069489685125,31.30233704292528,-37.07941619585687,-32.27732786885246,0.0190503202340572,-0.0371268221813894,0.6303954510209356,0.3163971287728098,5.1812400635930045,3.370428627605191,8.283333333333333,-1.6542056074766356,0.0004869091433624,0.0255591054313099,0.1194353963083604,0.0,0.2884199602179365,-0.1487758945386064,0.0171552660152008,0.7669902912621359,0.00542888165038,16.711912570712645,0.0176432063862663,0.0190204180845892,-8.297597042513864,6028000000.0,5006000000.0,-2879000000.0,14378000000.0,2636000000.0,844500000.0,1160000000.0,58.71009771986971,23.844670889562103,32.22252822913798,1.5329560585885489,3.774428274428274,2.793076923076923,0.0269664857413629,0.1460258780036968,2023-02-08,0.48,bmo,4575005500.0,2025-04-25,2022-12-31,0.0,32.71709677419355,4024063.258064517
2022-09-30,FOXA,USD,1754301,2022-11-01,2022-11-01 09:14:29,2023,Q1,3192000000.0,1755000000.0,1437000000.0,0.4501879699,0,-772000000.0,1220000000.0,448000000.0,1755000000.0,2203000000.0,2203000000.0,19000000.0,87000000.0,99000000.0,1031000000.0,0.3229949875,911000000.0,0.2854010025,-144000000.0,845000000.0,0.2647243108,232000000.0,605000000.0,0.1895363409,1.1,1.1,550000000,552000000,https://www.sec.gov/Archives/edgar/data/1754301/000162828022027482/0001628280-22-027482-index.htm,https://www.sec.gov/Archives/edgar/data/1754301/000162828022027482/fox-20220930.htm,5.803636363636364,1.1,0.4909090909090909,0.3563636363636364,9.0,21.063636363636363,8.909090909090908,20.94727272727273,14.16,16874000000.0,19625000000.0,6.972727272727272,5.2863408521303255,62.49629629629629,86.09183673469387,1.464629806440413,1.464629806440413,6.148182957393484,19.03491755577109,72.68518518518519,100.12755102040816,0.0358539765319426,0.0116155031409268,0.6684315597604374,0.3434266856938994,2.668283220174588,3.596528365791702,10.471264367816092,0.4404567699836867,0.0087116273556951,0.2429752066115702,-0.2418546365914786,0.0,0.2981180877631109,0.2740740740740741,0.0231829573934837,0.7474747474747475,0.0021929824561403,22.7693873435365,0.0327670826486602,0.0384395450791028,-6.687272727272728,6133000000.0,4900000000.0,-2344000000.0,14952000000.0,2198000000.0,706500000.0,905500000.0,63.94736842105264,37.282051282051285,52.30769230769231,1.4074074074074074,2.414030261348006,1.7205882352941178,0.0525128027080982,0.1345454545454545,2022-11-01,1.14,bmo,3172659048.0,2025-04-25,2022-09-30,0.0614035087719298,33.7791935483871,2893938.516129032
2022-06-30,FOXA,USD,1754301,2022-08-12,2022-08-12 08:04:07,2022,Q4,3033000000.0,1814000000.0,1219000000.0,0.4019122981,0,354000000.0,-1307000000.0,552000000.0,1814000000.0,2366000000.0,2366000000.0,0.0,86000000.0,99000000.0,632000000.0,0.2083745467,533000000.0,0.1757335971,-86000000.0,447000000.0,0.1473788328,139000000.0,306000000.0,0.1008902077,0.55,0.55,557000000,560000000,https://www.sec.gov/Archives/edgar/data/1754301/000162828022022584/0001628280-22-022584-index.htm,https://www.sec.gov/Archives/edgar/data/1754301/000162828022022584/fox-20220630.htm,5.44524236983842,0.5493716337522442,1.675044883303411,1.466786355475763,9.33572710951526,20.421903052064632,8.37342908438061,20.357271095152605,13.283662477558348,17913120000.0,20026120000.0,14.634901960784312,5.906073194856577,19.19948553054662,21.92548347613219,1.5797795220037036,1.5797795220037036,6.602743158588856,31.686898734177216,21.46422293676313,24.511774785801716,0.0170824512982663,0.0456090284662861,0.6449422347649705,0.3296371422132071,3.3433544303797467,3.606707317073171,6.197674418604652,3.029220779220779,0.0006699000509124,0.0392156862745098,0.1167161226508407,0.0,0.3025016903313049,0.1243301178992497,0.0382459610946257,1.1717171717171715,0.0089020771513353,15.862957284388362,0.018366536842044,0.0197751066304769,-6.496409335727109,5985000000.0,4664000000.0,-2529000000.0,14378000000.0,2233000000.0,726000000.0,788500000.0,63.14540059347181,34.03528114663727,39.24476295479603,1.425281954887218,2.6443148688046647,2.293299620733249,0.0269865067466266,0.2082585278276481,2022-08-10,0.78,bmo,3049820387.0,2025-04-25,2022-06-30,-0.0512820512820513,30.51650793650793,2928813.126984127
2022-03-31,FOXA,USD,1754301,2022-05-10,2022-05-10 16:37:16,2022,Q3,3455000000.0,2256000000.0,1199000000.0,0.3470332851,0,-822000000.0,1307000000.0,485000000.0,2256000000.0,2741000000.0,2741000000.0,0.0,91000000.0,92000000.0,573000000.0,0.1658465991,481000000.0,0.1392185239,-91000000.0,390000000.0,0.1128798842,100000000.0,283000000.0,0.081910275,0.5,0.5,563000000,567000000,https://www.sec.gov/Archives/edgar/data/1754301/000162828022013621/0001628280-22-013621-index.htm,https://www.sec.gov/Archives/edgar/data/1754301/000162828022013621/fox-20220331.htm,6.13676731793961,0.5026642984014209,2.854351687388988,2.730017761989343,8.230905861456483,19.92539964476021,7.960923623445826,19.89342806394316,13.149200710479574,22210350000.0,24888350000.0,19.62045053003534,6.428465991316932,13.82100186683261,14.450455432661029,1.9830669642857144,1.9830669642857144,7.203574529667149,43.43516579406632,15.487461107654012,16.19281067013663,0.0127418073105556,0.0692019711530885,0.6528571428571428,0.3321220930232558,4.673647469458988,3.732201791607732,5.285714285714286,5.541379310344827,0.0065284878446309,0.5123674911660777,-0.2379160636758321,0.0,0.3059593023255814,0.043559427504667,0.0202604920405209,0.7608695652173914,0.0081041968162083,14.999787043909167,0.0178815451788154,0.0185209424083769,-7.135879218472469,5795000000.0,4482000000.0,-2882000000.0,14177000000.0,2645000000.0,768500000.0,967000000.0,60.90303907380608,30.55851063829787,31.356382978723403,1.4777587681779298,2.9451697127937337,2.870229007633588,0.0252678571428571,0.1243339253996447,2022-05-10,0.85,bmo,3387054064.0,2025-04-25,2022-03-31,-0.0470588235294116,33.8515625,2266459.921875
2021-12-31,FOXA,USD,1754301,2022-02-09,2022-02-09 16:14:48,2022,Q2,4441000000.0,3760000000.0,681000000.0,0.1533438415,0,468000000.0,0.0,468000000.0,-46000000.0,4228000000.0,4228000000.0,0.0,97000000.0,93000000.0,95000000.0,0.0213915785,-192000000.0,-0.043233506,-5000000.0,-95000000.0,-0.0213915785,-22000000.0,-85000000.0,-0.0191398334,-0.15,-0.15,569000000,573000000,https://www.sec.gov/Archives/edgar/data/1754301/000162828022002107/0001628280-22-002107-index.htm,https://www.sec.gov/Archives/edgar/data/1754301/000162828022002107/fox-20211231.htm,7.804920913884007,-0.1493848857644991,-1.2038664323374342,-1.3233743409490335,7.478031634446397,19.84182776801406,7.956063268892795,19.815465729349736,15.047451669595782,20996100000.0,25206100000.0,-61.75323529411765,4.727786534564287,-30.651240875912407,-27.88326693227092,1.8621818181818184,1.8621818181818184,5.67577122269759,265.32736842105265,-36.79722627737226,-33.474236387782206,-0.0040483708879268,-0.0358638032777515,0.7507760532150776,0.3700061194160329,44.31578947368421,2.966550522648084,-1.9793814432989687,9.383561643835616,0.0,0.0,0.105381670794866,0.0,0.2956115045021418,-0.0992700729927007,0.0153118666966899,0.7311827956989247,0.007205584327854,,-0.0070716983226411,-0.0052745888923363,-7.987697715289983,5644000000.0,4527000000.0,-3074000000.0,14533000000.0,2572000000.0,728500000.0,1141500000.0,59.82436388200856,18.45478723404256,27.47872340425532,1.5044037940379404,4.876783398184177,3.275261324041812,-0.0075388026607538,0.1195079086115993,2022-02-09,0.03285,bmo,4254053103.0,2025-04-25,2021-12-31,2.957382039573821,35.18838709677419,2662546.790322581
2021-09-30,FOXA,USD,1754301,2021-11-04,2021-11-03 17:33:42,2022,Q1,3045000000.0,1650000000.0,1395000000.0,0.4581280788,0,0.0,0.0,415000000.0,69000000.0,2065000000.0,2065000000.0,0.0,97000000.0,79000000.0,1128000000.0,0.3704433498,980000000.0,0.3218390805,-28000000.0,952000000.0,0.3126436782,244000000.0,701000000.0,0.2302134647,1.22,1.21,575000000,578000000,https://www.sec.gov/Archives/edgar/data/1754301/000162828021021531/0001628280-21-021531-index.htm,https://www.sec.gov/Archives/edgar/data/1754301/000162828021021531/fox-20210930.htm,5.295652173913044,1.2191304347826086,0.0504347826086956,-0.0417391304347826,9.410434782608696,19.878260869565217,8.248695652173913,19.878260869565217,14.0,23063250000.0,25605250000.0,8.225124821683309,7.574137931034483,795.2844827586207,-960.96875,2.017782152230971,2.017782152230971,8.408949096880132,22.69968971631205,882.9396551724138,-1066.8854166666667,0.0303946755119074,-0.0010406165653149,0.6958005249343832,0.3433789560036268,2.25354609929078,3.0934123387940047,10.103092783505154,0.0409604519774011,0.0065038535332184,0.2139800285306704,0.0,0.0,0.2887181037088208,1.827586206896552,0.0174055829228243,0.6708860759493671,0.0049261083743842,23.35100294150748,0.0344809352988486,0.0425518999635789,-7.145217391304348,6006000000.0,4743000000.0,-2856000000.0,14349000000.0,2110500000.0,672500000.0,932000000.0,64.78817733990147,37.41818181818182,61.909090909090914,1.3891423357664234,2.405247813411078,1.4537444933920705,0.0613298337707786,0.0921739130434782,2021-11-03,1.03,amc,2710049999.0,2025-04-25,2021-09-30,0.0776699029126214,40.57838709677419,3733775.564516129
2021-06-30,FOXA,USD,1754301,2021-08-10,2021-08-10 16:21:39,2021,Q4,2890000000.0,1722000000.0,1168000000.0,0.4041522491,0,540000000.0,0.0,540000000.0,-173000000.0,2262000000.0,2262000000.0,1000000.0,99000000.0,84000000.0,540000000.0,0.1868512111,628000000.0,0.2173010381,-271000000.0,357000000.0,0.1235294118,85000000.0,253000000.0,0.0875432526,0.43,0.43,579000000,586000000,https://www.sec.gov/Archives/edgar/data/1754301/000156459021043103/0001564590-21-043103-index.htm,https://www.sec.gov/Archives/edgar/data/1754301/000156459021043103/fox-10k_20210630.htm,4.991364421416235,0.4369602763385147,1.3350604490500864,1.07426597582038,10.16580310880829,19.214162348877373,7.83419689119171,19.21070811744387,13.903281519861832,21498270000.0,23563270000.0,21.243349802371544,7.438847750865052,27.81147477360932,34.56313504823151,1.9327762294345048,1.9327762294345048,8.15338062283737,43.63568518518519,30.482884864165587,37.88307073954984,0.0117683888052387,0.028932560619994,0.7148251371032994,0.346811480415249,3.824074074074074,2.914390406395736,6.343434343434343,2.8419117647058822,0.0068842748742108,0.5849802371541502,0.1868512110726643,0.0,0.2874029486172904,0.1953428201811125,0.0522491349480968,1.7976190476190477,0.0121107266435986,13.743075251641406,0.0230424363340327,0.0154863193976862,-6.95811744386874,5747000000.0,4536000000.0,-3052000000.0,14044000000.0,2091000000.0,642000000.0,707000000.0,63.18685121107266,34.4425087108014,38.10104529616725,1.4243469689502215,2.6130500758725344,2.3621399176954734,0.0227456621415085,0.2607944732297064,2021-08-04,0.56,amc,2890000000.0,2025-04-25,2021-06-30,0.1607142857142856,39.3975,3197950.15625
2021-03-31,FOXA,USD,1754301,2021-05-06,2021-05-05 17:46:22,2021,Q3,3215000000.0,1963000000.0,1252000000.0,0.3894245723,0,0.0,0.0,437000000.0,61000000.0,2400000000.0,2400000000.0,0.0,98000000.0,78000000.0,954000000.0,0.2967340591,815000000.0,0.2534992224,-37000000.0,778000000.0,0.2419906687,196000000.0,567000000.0,0.1763608087,0.96,0.96,589000000,593000000,https://www.sec.gov/Archives/edgar/data/1754301/000156459021024240/0001564590-21-024240-index.htm,https://www.sec.gov/Archives/edgar/data/1754301/000156459021024240/fox-10q_20210331.htm,5.458404074702886,0.9626485568760612,2.765704584040747,2.6112054329371817,9.787775891341257,18.81833616298811,7.68251273344652,18.813242784380307,13.66383701188455,21268790000.0,23453790000.0,9.377773368606702,6.615486780715397,13.0563474524248,13.828862158647594,1.9193926540925907,1.9193926540925907,7.295113530326594,24.584685534591195,14.397661141804788,15.249538361508453,0.0266587803067311,0.0723125292976234,0.7174442739824926,0.3470554852228576,2.290356394129979,2.912562814070352,8.316326530612244,2.7989690721649483,0.0002821034953093,0.0105820105820105,0.0,0.0,0.2863316890033614,0.0558624923265807,0.0283048211508553,1.1666666666666667,0.0115085536547433,20.186311522222432,0.02936653645003,0.0346831416687056,-6.962224108658743,5709000000.0,4525000000.0,-3129000000.0,13894000000.0,2464500000.0,637500000.0,852500000.0,60.2706065318818,28.655119714722364,31.40601120733571,1.4932652113330236,3.1408,2.8656934306569344,0.0511686670878079,0.1544991511035653,2021-05-05,0.58,amc,3076440000.0,2025-04-25,2021-03-31,0.517241379310345,36.82546875,2465893.078125
2020-12-31,FOXA,USD,1754301,2021-02-09,2021-02-09 16:57:39,2021,Q2,4087000000.0,3346000000.0,741000000.0,0.1813065818,0,0.0,0.0,442000000.0,172000000.0,3858000000.0,3858000000.0,2000000.0,99000000.0,70000000.0,473000000.0,0.1157328114,229000000.0,0.0560313188,75000000.0,304000000.0,0.0743821874,74000000.0,224000000.0,0.0548079276,0.38,0.37,595000000,598000000,https://www.sec.gov/Archives/edgar/data/1754301/000156459021005037/0001564590-21-005037-index.htm,https://www.sec.gov/Archives/edgar/data/1754301/000156459021005037/fox-10q_20201231.htm,6.86890756302521,0.3764705882352941,-0.0504201680672268,-0.2605042016806723,7.566386554621848,18.35462184873949,7.299159663865546,18.347899159663864,13.526050420168067,17326400000.0,20773400000.0,19.3375,4.239393197944703,-577.5466666666666,-111.7832258064516,1.587102683887515,1.587102683887515,5.082799119158307,43.9183932346723,-692.4466666666667,-134.02193548387098,0.0129282482223658,-0.0089458860467263,0.7281304387652285,0.3493451700799859,7.2875264270613105,3.813827383642115,2.313131313131313,-0.1304347826086956,0.0092921784098254,0.71875,0.0,0.0,0.2890920277753362,-4.166666666666667,0.0305847810129679,1.7857142857142858,0.0107658429165647,12.466655476277973,0.0083970619370604,0.0138476755687438,-7.964705882352941,6227000000.0,4343000000.0,-3393000000.0,14411000000.0,2386500000.0,587000000.0,1145500000.0,61.13041350623929,17.483562462641963,27.43574417214585,1.4722622478386167,5.147692307692307,3.280392156862745,0.0205184574516808,0.2100840336134453,2021-02-09,-0.11,bmo,3919490000.0,2025-04-25,2020-12-31,-2.4545454545454546,37.52952380952381,3046436.904761905
2020-09-30,FOXA,USD,1754301,2020-11-03,2020-11-03 16:26:51,2021,Q1,2717000000.0,1168000000.0,1549000000.0,0.5701140964,0,388000000.0,0.0,388000000.0,398000000.0,1624000000.0,1624000000.0,1000000.0,99000000.0,68000000.0,1646000000.0,0.6058152374,1093000000.0,0.4022819286,386000000.0,1479000000.0,0.5443503865,362000000.0,1106000000.0,0.4070666176,1.83,1.83,603000000,605000000,https://www.sec.gov/Archives/edgar/data/1754301/000156459020050013/0001564590-20-050013-index.htm,https://www.sec.gov/Archives/edgar/data/1754301/000156459020050013/fox-10q_20200930.htm,4.505804311774461,1.834162520729685,0.4427860696517413,0.2487562189054726,8.393034825870647,17.920398009950247,6.988391376451078,17.895522388059703,14.23217247097844,16781489999.999998,20203490000.0,3.793284358047016,6.176477732793521,62.85202247191011,111.87659999999998,1.5551376146788989,1.5551376146788989,7.435955097534045,12.274295261239368,75.66850187265918,134.68993333333333,0.0659059475648467,0.0089384196516519,0.7861180613474191,0.3770724985553629,2.0789793438639124,4.206262425447316,11.04040404040404,0.2390331244404655,0.0008938419651651,0.0135623869801084,0.1428045638571954,0.0,0.2930168466906698,0.4382022471910112,0.0430622009569378,1.7205882352941178,0.0114096429885903,27.175801187707552,0.0400931249482983,0.0695378811694435,-7.457296849087894,6451000000.0,4214000000.0,-3228000000.0,15087000000.0,1942500000.0,504500000.0,1063500000.0,66.15016562384983,40.37671232876712,97.93664383561644,1.3605408112168251,2.2290076335877864,0.9189614476789928,0.1024928180891483,0.1940298507462686,2020-11-03,0.81,bmo,1817452702.0,2025-04-25,2020-09-30,0.4567901234567899,34.994918032786885,6129939.852459016
2020-06-30,FOXA,USD,1754301,2020-08-10,2020-08-10 16:51:35,2020,Q4,2418000000.0,1187000000.0,1231000000.0,0.5090984285,0,494000000.0,0.0,494000000.0,97000000.0,1775000000.0,1775000000.0,2000000.0,100000000.0,94000000.0,394000000.0,0.1629445823,643000000.0,0.2659222498,-443000000.0,200000000.0,0.0827129859,55000000.0,122000000.0,0.0504549214,0.2,0.2,607000000,609000000,https://www.sec.gov/Archives/edgar/data/1754301/000156459020038975/0001564590-20-038975-index.htm,https://www.sec.gov/Archives/edgar/data/1754301/000156459020038975/fox-10k_20200630.htm,3.983525535420098,0.200988467874794,1.6803953871499175,1.4052718286655683,7.652388797364086,16.657331136738055,5.772652388797364,16.629324546952223,13.255354200988467,16279740000.0,19580740000.0,33.36012295081967,6.73272952853598,15.960529411764709,19.0852754982415,1.6128135526055083,1.6128135526055083,8.097907361455748,49.69730964467005,19.196803921568627,22.95514654161781,0.0074939771765396,0.052396414193347,0.7872003170200119,0.3653333333333333,8.378172588832488,3.927597061909758,6.43,7.0344827586206895,0.0008599645940291,0.1147540983606557,0.2043010752688172,0.0,0.3037701149425287,0.1637254901960784,0.0690653432588916,1.7765957446808511,0.0148883374689826,8.67189745130235,0.0233484423519983,0.0080565277686059,-8.484349258649093,5580000000.0,3504000000.0,-4153000000.0,13685000000.0,2170500000.0,509000000.0,913500000.0,70.27295285359801,36.77337826453244,64.90311710193767,1.2807203389830508,2.4474226804123718,1.3866822429906542,0.0120863879532395,0.2751235584843493,2020-08-04,0.61,amc,2205894736.0,2025-04-25,2020-06-30,0.0163934426229508,27.931875,4799444.265625
2020-03-31,FOXA,USD,1754301,2020-05-07,2020-05-06 17:52:00,2020,Q3,3440000000.0,2061000000.0,1379000000.0,0.400872093,0,464000000.0,0.0,464000000.0,-632000000.0,2582000000.0,2582000000.0,8000000.0,89000000.0,57000000.0,291000000.0,0.0845930233,858000000.0,0.2494186047,-713000000.0,145000000.0,0.0421511628,55000000.0,78000000.0,0.0226744186,0.13,0.13,608000000,612000000,https://www.sec.gov/Archives/edgar/data/1754301/000156459020022088/0001564590-20-022088-index.htm,https://www.sec.gov/Archives/edgar/data/1754301/000156459020022088/fox-10q_20200331.htm,5.657894736842105,0.1282894736842105,2.633223684210526,2.4983552631578947,5.256578947368421,16.66611842105263,6.5131578947368425,16.63486842105263,11.254934210526317,14367040000.0,17925040000.0,46.048205128205126,4.176465116279069,8.973791380387258,9.458222514812377,1.4205101839035,1.4205101839035,5.210767441860465,61.59807560137457,11.196152404747034,11.800552995391705,0.0054290932579014,0.1057281110096443,0.6677872256278425,0.3337451203241587,12.22680412371134,3.78876404494382,9.640449438202246,17.788888888888888,0.010579771476936,1.948717948717949,0.1348837209302325,0.0,0.3050353313238128,0.0512179887570268,0.0238372093023255,1.4385964912280702,0.0104651162790697,6.929413148111178,0.028645673935664,0.0055460750853242,-7.537417763157895,4964000000.0,3960000000.0,-3360000000.0,12523000000.0,2593000000.0,534000000.0,1257500000.0,64.17732558139535,23.27510917030568,42.40174672489083,1.402364451691806,3.866791744840526,2.122554067971164,0.0077120822622107,0.1348684210526315,2020-05-06,0.72,amc,2589247311.0,2025-04-25,2020-03-31,0.2916666666666668,26.46140625,4467900.1875
2019-12-31,FOXA,USD,1754301,2020-02-05,2020-02-05 17:31:05,2020,Q2,3778000000.0,3091000000.0,687000000.0,0.1818422446,0,431000000.0,0.0,431000000.0,-26000000.0,3579000000.0,3579000000.0,8000000.0,90000000.0,57000000.0,566000000.0,0.1498147168,199000000.0,0.0526733722,220000000.0,419000000.0,0.1109052409,105000000.0,300000000.0,0.0794070937,0.49,0.48,617000000,620000000,https://www.sec.gov/Archives/edgar/data/1754301/000156459020003497/0001564590-20-003497-index.htm,https://www.sec.gov/Archives/edgar/data/1754301/000156459020003497/fox-10q_20191231.htm,6.123176661264181,0.4862236628849271,-0.7423014586709886,-0.8573743922204214,3.226904376012966,16.779578606158832,7.213938411669368,16.748784440842787,12.016207455429498,22872190000.0,28205190000.0,19.060158333333337,6.054047114875596,-49.93927947598254,-43.23665406427221,2.2132949487129863,2.2132949487129863,7.465640550555849,49.83249116607774,-61.58338427947599,-53.31793950850662,0.0131163653327468,-0.0231285242034103,0.7087284691310238,0.3581418092909535,9.42226148409894,3.5231277533039647,2.2111111111111112,-1.4585987261146496,0.0067767887552525,0.5166666666666667,0.114081524616199,0.0,0.2886063569682152,-0.1550218340611353,0.0187930121757543,1.2456140350877194,0.0100582318687136,13.53633054757362,0.0079426536491514,0.0206213912565301,-8.564424635332253,4582000000.0,4451000000.0,-3699000000.0,12347000000.0,2420500000.0,505500000.0,1503500000.0,65.10587612493383,15.577483015205434,44.95632481397605,1.3823637028905964,5.777570093457944,2.001943005181347,0.0290303851364428,0.1150729335494327,2020-02-05,0.01599,amc,755599999.0,2025-04-25,2019-12-31,5.253908692933083,27.00777777777778,4553199.746031746
2019-09-30,FOXA,USD,1754301,2019-11-06,2019-11-06 17:19:28,2020,Q1,2667000000.0,1468000000.0,1199000000.0,0.4495688039,0,352000000.0,0.0,352000000.0,-58000000.0,1870000000.0,1870000000.0,17000000.0,90000000.0,50000000.0,840000000.0,0.3149606299,797000000.0,0.2988376453,-97000000.0,700000000.0,0.2624671916,187000000.0,499000000.0,0.1871016123,0.8,0.8,622000000,624000000,https://www.sec.gov/Archives/edgar/data/1754301/000156459019041135/0001564590-19-041135-index.htm,https://www.sec.gov/Archives/edgar/data/1754301/000156459019041135/fox-10q_20190930.htm,4.287781350482315,0.8022508038585209,0.3247588424437299,0.2620578778135048,5.369774919614148,16.607717041800644,7.676848874598071,16.591639871382636,11.97266881028939,19617880000.0,23634880000.0,9.828597194388776,7.355785526809149,97.11821782178218,120.35509202453989,1.9009573643410853,1.9009573643410853,8.861972253468316,28.136761904761904,117.00435643564356,144.99926380368098,0.0254359798306442,0.0083087469186272,0.7128875968992248,0.3582838219538327,4.7821428571428575,3.72962962962963,8.855555555555556,0.3937621832358674,0.0007136347046673,0.0280561122244488,0.1319835020622422,0.0,0.2705269309438005,0.193069306930693,0.014623172103487,0.78,0.0101237345331833,17.305772723092304,0.0310866540453,0.0333133052940783,-7.317524115755627,5159000000.0,4775000000.0,-3155000000.0,12588000000.0,2037500000.0,495000000.0,1296000000.0,71.13610798650168,29.182561307901903,89.69346049046321,1.265180265654649,3.0840336134453783,1.0034176349965824,0.0483527131782945,0.062700964630225,2019-11-06,0.69,amc,2217144578.0,2025-04-25,2019-09-30,0.2028985507246377,32.90096774193548,5289519.580645162
2019-06-30,FOXA,USD,1754301,2019-08-09,2019-08-09 16:47:13,2019,Q4,2513000000.0,1358000000.0,1155000000.0,0.4596100279,0,455000000.0,-1987000000.0,455000000.0,97000000.0,1873000000.0,1873000000.0,22000000.0,91000000.0,60000000.0,807000000.0,0.3211301234,640000000.0,0.2546756864,16000000.0,656000000.0,0.2610425786,191000000.0,454000000.0,0.1806605651,0.73,0.73,621000000,624000000,https://www.sec.gov/Archives/edgar/data/1754301/000156459019031285/0001564590-19-031285-index.htm,https://www.sec.gov/Archives/edgar/data/1754301/000156459019031285/fox-10k_20190630.htm,4.0466988727858295,0.7310789049919485,1.4492753623188406,1.3075684380032206,5.207729468599034,16.035426731078903,7.111111111111111,16.017713365539453,11.017713365539452,22306320000.0,25823320000.0,12.283215859030838,8.876370871468364,24.7848,27.470837438423644,2.2425173419121345,2.2425173419121345,10.275893354556308,31.99915737298637,28.69257777777777,31.802118226600985,0.0203529761968805,0.0364022393653457,0.6786970946013874,0.3460454149366959,4.35811648079306,3.7838785046728978,7.032967032967033,1.935483870967742,0.0078901405520946,0.3876651982378855,0.181058495821727,0.0,0.2840740171203034,0.0977777777777777,0.0350179068842021,1.4666666666666666,0.0123358535614803,16.232060184229645,0.0254907308302166,0.0325051908069019,-6.88768115942029,4766000000.0,4416000000.0,-3073000000.0,11621000000.0,1958000000.0,459000000.0,1101500000.0,70.44568245125348,34.06480117820324,74.82326951399116,1.2775800711743772,2.642023346303502,1.2028343666961914,0.0456419020810294,0.1417069243156199,2019-08-07,0.59,amc,2391403225.0,2025-04-25,2019-06-30,0.0508474576271186,34.2396875,4454798.765625
2019-03-31,FOXA,USD,1754301,2019-05-10,2019-05-10 16:25:06,2019,Q3,2752000000.0,1660000000.0,1092000000.0,0.3968023256,0,336000000.0,0.0,336000000.0,84000000.0,2054000000.0,2054000000.0,19000000.0,81000000.0,58000000.0,845000000.0,0.3070494186,698000000.0,0.2536337209,8000000.0,706000000.0,0.2565406977,167000000.0,529000000.0,0.1922238372,0.85,0.85,621000000,621000000,https://www.sec.gov/Archives/edgar/data/1754301/000156459019018565/0001564590-19-018565-index.htm,https://www.sec.gov/Archives/edgar/data/1754301/000156459019018565/fox-10q_20190331.htm,4.431561996779388,0.8518518518518519,2.5571658615136874,2.4621578099838968,4.537842190016103,13.86634460547504,4.935587761674718,13.848631239935589,11.0,22883850000.0,26815850000.0,10.814673913043478,8.315352470930232,14.410484886649876,14.966546762589928,2.6609127906976746,2.6609127906976746,9.744131540697676,31.73473372781065,16.886555415617128,17.538162197514716,0.0231167395346499,0.066815680053837,0.7848837209302325,0.3822846463159087,4.653254437869823,4.598303777949114,8.617283950617283,2.9461966604823746,0.2836061239695243,12.26843100189036,0.1220930232558139,0.0,0.314096392365634,0.0371536523929471,0.021438953488372,1.0172413793103448,0.0105377906976744,16.29208699846131,0.0325728821072608,0.04367929981009,-6.810386473429952,4667000000.0,3065000000.0,-3082000000.0,11499000000.0,2193500000.0,423500000.0,1248000000.0,63.739098837209305,21.903614457831324,58.22891566265061,1.4120061570035916,4.108910891089109,1.5456238361266297,0.0615116279069767,0.0950080515297906,2019-05-08,0.67,amc,2426105263.0,2025-04-25,2019-03-31,0.1343283582089551,34.60859375,4044223.578125
2018-12-31,FOXA,USD,1754301,2019-03-18,2019-03-18 16:41:05,2019,Q2,3583000000.0,2818000000.0,765000000.0,0.2135082333,0,329000000.0,1987000000.0,329000000.0,-46000000.0,3198000000.0,3198000000.0,0.0,15000000.0,51000000.0,82000000.0,0.0228858498,385000000.0,0.107451856,-354000000.0,31000000.0,0.0086519676,7000000.0,8000000.0,0.0022327658,0.0129,0.0129,620595275,620595275,https://www.sec.gov/Archives/edgar/data/1754301/000156459019008308/0001564590-19-008308-index.htm,https://www.sec.gov/Archives/edgar/data/1754301/000156459019008308/ck0001754301-10q_20181231.htm,5.773489010208787,0.0128908490320039,-0.3399961432191052,-0.4141185251531282,3.143755807679973,16.76777187837919,7.734509419202394,16.748435604831183,0.0241703419350074,31563475686.5,29612475686.5,986.3586152031248,8.809231282863522,-149.5899321635071,-122.8150804922179,3.036701528429864,3.036701528429864,8.264715513954787,361.1277522743902,-140.34348666587678,-115.22364080350197,0.0002534575114432,-0.0081423225551145,0.0,0.0,-23.79268292682927,4.735697018533441,25.666666666666668,-8.791666666666666,0.0002851397003736,1.125,0.0918224951158247,0.0,0.416307738006832,-0.2180094786729857,0.0128384035724253,0.9019607843137256,0.002511861568518,2.204038335724378,0.0243815555115772,0.0010178117048346,2.305044942535213,4636000000.0,4800000000.0,2817000000.0,11392000000.0,2175000000.0,429000000.0,1421000000.0,61.23918504046888,14.14833215046132,45.4151880766501,1.4696472518457753,6.36117381489842,1.981715893108298,0.0007696748123917,0.0741223819340229,2019-02-06,,bmo,,2025-04-25,2018-12-31,,36.74650793650794,5914032.142857143
2018-09-30,FOXA,USD,1754301,2018-09-30,2018-09-29 20:00:00,2019,Q1,2541000000.0,1491000000.0,1050000000.0,0.4132231405,0,299000000.0,0.0,299000000.0,-4000000.0,1833000000.0,1833000000.0,0.0,16000000.0,43000000.0,874000000.0,0.3439590712,708000000.0,0.2786304604,123000000.0,831000000.0,0.3270365998,216000000.0,604000000.0,0.2377016922,0.97,0.97,620000000,620000000,,,4.098387096774194,0.9741935483870968,0.3983870967741935,0.3306451612903225,4.445161290322581,17.829032258064515,8.78225806451613,17.81451612903226,0.0258064516129032,31533200000.0,28777200000.0,13.05182119205298,12.409759937032664,127.66477732793524,153.82048780487804,2.854975101856043,2.854975101856043,11.325147579693034,32.9258581235698,116.50688259109312,140.37658536585366,0.019154415029239,0.0065010845711821,0.0,0.0,-3.1533180778032035,4.634789156626506,44.25,0.4016260162601626,0.0004122638996359,0.021523178807947,0.1176702085792994,0.0,0.398423071459014,0.1700404858299595,0.0165289256198347,0.9767441860465116,0.003935458480913,19.76063511914976,0.041095774049692,0.0713189278545282,3.0258064516129037,4827000000.0,5445000000.0,3131000000.0,11600000000.0,1872500000.0,397500000.0,1300000000.0,67.72136953955136,25.050301810865196,85.71428571428572,1.3289748953974896,3.592771084337349,1.05,0.0546853779990946,0.0677419354838709,2018-11-07,,bmo,,2025-04-25,2018-09-30,,43.759166666666665,8647341.833333334
2018-06-30,FOXA,USD,1754301,2018-06-30,2018-06-29 20:00:00,2018,Q4,2394000000.0,1451000000.0,943000000.0,0.3939014202,0,315000000.0,0.0,315000000.0,-6000000.0,1811000000.0,1811000000.0,0.0,23000000.0,45000000.0,643000000.0,0.268588137,583000000.0,0.2435254804,-35000000.0,593000000.0,0.2477025898,113000000.0,471000000.0,0.1967418546,0.76,0.76,620000000,620000000,,,3.861290322580645,0.7596774193548387,0.8580645161290322,0.75,4.032258064516129,15.474193548387095,6.420967741935484,15.474193548387095,0.0370967741935483,31533200000.0,29033200000.0,16.737367303609343,13.171762740183793,59.27293233082707,67.81333333333333,3.286762559933292,3.286762559933292,12.127485380116958,45.15272161741835,54.57368421052632,62.43698924731183,0.0149366382098867,0.0147463625639009,0.0,0.0,-3.888024883359253,3.172256964184196,25.347826086956523,1.1083333333333334,0.0003805512919716,0.0254777070063694,0.131578947368421,0.0,0.4277875161954119,0.1259398496240601,0.0279866332497911,1.488888888888889,0.006265664160401,16.263345196555047,0.041533670561883,0.062733084709643,1.5125,3821000000.0,3981000000.0,2053000000.0,10603000000.0,,,,68.90977443609023,23.569951757408685,73.1909028256375,1.3060556464811783,3.818421052631579,1.2296610169491526,0.0490931832395247,0.1080645161290322,2018-06-29,,bmo,,2025-04-25,2018-06-30,,,
2018-03-31,FOXA,USD,1754301,2018-03-31,2018-03-30 20:00:00,2018,Q3,2463000000.0,1444000000.0,1019000000.0,0.4137231019,0,325000000.0,0.0,325000000.0,-31000000.0,1812000000.0,1812000000.0,0.0,7000000.0,43000000.0,705000000.0,0.2862362972,651000000.0,0.2643118149,3000000.0,654000000.0,0.2655298417,188000000.0,457000000.0,0.185546082,0.74,0.74,620000000,620000000,,,3.9725806451612895,0.7370967741935484,1.3225806451612905,1.264516129032258,,,,,,31533200000.0,,17.250109409190372,12.802760860738935,38.45512195121951,40.22091836734694,0.0,0.0,,,,,0.0144926617025864,0.0248626844088135,0.0,0.0,,0.0,93.0,1.759656652360515,0.0008879530146004,0.061269146608315,0.1319529029638652,0.0,0.0,0.0439024390243902,0.0146163215590742,0.8372093023255814,0.0089321965083231,,0.0,0.0,,,,,,,,,,,,0.0,0.0,0.0,0.0,0.0580645161290322,2018-08-13,,bmo,,2025-04-25,2018-03-31,,,
2017-12-31,FOXA,USD,1754301,2017-12-31,2017-12-30 19:00:00,2018,Q2,3108000000.0,2346000000.0,762000000.0,0.2451737452,0,359000000.0,0.0,359000000.0,-11000000.0,2747000000.0,2747000000.0,0.0,6000000.0,42000000.0,354000000.0,0.1138996139,361000000.0,0.1161518662,-49000000.0,312000000.0,0.1003861004,-570000000.0,869000000.0,0.2796010296,1.4,1.4,620000000,620000000,,,5.012903225806451,1.4016129032258065,-0.4838709677419355,-0.617741935483871,,,,,,31533200000.0,,9.0716915995397,10.145817245817248,-105.11066666666666,-82.33211488250653,0.0,0.0,,,,,0.0275582560602793,-0.012145928735428,0.0,0.0,,0.0,60.16666666666666,-0.3401360544217687,0.0008562404069361,0.0310701956271576,0.1155083655083655,0.0,0.0,-0.2766666666666666,0.0267052767052767,1.9761904761904765,0.0061132561132561,,0.0,0.0,,,,,,,,,,,,0.0,0.0,0.0,0.0,0.1338709677419355,2017-12-30,,bmo,,2025-04-25,2017-12-31,,,
2017-09-30,FOXA,USD,1754301,2017-09-30,2017-09-29 20:00:00,2018,Q1,2188000000.0,1264000000.0,924000000.0,0.4223034735,0,263000000.0,0.0,263000000.0,-1000000.0,1568000000.0,1568000000.0,0.0,7000000.0,41000000.0,652000000.0,0.2979890311,620000000.0,0.2833638026,-9000000.0,611000000.0,0.279250457,211000000.0,390000000.0,0.1782449726,0.63,0.63,620000000,620000000,,,3.529032258064516,0.6290322580645161,0.4274193548387097,0.3806451612903225,0.0306451612903225,0.0,0.0,10.075806451612904,0.0112903225806451,31533200000.0,31552200000.0,20.213589743589743,14.411882998171846,118.9932075471698,133.61525423728813,5.047734912758124,5.047734912758124,14.420566727605118,48.39294478527607,119.06490566037736,133.6957627118644,0.0123679169890781,0.0074841754087755,0.0,0.0,0.0291411042944785,0.0,88.57142857142857,0.6625,0.000317126076643,0.0256410256410256,0.1202010968921389,0.0,0.0,0.1094339622641509,0.013254113345521,0.7073170731707317,0.0059414990859232,11.941740404638656,0.0,0.0,0.0306451612903225,19000000.0,0.0,19000000.0,19000000.0,,,,0.0,0.0,0.0,0.0,0.0,0.0,0.0624299663838642,0.0467741935483871,2017-09-29,,bmo,,2025-04-25,2017-09-30,,,
