date,symbol,reportedCurrency,cik,fillingDate,acceptedDate,calendarYear,period,revenue,costOfRevenue,grossProfit,grossProfitRatio,researchAndDevelopmentExpenses,generalAndAdministrativeExpenses,sellingAndMarketingExpenses,sellingGeneralAndAdministrativeExpenses,otherExpenses,operatingExpenses,costAndExpenses,interestIncome,interestExpense,depreciationAndAmortization,ebitda,ebitdaratio,operatingIncome,operatingIncomeRatio,totalOtherIncomeExpensesNet,incomeBeforeTax,incomeBeforeTaxRatio,incomeTaxExpense,netIncome,netIncomeRatio,eps,epsdiluted,weightedAverageShsOut,weightedAverageShsOutDil,link,finalLink,revenuePerShare,netIncomePerShare,operatingCashFlowPerShare,freeCashFlowPerShare,cashPerShare,bookValuePerShare,tangibleBookValuePerShare,shareholdersEquityPerShare,interestDebtPerShare,marketCap,enterpriseValue,peRatio,priceToSalesRatio,pocfratio,pfcfRatio,pbRatio,ptbRatio,evToSales,enterpriseValueOverEBITDA,evToOperatingCashFlow,evToFreeCashFlow,earningsYield,freeCashFlowYield,debtToEquity,debtToAssets,netDebtToEBITDA,currentRatio,interestCoverage,incomeQuality,dividendYield,payoutRatio,salesGeneralAndAdministrativeToRevenue,researchAndDdevelopementToRevenue,intangiblesToTotalAssets,capexToOperatingCashFlow,capexToRevenue,capexToDepreciation,stockBasedCompensationToRevenue,grahamNumber,roic,returnOnTangibleAssets,grahamNetNet,workingCapital,tangibleAssetValue,netCurrentAssetValue,investedCapital,averageReceivables,averagePayables,averageInventory,daysSalesOutstanding,daysPayablesOutstanding,daysOfInventoryOnHand,receivablesTurnover,payablesTurnover,inventoryTurnover,roe,capexPerShare,report_date,epsEstimated,time,revenueEstimated,updatedFromDate,fiscalDateEnding,surprise(%),QuarterAvgPrice,QuarterAvgVolume
2025-03-31,FSLR,USD,1274494,2025-04-29,2025-04-29 16:07:23,2025,Q1,844568000.0,500165000.0,344403000.0,0.4077859924,52389000,0.0,0.0,53164000.0,17606000.0,123159000.0,623324000.0,18865000.0,9525000.0,125876000.0,352460000.0,0.4173257808,221244000.0,0.2619611446,-4185000.0,217059000.0,0.2570059486,7524000.0,209535000.0,0.2480972521,1.96,1.95,107122000,107415000,https://www.sec.gov/Archives/edgar/data/1274494/000127449425000033/0001274494-25-000033-index.htm,https://www.sec.gov/Archives/edgar/data/1274494/000127449425000033/fslr-20250331.htm,7.884169451653255,1.956040775937716,-5.6756035174847375,-7.598327141016784,8.315378727058867,76.42999570583073,75.66130206680234,76.42999570583073,5.97372155112862,13543434460.0,13336185460.0,16.15891672035698,16.035931340046034,-22.27604511317769,-16.639188817958885,1.654193472502771,1.654193472502771,15.790540797188624,37.8374438517846,-21.935164955541445,-16.384566901079676,0.0154713341448842,-0.0600990836116173,0.0769960038273753,0.0520268572251523,-0.588007149747489,1.9286081109342117,23.22771653543307,-2.901577302121364,0.0,0.0,0.0,0.0620305292173039,0.0067959294079682,-0.3387698977930267,0.2438714230233681,1.6362610823349963,0.003059552339184,57.997881274839365,0.0214817567428241,0.0174114517969065,-8.616210955732717,2202391000.0,8104990000.0,644772000.0,7922777000.0,1612208000.0,454994500.0,1185252000.0,209.2229755330536,76.97841712234963,231.42522967420751,0.4301630820931593,1.1691588806892956,0.3888945044008335,0.0255925799533767,1.9227236235320475,2025-04-29,2.5,amc,1288325420.0,2025-05-11,2025-03-31,-0.22,156.14766666666668,2774815.9833333334
2024-12-31,FSLR,USD,1274494,2025-02-25,2025-02-25 16:11:24,2024,Q4,1514031000.0,946370000.0,567661000.0,0.3749335383,46499000,0.0,0.0,49582000.0,14811000.0,110892000.0,1057262000.0,14666000.0,10887000.0,-464000.0,456769000.0,0.3016906523,456769000.0,0.3016906523,-10423000.0,446346000.0,0.2948063811,53230000.0,393116000.0,0.2596485805,3.67,3.65,107058000,107595000,https://www.sec.gov/Archives/edgar/data/1274494/000127449425000010/0001274494-25-000010-index.htm,https://www.sec.gov/Archives/edgar/data/1274494/000127449425000010/fslr-20241231.htm,14.14215658801771,3.671990883446356,7.575295634142241,4.646612116796502,16.747548058061984,74.51640232397392,73.74122438304471,74.51640232397392,6.815828803078705,18867901920.0,17965327920.0,11.9989404654097,12.462031437929609,23.265098619475317,37.92870925527232,2.36511686693842,2.36511686693842,11.865891728769094,39.3313204705223,22.15217821049672,36.114333339364,0.0208351729655376,0.0263652525919002,0.090102796876796,0.0592857635961185,-1.9759966197355776,2.449663095287377,41.95545145586479,2.062994128959391,0.0,0.0,0.0,0.0307120527915214,0.0068448143370194,0.3866097983220632,0.2070888905180937,2.5200250765558314,0.0040402078953469,78.46355762402821,0.039070668366808,0.0326471103126786,-8.08763707523025,3011591000.0,7894588000.0,942249000.0,8508263000.0,1082554500.0,373755000.0,1293637500.0,74.96174781097612,45.85637752676015,103.1251624628845,1.2006123473393977,1.9626495779671915,0.8727258978369287,0.0492776190063724,2.9286835173457377,2025-02-25,4.81,amc,1483135216.0,2025-05-11,2024-12-31,-0.2411642411642411,199.0596875,2766152.921875
2024-09-30,FSLR,USD,1274494,2024-10-29,2024-10-29 16:13:24,2024,Q3,887668000.0,442357000.0,445311000.0,0.5016639104,50197000,0.0,0.0,46293000.0,26822000.0,123312000.0,565669000.0,22580000.0,9008000.0,111158000.0,447508000.0,0.5041389348,321999000.0,0.3627471082,5343000.0,327342000.0,0.3687662504,14386000.0,312956000.0,0.3525597408,2.92,2.91,107049000,107562000,https://www.sec.gov/Archives/edgar/data/1274494/000127449424000038/0001274494-24-000038-index.htm,https://www.sec.gov/Archives/edgar/data/1274494/000127449424000038/fslr-20240930.htm,8.29216527010995,2.923483638333847,-0.5019570477071248,-4.555418546646862,11.862053825818084,70.93618810077628,70.13066913282702,70.93618810077628,6.568496669749367,26702302560.0,26391315560.0,21.33071626682345,30.08140719277928,-496.9349491941787,-54.756768767955904,3.5163998331236845,3.5163998331236845,29.731065623634063,58.973952555038125,-491.1474217441471,-54.11904686324087,0.011720187773949,-0.0182625823710987,0.0914110056194335,0.0606946726826537,-0.694930593419559,2.1423959061029705,35.74589253996447,-0.1716982579020693,0.0,0.0,0.0,0.0565492954573106,0.0075398032183933,-8.075315442736443,0.488830283394242,3.903623670810918,0.0076560155373405,68.30862074997424,0.0311711572186819,0.0275722247165035,-10.683691580491177,2035938000.0,7507418000.0,-24887000.0,7595958000.0,846971500.0,248107000.0,1265381500.0,91.66197271953028,53.98083448436443,305.77156007478123,0.9818684600579608,1.667258404944972,0.2943373804221331,0.0412128663324926,4.053461498939738,2024-10-29,3.14,amc,1062361171.0,2025-04-20,2024-09-30,-0.0732484076433121,225.17109375,2152800.171875
2024-06-30,FSLR,USD,1274494,2024-07-30,2024-07-30 16:07:28,2024,Q2,1010482000.0,515184000.0,495298000.0,0.4901601424,51937000,0.0,0.0,42623000.0,-565000.0,94560000.0,609744000.0,24599000.0,9765000.0,97337000.0,470278000.0,0.4653996805,400738000.0,0.3965810376,4620000.0,377131000.0,0.3732189193,27775000.0,349356000.0,0.3457320368,3.26,3.25,107042000,107525000,https://www.sec.gov/Archives/edgar/data/1274494/000127449424000033/0001274494-24-000033-index.htm,https://www.sec.gov/Archives/edgar/data/1274494/000127449424000033/fslr-20240630.htm,9.440051568543188,3.263728256198501,1.803161375908522,-1.6082285458044503,16.335690663477887,67.78084303357561,66.95779226845538,67.78084303357561,5.901412529661254,23839323820.0,22750082820.0,17.05947788216032,23.59203213911777,123.51085320235838,-138.48156133094778,3.285736648180658,3.285736648180658,22.51409012728579,48.37581775035192,117.86752681152664,-132.1542092850338,0.0146546102833213,-0.0072211779704748,0.0857201887091774,0.0564662793806753,-2.3161640561540198,2.2277210854611997,41.03819764464926,0.5524851440937039,0.0,0.0,0.0,0.051398243610475,0.0079988160797076,1.8918938522594213,0.3613740769256652,3.751523059062844,0.0083128645537476,70.55076671693095,0.0395230406415514,0.0319742884824797,-8.444393322247342,2176294000.0,7167296000.0,190065000.0,7528213000.0,875805000.0,235065500.0,999371500.0,70.35203991758388,40.33599653781173,179.56396196225808,1.279280602317052,2.231257629041898,0.5012141579885433,0.0481511900727141,3.4113899217129724,2024-07-30,2.69,amc,939713412.0,2025-04-20,2024-06-30,0.20817843866171,217.99666666666667,2884925.8571428573
2024-03-31,FSLR,USD,1274494,2024-05-01,2024-05-01 16:22:31,2024,Q1,794108000.0,449254000.0,344854000.0,0.4342658681,42742000,0.0,0.0,45827000.0,-2799000.0,88569000.0,537823000.0,27245000.0,9210000.0,86700000.0,351429000.0,0.4425455983,256285000.0,0.3227331799,-766000.0,255519000.0,0.3217685756,18903000.0,236616000.0,0.2979645086,2.21,2.2,106910000,107407000,https://www.sec.gov/Archives/edgar/data/1274494/000127449424000022/0001274494-24-000022-index.htm,https://www.sec.gov/Archives/edgar/data/1274494/000127449424000022/fslr-20240331.htm,7.427817790665045,2.2132260780095407,2.5041904405574784,-1.3631372182209336,18.691881021419885,64.56378262089608,63.71611635955477,64.56378262089608,6.460901693012815,18374621700.0,17365813700.0,19.4139678846739,23.13869360338896,68.6329590659002,-126.0841518393226,2.6620187514288274,2.6620187514288274,21.86832735597677,49.414856770499874,64.86485546628418,-119.16184872335025,0.0128773263397308,-0.0079312109048753,0.0987357649691112,0.0633353288883445,-2.8705883692011755,2.4116404174179245,27.82681867535288,1.131466173039862,0.0,0.0,0.0,0.0538239131201297,0.0084218493014597,1.544342473377334,0.5206546212857697,4.76881199538639,0.0085517335173553,56.70203317614716,0.0257590071962545,0.0221759073465893,-6.107831353474886,2482676000.0,6811890000.0,383325000.0,7614651000.0,1184674500.0,223207500.0,991491500.0,108.99705077898724,47.92685207032102,194.496632194705,0.8257104147018852,1.8778617019942567,0.4627329480435609,0.0342796841846318,3.867327658778412,2024-05-01,1.99,amc,720300423.0,2025-04-20,2024-03-31,0.1055276381909548,153.73622950819671,2083939.7704918035
2023-12-31,FSLR,USD,1274494,2024-02-27,2024-02-27 16:18:51,2023,Q4,1158553000.0,656520000.0,502033000.0,0.4333276078,43862000,0.0,0.0,57094000.0,-27653000.0,110803000.0,767323000.0,23565000.0,7068000.0,86500000.0,470249000.0,0.405893386,397784000.0,0.3433455353,-21103000.0,376681000.0,0.3251305724,27442000.0,349239000.0,0.301444129,3.27,3.25,106844000,107558000,https://www.sec.gov/Archives/edgar/data/1274494/000127449424000004/0001274494-24-000004-index.htm,https://www.sec.gov/Archives/edgar/data/1274494/000127449424000004/fslr-20231231.htm,10.843407210512522,3.2686814421025048,5.251665980307738,2.0047639549249374,19.67811950132904,62.5909643966905,61.70932387405938,62.5909643966905,5.910083860581783,18407084320.0,17084479320.0,13.176566992804354,15.887995042091298,32.80482815281879,85.93530404254028,2.7524739658606268,2.7524739658606268,14.746394269403298,36.33070845445711,30.447701462639166,79.7605910446925,0.0189730754707598,0.0116366609874909,0.0933670122433464,0.0602393679115712,-2.8125631314473822,3.5484290568216097,56.27956989247312,1.6066619134747264,0.0,0.0,0.0,0.0378592951725126,0.0090879691643097,0.6182613360327495,0.2994355890494435,3.86785742159191,0.0095032337752351,67.84742651532274,0.0402380432683433,0.0340026525338396,-0.1254305342368312,3328651000.0,6593271000.0,957146000.0,7921602000.0,1097372500.0,158986500.0,1040856000.0,109.34845449452894,28.401297751782124,138.74684701151526,0.8230569002189508,3.1688692814874164,0.6486633890320439,0.0522228962855753,3.246902025382801,2024-02-27,3.13,amc,1317920000.0,2025-04-20,2023-12-31,0.0383386581469648,152.9411111111111,2476274.396825397
2023-09-30,FSLR,USD,1274494,2023-10-31,2023-10-31 16:18:08,2023,Q3,801090000.0,424915000.0,376175000.0,0.4695789487,41190000,0.0,0.0,50172000.0,-1033000.0,103421000.0,528336000.0,23254000.0,3734000.0,80700000.0,374899000.0,0.4679861189,272965000.0,0.340741989,17500000.0,290465000.0,0.3625872249,22067000.0,268398000.0,0.3350410066,2.51,2.5,106834000,107498000,https://www.sec.gov/Archives/edgar/data/1274494/000127449423000025/0001274494-23-000025-index.htm,https://www.sec.gov/Archives/edgar/data/1274494/000127449423000025/fslr-20230930.htm,7.498455547859296,2.512290094913604,1.548448995638093,-1.1305389669955257,17.058932549562872,58.99223093771646,58.1043862440796,58.99223093771646,5.120579590766984,17263306060.0,16313666060.0,16.079950353579388,21.54977101199616,104.3560365599328,-142.93182695810566,2.739174251107836,2.739174251107836,20.3643361669725,43.51482948740861,98.6154984373772,-135.0692669316112,0.0155473116833566,-0.0069963423912093,0.0862084394837756,0.0566981245783392,-2.533055569633422,3.189046830761276,73.10257096946974,0.616349600220568,0.0,0.0,0.0,0.0514174437329139,0.0098983109569435,1.730110562362855,0.3572719669450374,3.6814504199735034,0.0102335567788887,57.74622016104449,0.029925209077505,0.0282887706340136,-3.113734859688863,2624897000.0,6207524000.0,543733000.0,6874118000.0,727771000.0,178314500.0,912886500.0,88.43085046623975,23.4671640210395,226.5488391796006,1.0177443677798768,3.8351459903425247,0.3972653328347045,0.0425867958369986,2.6789879626336184,2023-10-31,2.06,amc,1320370000.0,2025-04-20,2023-09-30,0.2135922330097087,186.5773015873016,1942319.3174603172
2023-06-30,FSLR,USD,1274494,2023-07-27,2023-07-27 16:11:20,2023,Q2,810673000.0,500253000.0,310420000.0,0.3829164164,36745000,0.0,0.0,46328000.0,997000.0,106450000.0,606703000.0,25026000.0,1415000.0,76900000.0,266786000.0,0.3290920013,168515000.0,0.2078704977,19956000.0,188471000.0,0.2324870817,17892000.0,170579000.0,0.2104165305,1.6,1.59,106827000,107278000,https://www.sec.gov/Archives/edgar/data/1274494/000127449423000022/0001274494-23-000022-index.htm,https://www.sec.gov/Archives/edgar/data/1274494/000127449423000022/fslr-20230630.htm,7.588652681438213,1.5967779681166747,-0.8394694225242683,-4.421850281295927,17.635588381214486,56.53662463609387,55.60913439486272,56.53662463609387,4.107809823359263,20306744430.0,19914241430.0,29.76149530422854,25.049242333221905,-226.44064798501304,-42.98879154820449,3.362245291853585,3.362245291853585,24.56507300724213,74.64500172422841,-222.06384430964115,-42.15787403175033,0.0084001155669244,-0.0232618774332996,0.0724232147688321,0.0486164198815493,-1.4712278755257022,3.356577120777837,119.09187279151944,-0.5257270824661887,0.0,0.0,0.0,0.0453265373337955,0.0110124677037191,-4.267434599344321,0.472070736289478,5.337075517746322,0.0103753301269439,45.06905616649227,0.0192663908851614,0.0191703046217247,-1.817613992717197,2570116000.0,5940557000.0,703202000.0,6689375000.0,496466500.0,265797000.0,753790000.0,74.20712173712458,44.22774076317384,136.042302594887,1.2128215984285309,2.0349219391947413,0.6615589289752477,0.0282432490159178,3.582380858771659,2023-07-27,0.96,amc,720550000.0,2025-04-20,2023-06-30,0.6562500000000001,198.09306451612903,2455386.7741935486
2023-03-31,FSLR,USD,1274494,2023-04-27,2023-04-27 16:14:53,2023,Q1,548286000.0,436235000.0,112051000.0,0.2043659696,30510000,0.0,0.0,44028000.0,19494000.0,94032000.0,530267000.0,25822000.0,748000.0,68855000.0,86874000.0,0.1584465042,42385000.0,0.0773045454,17671000.0,35673000.0,0.0650627592,-6888000.0,42561000.0,0.0776255458,0.4,0.4,106675000,107154000,https://www.sec.gov/Archives/edgar/data/1274494/000127449423000010/0001274494-23-000010-index.htm,https://www.sec.gov/Archives/edgar/data/1274494/000127449423000010/fslr-20230331.htm,5.13977970471057,0.3989782048277478,-0.3243309116475275,-3.801818607921256,21.291220998359503,55.01502695101945,54.61250527302555,55.01502695101945,3.0103210686665105,23201812500.0,22615556500.0,136.28564002255587,42.316988761339886,-670.6113792704781,-57.20946274154931,3.9534652994652335,3.9534652994652335,41.24773658273237,260.32594907567284,-653.6665847736864,-55.76391227910119,0.0018343825509321,-0.017479625783546,0.0545907051749544,0.0374072519007318,-6.748348182425121,3.0829051596315025,56.6644385026738,-0.8129038321468011,0.0,0.0,0.0,0.055646140882678,0.0050135464650054,-10.722035955835596,0.6765830241881062,5.387568077844747,0.0120375132686225,22.223195664845957,0.006833846457932,0.0049944511965219,1.8229388329036795,2445691000.0,5825789000.0,923996000.0,6347234000.0,339752500.0,313584500.0,686391500.0,53.26829428436983,58.95537955459786,155.0233933544993,1.68956038876597,1.526578247480403,0.5805575407202754,0.0072521677610548,3.4774876962737284,2023-04-27,1.02,amc,654420000.0,2025-04-20,2023-03-31,-0.6078431372549019,182.5695967741936,2472086.2741935486
2022-12-31,FSLR,USD,1274494,2023-02-28,2023-02-28 16:13:52,2022,Q4,1002391000.0,941778000.0,60613000.0,0.06046842,31284000,0.0,0.0,42734000.0,32740000.0,106758000.0,1048536000.0,18330000.0,3133000.0,70541000.0,67102000.0,0.0669419418,-69846000.0,-0.0696793966,39334000.0,-6572000.0,-0.0065563238,976000.0,-7548000.0,-0.0075299958,-0.0708,-0.0708,106606000,106606000,https://www.sec.gov/Archives/edgar/data/1274494/000127449423000002/0001274494-23-000002-index.htm,https://www.sec.gov/Archives/edgar/data/1274494/000127449423000002/fslr-20221231.htm,9.402763446710315,-0.0708027690749113,7.459383149166088,4.392942235896666,24.182325572669452,54.744151361086615,54.31670825281879,54.744151361086615,1.844877399020693,15968512740.0,14680785740.0,-528.8988056438791,15.930423098371794,20.080748904384347,34.0978760831408,2.736182702184952,2.736182702184952,14.645767709406808,218.7831322464308,18.461404450368768,31.34816755424779,-0.0004726802127973,0.0293273398484322,0.0331631555905487,0.0234561449519998,-19.19059044439808,3.652452487746231,-22.29364826045324,-105.35439851616322,0.0,0.0,0.0,0.0312093783763022,0.0055225719129322,0.4110850524700867,0.3261212441053441,4.634198551197176,0.0075170267889476,,-0.0111069793007462,-0.000919852882035,6.939002026152374,2753373000.0,5790487000.0,1376248000.0,6342085000.0,357780500.0,264844500.0,716018000.0,31.8729817007535,32.626383287781195,59.38112803654364,2.82370820668693,2.7585037301301374,1.5156330466577403,-0.0012933394219211,3.066440913269422,2023-02-28,-0.18,amc,1004651570.0,2025-04-20,2022-12-31,-0.611111111111111,148.1720634920635,3111405.793650794
2022-09-30,FSLR,USD,1274494,2022-10-28,2022-10-27 17:49:23,2022,Q3,628933000.0,607951000.0,20982000.0,0.0333612642,29183000,0.0,0.0,46368000.0,19768000.0,95319000.0,703270000.0,9749000.0,2991000.0,67423000.0,8734000.0,0.0138870118,-74337000.0,-0.1181954199,6673000.0,-61680000.0,-0.0980708597,-12512000.0,-49168000.0,-0.0781768487,-0.46,-0.46,106596000,106596000,https://www.sec.gov/Archives/edgar/data/1274494/000127449422000040/0001274494-22-000040-index.htm,https://www.sec.gov/Archives/edgar/data/1274494/000127449422000040/fslr-20220930.htm,5.900155728169913,-0.4612555818229577,1.2099422117152614,-0.8844703365979961,18.079430747870465,54.67688280986153,54.19756838905775,54.67688280986153,2.4639761341889,14099452920.000002,13208129920.000002,-71.69018935079727,22.41805235215834,109.31927055630936,-149.5471295382951,2.4191210837671195,2.4191210837671195,21.000853699837663,1512.2658484085189,102.40845062996706,-140.09323108579673,-0.0034872275030086,-0.0066868551946624,0.0445511301079536,0.0346543896641276,-102.05209525990382,4.0902620217869625,-24.853560682046137,-2.6231492027334853,0.0,0.0,0.0,0.0464008089891928,0.0068189307172455,1.731002132196162,0.3549758082339454,3.3112736009966923,0.0188477945981527,,-0.0088564413987154,-0.0066070711571673,8.804012345679013,2522482000.0,5777244000.0,1674270000.0,5851569000.0,425219500.0,174621500.0,810560500.0,51.5973879570638,27.872641051663702,120.00868491046154,1.7442743434007266,3.228972806458466,0.7499457232378556,-0.0084360255764208,2.0944125483132576,2022-10-27,-0.23,amc,727176208.0,2025-04-20,2022-09-30,1.0,107.1584375,2854356.5
2022-06-30,FSLR,USD,1274494,2022-07-29,2022-07-28 17:44:31,2022,Q2,620955000.0,644155000.0,-23200000.0,-0.0373618056,25229000,0.0,0.0,38894000.0,13231000.0,77354000.0,721509000.0,2880000.0,3236000.0,66553000.0,23799000.0,0.0383264488,144827000.0,0.2332326819,-5223000.0,139604000.0,0.2248214444,83799000.0,55805000.0,0.0898696363,0.52,0.52,106586000,107056000,https://www.sec.gov/Archives/edgar/data/1274494/000127449422000035/0001274494-22-000035-index.htm,https://www.sec.gov/Archives/edgar/data/1274494/000127449422000035/fslr-20220630.htm,5.82585893081643,0.5235678231662695,0.8257932561499635,-1.0383070947403974,17.311476178860264,55.31521025275365,54.81617660856023,55.31521025275365,1.6737939316608186,7261704179.999999,5735654179.999999,32.531601917390915,11.694412928473076,82.50249017246472,-65.61642537657337,1.2316684631350274,1.2316684631350274,9.236827435160356,241.0039993277028,65.16455929468971,-51.82710768146454,0.0076848352145349,-0.0152400865219491,0.0297103358019154,0.0236094201541937,-64.12244211941679,4.210565811382931,44.75494437577256,1.5772421826001255,0.0,0.0,0.0,0.0406293531737404,0.0071690732729427,2.257345088504624,0.3199700461386091,2.9853950986431865,0.0092824761858749,25.52701402339141,0.0087314209131463,0.0075758408803261,10.26636941061678,2579863000.0,5842637000.0,1859875000.0,5778247000.0,405995000.0,153598000.0,825605500.0,71.00065222117544,22.489416367178706,113.23592924063308,1.2675939894134962,4.00188242018352,0.7948007368645746,0.0094651691781322,1.8641003508903609,2022-07-28,0.3,amc,614087192.0,2025-04-20,2022-06-30,0.7333333333333335,71.18306451612904,1394720.3709677418
2022-03-31,FSLR,USD,1274494,2022-04-29,2022-04-28 17:44:58,2022,Q1,367040000.0,355577000.0,11463000.0,0.0312309285,27108000,0.0,0.0,36728000.0,7338000.0,71174000.0,426751000.0,2325000.0,2865000.0,65207000.0,5318000.0,0.0144888813,-59711000.0,-0.1626825414,-4950000.0,-62754000.0,-0.1709731909,-19499000.0,-43255000.0,-0.1178481909,-0.41,-0.41,105500000,106412000,https://www.sec.gov/Archives/edgar/data/1274494/000127449422000020/0001274494-22-000020-index.htm,https://www.sec.gov/Archives/edgar/data/1274494/000127449422000020/fslr-20220331.htm,3.4790521327014217,-0.41,-1.3160094786729857,-2.7829383886255923,14.686767772511848,55.688862559241706,55.146388625592415,55.688862559241706,2.416303317535545,8834570000.0,7760262000.0,-51.0609756097561,24.069774411508284,-63.6317605283818,-30.09049727520436,1.5037118043292326,1.5037118043292326,21.14282367044464,1459.2447271990836,-55.8939635116934,-26.43141008174387,-0.0048961069978504,-0.0332330832174061,0.0429017008004016,0.0340650541103966,-202.01357691116527,4.074875848651002,-20.84153577661431,3.209779216275575,0.0,0.0,0.0,0.0738557105492589,0.007734728974994,-1.1146795929097733,0.4216461421098518,2.3733801585719325,0.0095439189189189,,-0.0061596739635786,-0.0058914512869392,6.515353080568721,2260003000.0,5817944000.0,1470943000.0,5317444000.0,388415000.0,169803500.0,753524500.0,78.9856418918919,37.0129957786921,212.8020091288244,1.1394475988836492,2.4315783715030124,0.4229283377936366,-0.0073623338879267,1.4669289099526066,2022-04-28,-0.41,amc,588727412.0,2025-04-20,2022-03-31,-0.0,76.5741935483871,1799141.0161290322
2021-12-31,FSLR,USD,1274494,2022-03-01,2022-03-01 16:27:15,2021,Q4,907319000.0,660830000.0,246489000.0,0.2716674069,29881000,0.0,0.0,38411000.0,-2284000.0,73330000.0,734160000.0,2183000.0,2530000.0,65294000.0,238753000.0,0.2631411885,173159000.0,0.1908468797,-5993000.0,167166000.0,0.1842417055,35796000.0,131370000.0,0.1447892086,1.24,1.23,106327000,107007000,https://www.sec.gov/Archives/edgar/data/1274494/000127449422000009/0001274494-22-000009-index.htm,https://www.sec.gov/Archives/edgar/data/1274494/000127449422000009/fslr-20211231.htm,8.533288816575283,1.2355281349045868,0.3241603731883717,-1.5087889247321942,17.173841075173755,56.04927252720381,55.48524833767529,56.04927252720381,2.2800511629219296,9267461320.0,8056708320.0,17.63618276623278,10.214115785076691,268.8792561000377,-57.76818650459716,1.5550603258534077,1.5550603258534077,8.879686549052758,33.74495114197518,233.75136565410392,-50.22102739597943,0.0141754031081297,-0.0173105659101903,0.0402548782618019,0.0323589451270653,-5.071153032632051,4.390341983111334,68.44229249011858,0.2623658369490751,0.0,0.0,0.0,0.0329332902760771,0.0080891630223101,5.654452084602664,0.2147998664196385,2.9848378105185773,0.0065335345121175,39.473221249812354,0.0202996611825687,0.0178642941890389,9.837851627526405,2464365000.0,5899580000.0,1737048000.0,5391216000.0,364026000.0,181707500.0,656869000.0,45.10410340795245,26.33606222477793,90.74483603952604,1.9953838608868528,3.417367381343924,0.9917919732732602,0.0220436069764316,1.8329492979205653,2022-03-01,1.06,amc,917694666.0,2025-04-20,2021-12-31,0.1603773584905659,102.83,1586253.671875
2021-09-30,FSLR,USD,1274494,2021-11-05,2021-11-04 17:55:36,2021,Q3,583504000.0,458924000.0,124580000.0,0.2135032493,25426000,0.0,0.0,43476000.0,-2603000.0,71847000.0,530771000.0,1752000.0,2958000.0,65693000.0,118426000.0,0.2029566207,50867000.0,0.0871750665,-4827000.0,46040000.0,0.0789026296,837000.0,45203000.0,0.0774681922,0.43,0.42,106320000,106899000,https://www.sec.gov/Archives/edgar/data/1274494/000127449421000033/0001274494-21-000033-index.htm,https://www.sec.gov/Archives/edgar/data/1274494/000127449421000033/fslr-20210930.htm,5.488186606471031,0.4251598946576373,2.8717174567343866,1.323401053423627,18.07811324303988,54.83516741911212,54.24828818660647,54.83516741911212,2.648325808878856,10149307200.0,9060455200.0,56.13182310908568,17.393723436343194,33.24143180455979,72.13232886058677,1.7408536253821776,1.7408536253821776,15.527665962872575,76.50731427220374,29.675178582541,64.39372867864454,0.0044538015363255,0.0138634093172389,0.0477887505735346,0.0383307445832295,-9.194366102038405,4.259188575519129,17.196416497633535,6.754441076919673,0.0,0.0,0.0,0.0435746798650909,0.00858442374973,0.5391604246023038,0.2821180317529957,2.5058529828139986,0.0110179193287449,22.903243549276624,0.0075623217517017,0.0062727641473707,9.520661681715575,2331089000.0,5767678000.0,1607770000.0,5129830000.0,435483500.0,159183500.0,625248000.0,42.160585017412046,33.34689403910016,126.96984685917494,2.1346952363879814,2.69890202951053,0.7088297121427656,0.007753416551245,1.54831640331076,2021-11-04,0.59,amc,689870000.0,2025-04-20,2021-09-30,-0.288135593220339,92.85140625,1755143.40625
2021-06-30,FSLR,USD,1274494,2021-07-30,2021-07-29 17:54:23,2021,Q2,629180000.0,455062000.0,174118000.0,0.2767379764,23935000,0.0,0.0,36346000.0,-3247000.0,61996000.0,517058000.0,1288000.0,4623000.0,65708000.0,177830000.0,0.2826377189,110377000.0,0.1754299247,-7582000.0,102795000.0,0.1633793191,20346000.0,82449000.0,0.1310419912,0.78,0.77,106313000,106836000,https://www.sec.gov/Archives/edgar/data/1274494/000127449421000024/0001274494-21-000024-index.htm,https://www.sec.gov/Archives/edgar/data/1274494/000127449421000024/fslr-20210630.htm,5.918184982081213,0.7755307441234844,1.667237308701664,0.8147827641022265,16.605617375109347,54.40195460573965,53.78932021483732,54.40195460573965,4.448392952884407,9622389630.0,8743800630.0,29.17679301750173,15.293540211068375,54.287412792173726,111.084824063171,1.663726986575052,1.663726986575052,13.897136956038018,49.16943502221223,49.33060626576172,100.94203123917713,0.0085684536970885,0.0090021297547478,0.0809696670000786,0.0646065729982025,-4.940611820277794,4.774347389938011,23.875621890547265,2.14980169559364,0.0,0.0,0.0,0.0380415779268253,0.0089854787346245,0.5112976659952948,0.1440398614069105,1.3792384488951115,0.0086302806827934,30.81044851322566,0.0134055466560938,0.01147780517759,9.879332725066549,2494553000.0,5718504000.0,1690638000.0,5407325000.0,707362000.0,167206500.0,576663500.0,85.48612479735529,29.335211465690392,119.26974785853358,1.0528024309599346,3.067985383547052,0.7545920203231203,0.0142555676490649,0.8524545445994375,2021-07-29,0.54,amc,629180000.0,2025-04-20,2021-06-30,0.4259259259259259,79.12777777777778,2255494.603174603
2021-03-31,FSLR,USD,1274494,2021-04-30,2021-04-29 18:02:41,2021,Q1,803374000.0,618607000.0,184767000.0,0.2299887724,19873000,0.0,0.0,52087000.0,8448000.0,83314000.0,701921000.0,956000.0,2996000.0,63205000.0,169958000.0,0.2115552657,252348000.0,0.3141102401,3813000.0,256161000.0,0.3188564728,46490000.0,209671000.0,0.260988033,1.98,1.96,106088000,106890000,https://www.sec.gov/Archives/edgar/data/1274494/000162828021008263/0001628280-21-008263-index.htm,https://www.sec.gov/Archives/edgar/data/1274494/000162828021008263/fslr-20210331.htm,7.572713219214237,1.9763875273357967,-2.6343978583817207,-3.484211220873237,14.474907623859435,53.67977528089887,53.04006108136641,53.67977528089887,2.449815247718875,9261482400.0,8545503400.0,11.042874789551249,11.528232678677677,-33.13850249393512,-25.055886243923027,1.6263108320251178,1.6263108320251178,10.637017628153265,50.280089198507866,-30.57665862787053,-23.11888657127475,0.0226390323864352,-0.0399107814533016,0.0451114880645081,0.0361377482623918,-4.212681956718718,4.686534964987951,84.2283044058745,-1.332935885267872,0.0,0.0,0.0,0.0247369220313328,0.0095466112245055,-0.3225835307251375,0.1122204602090682,1.4263903172217387,0.0038773970778242,48.85765920043173,0.0319786213982909,0.0297783964991555,9.515157227961692,2467549000.0,5626914000.0,1722760000.0,5169817000.0,554778000.0,184718000.0,558943500.0,91.53768979329676,27.07345697672351,80.0577749685988,0.9832015665157264,3.3242891765679494,1.1241881258291384,0.036818103596627,0.8498133624915165,2021-04-29,1.0,amc,738060000.0,2025-04-20,2021-03-31,0.96,91.71754098360655,2649180.606557377
2020-12-31,FSLR,USD,1274494,2021-02-26,2021-02-25 18:14:50,2020,Q4,609232000.0,449372000.0,159860000.0,0.2623959346,22670000,0.0,0.0,62700000.0,-3279000.0,102086000.0,551458000.0,1446000.0,3018000.0,59648000.0,117422000.0,0.1927377419,57774000.0,0.094830869,-6192000.0,51582000.0,0.0846672532,-66400000.0,115703000.0,0.1899161567,1.09,1.08,105976000,106944000,https://www.sec.gov/Archives/edgar/data/1274494/000162828021003343/0001628280-21-003343-index.htm,https://www.sec.gov/Archives/edgar/data/1274494/000162828021003343/fslr-20201231.htm,5.748773307163886,1.091784932437533,1.75811504491583,0.9149901864573112,16.485506152336377,52.0960217407715,51.42983316977429,52.0960217407715,2.663329433079188,10483145920.0,9535374920.0,22.65098121915594,17.207149197678387,56.26480490344465,108.1104491218662,1.8988014188918965,1.8988014188918965,15.651467618247237,81.20603396297116,51.17795875868139,98.33628884053336,0.0110370494585274,0.0092497997013476,0.0505768233166598,0.0392789014269515,-8.071494268535709,3.5574015987764898,19.143141153081512,1.6103126107361088,0.0,0.0,0.0,0.0372107834125587,0.0099311696793793,0.479561824407733,0.146661698663235,1.4979714324034334,0.0181835491241431,35.77355392565198,0.0209186525140539,0.0164389824803635,6.248730844719559,2167137000.0,5450328000.0,1426532000.0,4883418000.0,301463000.0,168637000.0,584841000.0,43.20363999264648,36.72104626011412,113.68204961590844,2.0831578083540774,2.450910558552269,0.7916817149592067,0.0209571651722319,0.8431248584585189,2021-02-25,1.24,amc,726400000.0,2025-04-20,2020-12-31,-0.129032258064516,86.706328125,3132359.578125
2020-09-30,FSLR,USD,1274494,2020-10-28,2020-10-27 17:45:43,2020,Q3,927565000.0,634550000.0,293015000.0,0.3158969991,22972000,0.0,0.0,49861000.0,-3236000.0,85852000.0,720402000.0,2109000.0,10975000.0,59401000.0,283964000.0,0.3061391924,207163000.0,0.2233406823,-13954000.0,193209000.0,0.2082969927,38107000.0,155037000.0,0.1671440815,1.46,1.45,105967000,106751000,https://www.sec.gov/Archives/edgar/data/1274494/000127449420000059/0001274494-20-000059-index.htm,https://www.sec.gov/Archives/edgar/data/1274494/000127449420000059/fslr-20200930.htm,8.753338303434088,1.4630686911963158,1.9619032340256872,0.9584587654647202,15.390385686109829,50.92257967102966,50.23433710494777,50.92257967102966,2.565355252106788,7015015400.0,5998829400.0,11.311840721892194,7.562828912259518,33.7427447245511,69.06922069610594,1.3000126943227468,1.3000126943227468,6.467287359915478,21.125316589426827,28.85481464378995,59.06394328754985,0.0221007355165606,0.0144782290855697,0.0483436873912759,0.0373457259810253,-3.578573340282571,3.830566919849923,18.875899772209568,1.3409508697923722,0.0,0.0,0.0,0.024765919369532,0.0104407636870837,0.5114648119020476,0.1146356320042261,1.7900708742277065,0.0077719620727388,40.94292026482422,0.0263595918003706,0.0224291934679786,5.432389328753291,2069402000.0,5323182000.0,1211389000.0,4786324000.0,332890000.0,156362500.0,577421500.0,30.124357861713197,21.83161295406193,85.39256165786777,2.9876155506168067,4.1224622381029725,1.0539559682094126,0.0287312367253984,1.0034444685609671,2020-10-27,0.61,amc,390216999.0,2025-04-20,2020-09-30,1.3770491803278688,66.40203125,1898523.5
2020-06-30,FSLR,USD,1274494,2020-08-07,2020-08-06 17:45:21,2020,Q2,642411000.0,504951000.0,137460000.0,0.2139751654,22483000,0.0,0.0,51770000.0,-3195000.0,80564000.0,585515000.0,3674000.0,3254000.0,57597000.0,114493000.0,0.1782239096,50896000.0,0.0792265388,-4074000.0,46822000.0,0.0728848043,10214000.0,36911000.0,0.0574569863,0.35,0.35,105927000,106473000,https://www.sec.gov/Archives/edgar/data/1274494/000127449420000036/0001274494-20-000036-index.htm,https://www.sec.gov/Archives/edgar/data/1274494/000127449420000036/fslr-20200630.htm,6.064657735987992,0.3484569562056888,1.3950078827872026,0.3716049732362854,14.60232046598129,49.34337798672671,48.62915026386096,49.34337798672671,4.418231423527524,5243386500.0,4655442500.0,35.51371203706212,8.162043458159962,35.483670458621226,133.20596753296243,1.0031741242627414,1.0031741242627414,7.246828743592498,40.661372310970975,31.50486570254925,118.26950435688336,0.0070395344688017,0.0075071711764906,0.0889179527955558,0.065712017812923,-5.13519603818574,3.656016577514337,15.641057160417947,4.0033865243423365,0.0,0.0,0.0,0.0349978440593327,0.0106970290209368,0.7336180118969473,0.1687486671305441,1.8821466395819224,0.005877857010543,19.6689088232834,0.0062011655145369,0.0052752894756324,2.301863547537455,1984140000.0,5151140000.0,885354000.0,4849752000.0,398000000.0,166281000.0,538644000.0,49.777945894450745,28.30373640214595,98.52445088731382,1.8080296079479887,3.179792191435768,0.9134788287522296,0.0070618788259576,1.0234029095509172,2020-08-06,0.23,amc,422155800.0,2025-04-20,2020-06-30,0.6956521739130435,44.59555555555556,1257031.825396825
2020-03-31,FSLR,USD,1274494,2020-05-08,2020-05-07 18:24:44,2020,Q1,532124000.0,441786000.0,90338000.0,0.1697687005,25613000,0.0,0.0,58587000.0,-2222000.0,88682000.0,530468000.0,9330000.0,6789000.0,56279000.0,57935000.0,0.1088749991,1656000.0,0.0031120566,-79000.0,1577000.0,0.002963595,-89215000.0,90704000.0,0.1704565101,0.86,0.85,105595000,106386000,https://www.sec.gov/Archives/edgar/data/1274494/000127449420000014/0001274494-20-000014-index.htm,https://www.sec.gov/Archives/edgar/data/1274494/000127449420000014/fslr-20200331.htm,5.0392916331265685,0.8589800653440031,-4.781135470429471,-5.846962450873621,14.287560964060798,48.94760168568588,48.20533169184147,48.94760168568588,4.537942137411809,3807755700.000001,3350795700.0000005,10.49500490606809,7.155767640625118,-7.542141447993916,-6.167304870345476,0.7367061665565794,0.7367061665565794,6.297020431328037,57.83715715888496,-6.637026407111619,-5.42718080367989,0.0238208559440932,-0.1621453813331564,0.0913967010936377,0.067978905594231,-7.887460084577544,3.7516544130195855,0.2439239946973044,-5.5660610336920096,0.0,0.0,0.0,0.0481335177515015,0.0112790919050282,-0.222923401153578,0.2115033338094128,1.9997867765951776,0.0135381978636558,30.757321358077665,0.0151085807130319,0.0132014488642524,3.0394289502343863,2015408000.0,5090242000.0,967324000.0,4808672000.0,576491500.0,195921500.0,510803000.0,74.53544662522269,35.39854137523598,106.85241270660455,1.207479180376228,2.542477641831931,0.8422832739127948,0.0175489714666694,1.0658269804441498,2020-05-07,0.27,amc,169027623.0,2025-04-20,2020-03-31,2.148148148148148,47.54395161290322,1999931.983870968
2019-12-31,FSLR,USD,1274494,2020-02-21,2020-02-20 20:34:28,2019,Q4,1399377000.0,1065822000.0,333555000.0,0.2383596415,25427000,0.0,0.0,55643000.0,21873000.0,88421000.0,1154243000.0,9663000.0,3048000.0,55505000.0,-30189000.0,-0.0215731715,-117866000.0,-0.0842274812,27672000.0,-90194000.0,-0.0644529673,-30865000.0,-59408000.0,-0.0424531774,-0.56,-0.56,105425000,105425000,https://www.sec.gov/Archives/edgar/data/1274494/000127449420000011/0001274494-20-000011-index.htm,https://www.sec.gov/Archives/edgar/data/1274494/000127449420000011/fslr10-k12x31x2019.htm,13.273673227412852,-0.5635096039838748,7.414683424235238,5.914602798197771,20.52878349537586,48.344956129950205,47.59556082523121,48.344956129950205,4.503153900877401,5899583000.0,5018539000.0,-24.826551137893883,4.215863916585738,7.547186683263123,9.461328496488637,1.157514753960697,1.157514753960697,3.586266602924016,-166.23733810328264,6.420089472465533,8.048373258150548,-0.0100698642598976,0.1056934023981017,0.0925482761915543,0.0627616443415899,29.184272417105568,2.730854311307472,-38.66994750656168,-13.158042687853488,0.0,0.0,0.0,0.0181702286088738,0.0105120102761037,0.2023121609122763,0.1130117187862884,2.849220790919737,0.0085902512332273,,-0.0124526654945519,-0.0079885067054079,5.009179511501067,2281626000.0,5017762000.0,1180912000.0,5018757000.0,622305999.5,218084500.0,571362000.0,45.8106500249754,18.41516688527728,41.97571451893468,1.9646086652543264,4.887275828705848,2.1440969148816325,-0.011656016451213,1.5000806260374675,2020-02-20,2.79,amc,1884309623.0,2025-04-20,2019-12-31,-0.2759856630824372,54.92078125,1242182.484375
2019-09-30,FSLR,USD,1274494,2019-10-25,2019-10-24 18:46:06,2019,Q3,546806000.0,408443000.0,138363000.0,0.2530385548,24912000,0.0,0.0,53542000.0,-3399000.0,97059000.0,505502000.0,11454000.0,4976000.0,51154000.0,92458000.0,0.1690873911,41304000.0,0.0755368449,4288000.0,45592000.0,0.0833787486,15035000.0,30622000.0,0.0560015801,0.29,0.29,105397000,106227000,https://www.sec.gov/Archives/edgar/data/1274494/000127449419000036/0001274494-19-000036-index.htm,https://www.sec.gov/Archives/edgar/data/1274494/000127449419000036/fslr10-q09x30x2019.htm,5.188060381225272,0.2905395789253963,-3.0135772365437345,-4.747355237815119,14.61664943024944,49.171067487689406,48.400201144245095,49.171067487689406,4.604305625397307,6114079970.0,5715384970.0,49.91574660374894,11.181442723744802,-19.249548110647247,-12.21943526322206,1.1797588086637234,1.1797588086637234,10.452308442116582,61.81601343312639,-17.994298159447393,-11.422614193465863,0.0050084395608584,-0.0818368425756786,0.0926783551436637,0.0680829638508413,-4.31217417638279,4.000349629209024,8.30064308681672,-10.372346678858335,0.0,0.0,0.0,0.0455591196877868,0.011516740572615,-0.575322238383991,0.3341861647458148,3.572252414278453,0.0176040496995278,17.92869705170106,0.0043710043805542,0.0043912330212922,3.704092614116151,2282684000.0,5101236000.0,1171286000.0,4955492000.0,464908999.5,230314500.0,661988500.0,87.61555270059218,48.05546918419461,142.2634737282803,1.0272148862377914,1.872835736033161,0.6326290061769316,0.0059087506895825,1.7337780012713837,2019-10-24,1.15,amc,2168368620.0,2025-04-20,2019-09-30,-0.7478260869565216,64.06890625,1149741.6875
2019-06-30,FSLR,USD,1274494,2019-08-02,2019-08-01 19:05:56,2019,Q2,584956000.0,507774000.0,77182000.0,0.1319449668,24395000,0.0,0.0,50934000.0,-4438000.0,85766000.0,593540000.0,13510000.0,8921000.0,49944000.0,41360000.0,0.0707061728,-8584000.0,-0.014674608,1877000.0,-6707000.0,-0.0114658197,11744000.0,-18548000.0,-0.0317083678,-0.18,-0.18,103044444,105369000,https://www.sec.gov/Archives/edgar/data/1274494/000127449419000032/0001274494-19-000032-index.htm,https://www.sec.gov/Archives/edgar/data/1274494/000127449419000032/fslr10-q06x30x2019.htm,5.676734982431464,-0.180000000776364,0.1316907488966605,-1.602201861557912,19.6917846439154,49.834069656390206,49.02295362960084,49.834069656390206,4.757257945901479,6814329081.719999,6074049081.719999,-91.8472218260729,11.6493019675326,502.1613177391304,-41.274449610049786,1.327003803943196,1.327003803943196,10.383770884852876,146.85805323307542,447.60862798231386,-36.79056730984021,-0.0027219113984026,-0.0242280638372586,0.0937247084977889,0.0674279929395681,-17.89845261121857,4.046210271557976,-0.9622239659231028,-0.7316152684925599,0.0,0.0,0.0,0.0417039914113198,0.0117096189347792,13.166396462785556,0.3054383577568227,3.5773666506487265,0.0183996745054328,,-0.003728043482746,-0.0026293458701209,6.441344377577504,2568927000.0,5051543000.0,1409563000.0,4963499000.0,533154000.0,232139500.0,598855500.0,61.15829224762204,42.98898722660081,120.2334306207092,1.4715911234996817,2.093559439434982,0.7485438911238905,-0.0036119867796765,1.7338926104545724,2019-08-01,-0.02144,amc,97492666.0,2025-04-20,2019-06-30,7.3955223880597,60.16920634920635,1265470.7936507936
2019-03-31,FSLR,USD,1274494,2019-05-03,2019-05-02 17:49:59,2019,Q1,531978000.0,531866000.0,112000.0,0.000210535,21877000,0.0,0.0,45352000.0,3509000.0,76751000.0,608617000.0,14259000.0,10121000.0,48872000.0,-15191000.0,-0.0285556922,-76639000.0,-0.1440642282,7819000.0,-68820000.0,-0.129366252,-1394000.0,-67599000.0,-0.1270710443,-0.64,-0.64,105046000,105046000,https://www.sec.gov/Archives/edgar/data/1274494/000127449419000016/0001274494-19-000016-index.htm,https://www.sec.gov/Archives/edgar/data/1274494/000127449419000016/fslr10-q03x31x2019.htm,5.064238524075167,-0.64351807779449,-2.888639262799155,-4.308664775431716,20.15511299811511,48.82776117129639,48.00809169316299,48.82776117129639,5.529368086362165,5684039060.0,5241354060.0,-21.02116547582065,10.684725796931453,-18.732003229633538,-12.55841491975396,1.108181057291826,1.108181057291826,9.852576723097572,-345.03021920874204,-17.273115146322173,-11.5803389688207,-0.0118927754166418,-0.0796278834860786,0.1112690750007652,0.0786444563441876,29.14126785596735,4.378668190447045,-7.572275466851102,4.488823799168626,0.0,0.0,0.0,0.0411238810627507,0.011864941161037,-0.4915897706301081,0.2804025730387346,3.052218038958913,0.0094346006789754,,-0.011649451373179,-0.0094269514112954,7.146742855510919,2826310000.0,5043058000.0,1535061000.0,5077334000.0,643390000.0,227512500.0,482090000.0,113.14905879566447,37.52151857798769,87.88412870911094,0.7954109469220659,2.3986236008262,1.0240756928693282,-0.0131793484353483,1.420025512632561,2019-05-02,-0.13,amc,116370187.0,2025-04-20,2019-03-31,3.923076923076923,50.34393442622951,1536553.31147541
2018-12-31,FSLR,USD,1274494,2019-02-22,2019-02-21 19:54:11,2018,Q4,691241000.0,592931000.0,98310000.0,0.1422224665,21388000,0.0,0.0,51338000.0,32102000.0,87302000.0,680233000.0,14643000.0,11476000.0,41544000.0,52552000.0,0.076025583,11008000.0,0.0159249813,37177000.0,48185000.0,0.06970796,-4416000.0,52116000.0,0.0753948334,0.5,0.49,104845000,105819000,https://www.sec.gov/Archives/edgar/data/1274494/000127449419000004/0001274494-19-000004-index.htm,https://www.sec.gov/Archives/edgar/data/1274494/000127449419000004/fslr10-k12x31x2018.htm,6.592980113500882,0.4970766369402451,-1.7692689207878296,-3.001735895846249,24.29554103676856,49.71532261910439,48.87003672087367,49.71532261910439,4.561657685154275,4451194475.0,3514423475.0,21.352341291541943,6.439424853271146,-23.99578690451161,-14.143482795654508,0.8539620737306766,0.8539620737306766,5.084223121892364,66.87516126883848,-18.945781244103745,-11.166932434536426,0.0117083179116769,-0.07070394290063,0.0895538967343852,0.0655479948919883,-17.82560130917948,4.565013951034766,0.9592192401533636,-3.559348376698135,0.0,0.0,0.0,0.0309414516789368,0.0124448104168837,-0.6965967471522757,0.1869362494412224,3.110388985172347,0.0106576432821548,23.58023156942767,0.0019130614597203,0.007410485077078,12.630018121989604,3014066000.0,5123779000.0,1950564000.0,5167541000.0,614896000.0,193944500.0,396152000.0,80.46020129014337,35.410241663869826,67.5181766512461,1.118565434300315,2.541637553742815,1.3329743850293827,0.0099984594437536,1.2324669750584196,2019-02-21,0.64,amc,902845387.0,2025-04-20,2018-12-31,-0.234375,43.89626984126984,1769925.6984126985
2018-09-30,FSLR,USD,1274494,2018-10-26,2018-10-25 17:58:06,2018,Q3,676220000.0,547093000.0,129127000.0,0.1909541274,22390000,0.0,0.0,33539000.0,-5971000.0,70652000.0,617745000.0,16456000.0,3198000.0,34428000.0,92903000.0,0.137385762,58475000.0,0.0864733371,4904000.0,63379000.0,0.0937254148,2396000.0,57750000.0,0.0854012008,0.55,0.54,104804000,106163000,https://www.sec.gov/Archives/edgar/data/1274494/000127449418000046/0001274494-18-000046-index.htm,https://www.sec.gov/Archives/edgar/data/1274494/000127449418000046/fslr10-q09x30x2018.htm,6.452234647532537,0.5510285866951643,-2.148448532498759,-4.419325598259609,26.047975268119536,49.339309568337086,48.48965688332506,49.339309568337086,4.477892065188351,5133299920.0,4164519920.0,22.222077575757577,7.5911684363077105,-22.79784656653313,-11.0831390244903,0.9927175801307184,0.9927175801307184,6.158528171305196,44.82653864783699,-18.49533197729675,-8.991477989390344,0.0112500732277493,-0.0902271457382525,0.0901386339124459,0.0656986942803318,-10.4278656232845,4.4761122066290095,18.284865540963104,-3.898978354978355,0.0,0.0,0.0,0.0331105261601254,0.0125514567157489,-1.056984624676905,0.3519520274466889,6.912890670384571,0.0111664842802638,24.732889549120813,0.0090326684451506,0.0082435135324947,13.729845711995726,3017905000.0,5081910000.0,1962491000.0,5088574000.0,474748000.0,157870500.0,327049000.0,81.42895803140989,25.432933705969557,57.163480432028926,1.1052579104018987,3.538718774660095,1.57443177566866,0.0111681454709447,2.270877065760849,2018-10-25,0.41,amc,513426296.0,2025-04-20,2018-09-30,0.3170731707317075,51.90111111111111,1361998.7142857143
2018-06-30,FSLR,USD,1274494,2018-07-27,2018-07-26 18:04:23,2018,Q2,309318000.0,317376000.0,-8058000.0,-0.0260508603,20370000,0.0,0.0,50854000.0,-4328000.0,95576000.0,412952000.0,16865000.0,6065000.0,30345000.0,-59082000.0,-0.1910073129,-103634000.0,-0.3350403145,8894000.0,-94740000.0,-0.306286734,-6164000.0,-48491000.0,-0.1567674691,-0.46,-0.46,104776000,104776000,https://www.sec.gov/Archives/edgar/data/1274494/000127449418000040/0001274494-18-000040-index.htm,https://www.sec.gov/Archives/edgar/data/1274494/000127449418000040/fslr10-q06x30x2018.htm,2.952183706192258,-0.4628063678705047,1.2325532564709476,-0.6275864701840116,29.920134381919524,48.77861342292128,47.904777811712606,48.77861342292128,4.412842635718103,5517504160.0,3949308160.0,-28.446021735992243,17.837643331458242,42.72432020566508,-83.9087560070564,1.079571482350805,1.079571482350805,12.767792886285312,-66.84452388206222,30.58112898979418,-60.06004258166555,-0.0087885751589537,-0.0119177073715156,0.0892800540342973,0.0649466273215506,26.54270336142988,4.888375447013289,-17.08722176422094,-2.663215854488462,0.0,0.0,0.0,0.0658545574457354,0.0130317412149579,1.5091759458580478,0.6300894225360308,6.422738507167573,0.0342172133532481,,-0.0155823430187686,-0.0069930856552403,15.524645434068873,3170628000.0,5019271000.0,2071176000.0,5062926000.0,396147000.0,149018000.0,273028000.0,98.25082924369096,45.69504310344828,86.94759528130672,0.9160228029910416,1.9695790590732225,1.0351062580720911,-0.0094878951121031,1.860139726654959,2018-07-26,-0.02118,amc,13448608.0,2025-04-20,2018-06-30,20.718602455146364,65.410625,2526856.15625
2018-03-31,FSLR,USD,1274494,2018-04-27,2018-04-26 19:48:05,2018,Q1,567265000.0,394467000.0,172798000.0,0.3046160084,20324000,0.0,0.0,41126000.0,17934000.0,98534000.0,493001000.0,11824000.0,5182000.0,24419000.0,98683000.0,0.1739627864,74264000.0,0.1309158859,22059000.0,96323000.0,0.1698024733,11625000.0,82951000.0,0.1462297163,0.79,0.78,104550000,106305000,https://www.sec.gov/Archives/edgar/data/1274494/000127449418000023/0001274494-18-000023-index.htm,https://www.sec.gov/Archives/edgar/data/1274494/000127449418000023/fslr10-q03x31x18.htm,5.425777140124342,0.7934098517455763,-0.4331516021042563,-2.1330559540889524,27.532032520325203,49.348359636537545,48.44860832137733,49.348359636537545,4.2377905308464845,7420959000.0,6000500000.0,22.365489867512142,13.08199695027897,-163.86872322572097,-33.276201622341496,1.4383456820608558,1.4383456820608558,10.57794857782518,60.80581255130063,-132.502318597359,-26.906744510360475,0.0111779353584893,-0.0300515068200754,0.0848706169802481,0.0640156288079174,-14.394161101709514,6.808813915606297,14.331146275569278,-0.5459367578449928,0.0,0.0,0.0,0.035828052144941,0.0137523977773128,-3.924502053614803,0.3133015433703824,7.278144068143659,0.0152521308383207,29.68085545970726,0.0103776106096848,0.0122961050203672,15.861714490674318,3216561000.0,5065302000.0,2089481000.0,4977415000.0,443994000.0,128558500.0,220327000.0,72.12803539791808,31.233867471803723,54.630577462753536,1.2477811090165611,2.8814875417284527,1.6474290439518218,0.0160777350572385,1.6999043519846964,2018-04-26,-0.08,amc,58181025.0,2025-04-20,2018-03-31,-10.75,68.05918032786884,1952861.9672131147
2017-12-31,FSLR,USD,1274494,2018-02-23,2018-02-22 21:45:51,2017,Q4,339181000.0,277111000.0,62070000.0,0.1829996374,23583000,0.0,0.0,54997000.0,-1215000.0,99068000.0,376179000.0,13340000.0,6073000.0,25761000.0,463000.0,0.0013650529,-35071000.0,-0.1033990701,2578000.0,-32493000.0,-0.0957984085,398765000.0,-432454000.0,-1.2749947668,-4.14,-4.14,104448000,104448000,https://www.sec.gov/Archives/edgar/data/1274494/000127449418000011/0001274494-18-000011-index.htm,https://www.sec.gov/Archives/edgar/data/1274494/000127449418000011/fslr10-k12x31x2017.htm,3.247367110906863,-4.140376072303922,4.154775582107843,2.2473383884803924,28.616277956495097,48.815649892769606,47.90908394607843,48.815649892769606,3.825951669730392,7052328960.0,5177334960.0,-4.076924343398373,20.79222880998641,16.25117859332009,30.04442959996592,1.3831629845821394,1.3831629845821394,15.264224588051809,11182.148941684663,11.93049779010872,22.056554168619265,-0.0613207356680083,0.0332840401137498,0.077184425746421,0.057329731614869,-4049.663066954643,5.894069595064249,-5.774905318623415,-1.0034778265434012,0.0,0.0,0.0,0.0695292483953995,0.0137940106644314,0.4590951198042207,0.5873795996827652,7.733705989674314,0.028285782517299,,-0.0747473353018427,-0.0638797650510826,15.7852783203125,3182496000.0,5004008000.0,2066968000.0,4848830000.0,620797500.0,125462000.0,219828500.0,114.9923197348908,39.04500362670554,65.34890350798055,0.782660965597447,2.3050324405257028,1.377222802047612,-0.0848165717633348,1.907437193627451,2018-02-22,-0.32,amc,420584440.0,2025-04-20,2017-12-31,-0.21875,58.6484126984127,2350565.634920635
2017-09-30,FSLR,USD,1274494,2017-10-27,2017-10-26 18:02:50,2017,Q3,1087026000.0,795226000.0,291800000.0,0.2684388414,20850000,0.0,0.0,50546000.0,2018000.0,84020000.0,879246000.0,8392000.0,4149000.0,28612000.0,236392000.0,0.2174667395,206989000.0,0.1904177085,2293000.0,209282000.0,0.1925271337,7580000.0,205747000.0,0.1892751415,1.97,1.95,104432000,105660000,https://www.sec.gov/Archives/edgar/data/1274494/000127449417000045/0001274494-17-000045-index.htm,https://www.sec.gov/Archives/edgar/data/1274494/000127449417000045/fslr10-q09x30x17.htm,10.40893595832695,1.9701528267197792,5.5670579898881565,4.632220009192585,26.03241343649456,52.78454879730351,51.86311666922016,52.78454879730351,4.00030641948828,4791340160.0,3185878160.0,5.821883381045653,4.407751203743056,8.241336821591425,9.904538193123749,0.8691937516825715,0.8691937516825715,2.93082056914922,13.477098040542828,5.479864528990555,6.585767418015843,0.0429414303992977,0.1009638188577285,0.0750328895093893,0.0586291990310563,-6.791524247859488,6.850392993642673,49.888888888888886,2.825698552105256,0.0,0.0,0.0,0.0191807739649281,0.0136401399749074,0.1679231619993154,0.0898110992745343,3.4120998182580737,0.0092950858581119,48.372064566783294,0.0307425097912244,0.0295678674006598,18.210060134824573,3387477000.0,5416169000.0,2424197000.0,4878306000.0,723079000.0,124389500.0,304533500.0,66.91683547587638,14.792474089126864,26.98632841481541,1.3449530205660298,6.084174929611947,3.335022038440408,0.0373244229913816,0.9348379806955722,2017-10-26,0.84,amc,864768003.0,2025-04-20,2017-09-30,1.3214285714285714,46.37238095238095,2283329.0
2017-06-30,FSLR,USD,1274494,2017-07-28,2017-07-27 20:12:11,2017,Q2,623326000.0,512433000.0,110893000.0,0.1779053016,21341000,0.0,0.0,48957000.0,-2699000.0,78679000.0,591112000.0,7555000.0,6374000.0,27972000.0,60186000.0,0.0965562162,13928000.0,0.0223446479,-3962000.0,9966000.0,0.0159884234,-40028000.0,51963000.0,0.0833640824,0.5,0.5,104338000,104611000,https://www.sec.gov/Archives/edgar/data/1274494/000127449417000039/0001274494-17-000039-index.htm,https://www.sec.gov/Archives/edgar/data/1274494/000127449417000039/fslr10-q06x30x17.htm,5.974103394736337,0.4980256474151316,-1.6082731123847496,-2.6099120167149072,21.364076367191245,50.713153405279,49.77106135827791,50.713153405279,3.8087178209281376,4160999440.000001,3042503440.0000005,20.019049323557148,6.675478706166597,-24.79678339014565,-15.280208583505011,0.7863837549460825,0.7863837549460825,4.881078985955985,50.551680457249205,-18.131292698624588,-11.172817456382914,0.0124881055018839,-0.0654441328163216,0.0738985381500116,0.058533422072049,-18.58398963214037,6.82132706689319,2.185127078757452,-3.229297769566807,0.0,0.0,0.0,0.0342373011875006,0.0147143400746614,-0.6228039856022503,0.167663469837613,3.7362004862004863,0.0134311740565931,23.838417497505084,0.0112874092125854,0.0078947248476524,14.413416013341257,2933064000.0,5193013000.0,2047935000.0,4277914000.0,443617000.0,130765000.0,418245500.0,92.1089125112702,20.73783304353935,65.09299752357869,0.9771041427612974,4.339894135083633,1.3826372025254978,0.0098204432967343,1.0016389043301577,2017-07-27,0.03785,amc,38957875.0,2025-04-20,2017-06-30,15.908850726552178,33.98428571428571,3345647.285714286
2017-03-31,FSLR,USD,1274494,2017-05-05,2017-05-04 19:48:28,2017,Q1,891791000.0,807607000.0,84184000.0,0.0943987997,22799000,0.0,0.0,48199000.0,25861000.0,72148000.0,879755000.0,6417000.0,9169000.0,32968000.0,45004000.0,0.0504647389,-7995000.0,-0.0089651051,23355000.0,15360000.0,0.0172237666,5679000.0,9129000.0,0.0102367034,0.09,0.09,104103000,104410000,https://www.sec.gov/Archives/edgar/data/1274494/000127449417000023/0001274494-17-000023-index.htm,https://www.sec.gov/Archives/edgar/data/1274494/000127449417000023/fslr10-q03x31x17.htm,8.56642940165029,0.0876919973487795,4.737077701891396,3.6516815077375298,23.49295409354197,50.2176306158324,49.25354696790679,50.2176306158324,2.75238946043822,2821191300.0,1442309300.0,77.25904534998358,3.163511742101008,5.720826573982448,7.421238665688108,0.5396511079408838,0.5396511079408838,1.6173176226268262,32.04846902497556,2.924722393459111,3.7940431565351664,0.0032358670608405,0.134748395119466,0.053055335259189,0.0419960442140763,-30.639098746778064,6.318625711743266,-0.8719598647616971,54.019498302114144,0.0,0.0,0.0,0.0255654071413593,0.0151962986465446,0.229127800399072,0.1267034540604244,3.4273537976219366,0.0079065610664382,9.954039252663977,-0.0008275649126838,0.0014035677896797,14.30220070507094,2803187000.0,5127442000.0,1953541000.0,4047392000.0,379413500.0,146092500.0,445933000.0,25.15968427580005,15.986674211590538,51.91682340544349,3.577151406727584,5.629688752570493,1.7335421178824182,0.001746239244532,1.0853961941538668,2017-05-02,-0.13,amc,463731320.0,2025-04-20,2017-03-31,-2.923076923076923,32.79395161290322,2928782.580645161
2016-12-31,FSLR,USD,1274494,2017-02-22,2017-02-22 10:15:31,2016,Q4,480434000.0,416845000.0,63589000.0,0.1323574102,29471000,0.0,0.0,70370000.0,-8473000.0,100055000.0,516900000.0,6364000.0,3182000.0,58719000.0,-714550000.0,-1.4873010653,-765412000.0,-1.5931678441,-11039000.0,-776451000.0,-1.6161449856,89707000.0,-719860000.0,-1.498353572,-6.93,-6.92,103842098,103970000,https://www.sec.gov/Archives/edgar/data/1274494/000127449417000006/0001274494-17-000006-index.htm,https://www.sec.gov/Archives/edgar/data/1274494/000127449417000006/fslr10-k12x31x2016.htm,4.62658217864589,-6.932255933426923,2.9595511446619653,2.443536916983322,18.828067206423352,50.19820574118216,49.21178499301892,50.19820574118216,1.8448201999924925,3332292924.82,2173525924.82,-1.1572711794029396,6.936005621625448,10.842860431008116,13.132602899086477,0.6392658766620747,0.6392658766620747,4.524088480040963,-3.041810824742845,7.072378922772561,8.565889465756557,-0.2160254264078193,0.0761463669985454,0.0361402861902124,0.0274329629793047,1.6216737807011403,4.208725729598636,-240.54431175361407,-0.4415076937664043,0.0,0.0,0.0,0.061342452865534,0.0149160947825558,0.1743555703064498,0.1115324893741908,0.912549600640338,0.0088357609994296,,-0.1479004189641057,-0.1064129053106079,8.626185980949653,2886913000.0,5110255000.0,2132094000.0,4067088000.0,539178000.0,175282500.0,436511500.0,95.44963512157756,32.1119360913529,91.97555446268996,0.9429056474167116,2.8026961608283467,0.9785208746581532,-0.1380976835938931,0.5160142276786434,2017-02-21,0.97,amc,375823370.0,2025-04-20,2016-12-31,0.2783505154639175,35.09984126984127,3357450.936507937
2016-09-30,FSLR,USD,1274494,2016-11-03,2016-11-02 19:29:11,2016,Q3,688029000.0,501749000.0,186280000.0,0.2707444018,32173000,0.0,0.0,60345000.0,6419000.0,93270000.0,595019000.0,5894000.0,5563000.0,57142000.0,134780000.0,0.1958929057,88696000.0,0.1289131708,19826000.0,93150000.0,0.1353867352,-50522000.0,154146000.0,0.2240399751,1.49,1.49,103339000,103733000,https://www.sec.gov/Archives/edgar/data/1274494/000127449416000101/0001274494-16-000101-index.htm,https://www.sec.gov/Archives/edgar/data/1274494/000127449416000101/fslrseptember30201610q.htm,6.657980046255528,1.4916536835076786,-0.7334307473461132,-1.1759451901024782,20.22667144059842,57.53644800123864,56.07258634203931,57.53644800123864,7.671063199760013,4080857110.0,3453795110.0,6.618493360190988,5.931228349386436,-53.84284766202238,-33.58149710749582,0.6863475478908581,0.6863475478908581,5.019839439907329,25.62542743730524,-45.56938872176483,-28.42138486352153,0.0377729471640333,-0.0297783031173076,0.1323896579057442,0.0973281517769045,-4.652485531978038,2.462416614795172,15.94391515369405,-0.4916896967809739,0.0,0.0,0.0,0.0467611103601737,0.0187042976584079,-0.6033486383787207,0.066463768242327,0.8002695040425606,0.0085694062314233,43.94371659785278,0.0187237195210557,0.0194226944102769,5.791039684920504,2058094000.0,5794485000.0,1323517000.0,3962951000.0,555429000.0,232448500.0,462164000.0,74.40789559742394,36.20365959872366,80.18455442860872,1.2095490576287158,2.4859365323160008,1.1224106767361328,0.0259253696626452,0.442514442756365,2016-11-02,0.74,amc,598306297.0,2025-04-20,2016-09-30,0.6486486486486487,41.411640625,3326498.75
2016-06-30,FSLR,USD,1274494,2016-08-04,2016-08-03 18:10:11,2016,Q2,934381000.0,743216000.0,191165000.0,0.2045899906,32931000,0.0,0.0,63776000.0,6753000.0,96762000.0,839978000.0,6529000.0,7151000.0,56704000.0,141993000.0,0.1519647767,8871000.0,0.0094939859,-12998000.0,12279000.0,0.0131413203,9047000.0,13408000.0,0.0143496069,0.13,0.13,102287000,103875000,https://www.sec.gov/Archives/edgar/data/1274494/000127449416000087/0001274494-16-000087-index.htm,https://www.sec.gov/Archives/edgar/data/1274494/000127449416000087/fslrjune30201610q.htm,9.13489495243775,0.13108215120201,-0.7359195205646857,-1.5022436868810307,16.301573024920078,56.7486093051903,55.31044023189653,56.7486093051903,2.352019318192928,4958873760.0,4275643760.0,92.46110083532218,5.307121784368475,-65.8767686482896,-32.271728231159706,0.8542940627721419,0.8542940627721419,4.575910426260808,30.1116517011402,-56.80031564264364,-27.8253531172719,0.0027038397525167,-0.0309868747293942,0.0402143455801345,0.0309423888059681,-4.811716070510518,3.231646304891973,1.2405258005873303,-5.614185560859188,0.0,0.0,0.0,0.0352436532849019,0.0194996831927805,-1.0413151776818332,0.0838897623132319,1.3823539785553047,0.0075911218228966,12.937210679762153,0.0003504073325932,0.0018126478150212,5.604175017353134,2124592000.0,5657539000.0,1337246000.0,3950724000.0,489184500.0,269026500.0,538155000.0,52.20828548525708,31.855584379238337,57.79880949818087,1.7238643093425234,2.825250321217052,1.557125497590614,0.0023098742472623,0.7663241663163451,2016-08-03,0.58,amc,590700632.0,2025-04-20,2016-06-30,0.5000000000000001,53.2784375,2029686.6875
2016-03-31,FSLR,USD,1274494,2016-04-28,2016-04-27 19:19:31,2016,Q1,848484000.0,585539000.0,262945000.0,0.3098997742,30187000,0.0,0.0,67503000.0,35553000.0,97690000.0,683229000.0,6406000.0,4642000.0,58375000.0,238296000.0,0.280849138,165255000.0,0.1947650162,43746000.0,199332000.0,0.2349272349,33764000.0,170565000.0,0.2010232367,1.67,1.66,101853000,102745000,https://www.sec.gov/Archives/edgar/data/1274494/000127449416000074/0001274494-16-000074-index.htm,https://www.sec.gov/Archives/edgar/data/1274494/000127449416000074/fslrmarch31201610q.htm,8.330476274631087,1.674619304291479,0.4957536842311959,-0.0123707696385968,18.46288278204864,56.34537028855311,54.460251538982654,56.34537028855311,2.984536537951754,6973874910.0,6186936910.0,10.22172618942925,8.219217934575077,138.11294232978176,-5534.821357142857,1.2151841340176637,1.2151841340176637,7.2917543642543645,25.96324281565784,122.5281599794035,-4910.2673888888885,0.0244577085481448,-0.0001806743046384,0.0521597610710679,0.0395025514698284,-3.302355054218283,3.076842187366381,35.59995691512279,0.2960396329844927,0.0,0.0,0.0,0.035577571291857,0.0253378657019877,1.024953459817008,0.0609958467101324,0.8865781584582441,0.0135276563847992,46.07638774724976,0.0207730870385661,0.0230936891736882,6.562570567386332,2210028000.0,5546940000.0,1435313000.0,3782668000.0,498071000.0,306329500.0,558161500.0,46.28346556917985,42.26736391598168,92.07055379744132,1.9445389167212872,2.1293024135335337,0.9775112268576484,0.0297206193821338,0.5081244538697928,2016-04-27,0.93,amc,677418676.0,2025-04-20,2016-03-31,0.7849462365591396,67.02803278688525,2381505.7540983604
2015-12-31,FSLR,USD,1274494,2016-02-24,2016-02-24 08:28:26,2015,Q4,942324000.0,710886000.0,231438000.0,0.245603423,36728000,0.0,0.0,62887000.0,-1773000.0,99615000.0,810501000.0,6072000.0,4180000.0,63902000.0,195725000.0,0.2077045687,131823000.0,0.1398913749,17022000.0,130055000.0,0.1380151625,-15290000.0,164135000.0,0.1741810672,1.62,1.6,101400000,102293000,https://www.sec.gov/Archives/edgar/data/1274494/000127449416000067/0001274494-16-000067-index.htm,https://www.sec.gov/Archives/edgar/data/1274494/000127449416000067/fslr10-k12x31x2015.htm,9.293136094674557,1.6186883629191322,0.5236390532544378,0.2557100591715976,18.05009861932939,54.7188067061144,52.79585798816568,54.7188067061144,2.895414201183432,6691385999.999999,5853974999.999999,10.19189386785268,7.100939804143796,126.02192214249392,258.06571792201777,1.2059839015573073,1.2059839015573073,6.212274122276414,29.90918380380636,110.25057912876431,225.76940877010293,0.0245292978166257,0.0038749819544112,0.0521610666114924,0.0395573956399731,-4.278508110869843,3.4820836802664448,31.5366028708134,0.3234959027629695,0.0,0.0,0.0,0.0389759785381673,0.0266509265368119,0.511667325837618,0.0288308479885899,0.425151012487872,0.0124723555804585,44.6417478609451,0.0230418500034483,0.0230483178456201,7.307125246548323,2384786000.0,5353500000.0,1577742000.0,3957650000.0,564923000.0,320630500.0,500444000.0,53.465686961172594,42.74963918265376,65.49315924072215,1.6833226152197214,2.1052809268275348,1.3741893205854097,0.0295819382833554,0.2679289940828402,2016-02-23,0.76,amc,920027934.0,2025-04-20,2015-12-31,1.105263157894737,56.06421875,2146397.296875
2015-09-30,FSLR,USD,1274494,2015-11-09,2015-11-09 16:45:21,2015,Q3,1271245000.0,786880000.0,484365000.0,0.3810162479,29630000,0.0,0.0,53716000.0,-1678000.0,86544000.0,873424000.0,5322000.0,1775000.0,64766000.0,462587000.0,0.3638850104,397821000.0,0.312938104,-49000.0,395964000.0,0.3114773313,49644000.0,346205000.0,0.2723353877,3.43,3.38,100906000,102299000,https://www.sec.gov/Archives/edgar/data/1274494/000127449415000042/0001274494-15-000042-index.htm,https://www.sec.gov/Archives/edgar/data/1274494/000127449415000042/fslrseptember30201510q.htm,12.5983093175827,3.4309654529958573,0.2081343032128912,-0.239401026698115,17.932699740352408,53.72173111608824,51.7649099161596,53.72173111608824,2.846728638534874,4313731500.0,3409505500.0,3.115012420386765,3.3933124614059444,205.39622416912675,-178.57066274785777,0.7957673573031511,0.7957673573031511,2.682020774909636,7.370517329713113,162.34194362441673,-141.13944198369003,0.0802565018244645,-0.0056000240163301,0.0526628228624873,0.0404321590019717,-1.9547155454001088,3.646189439120069,224.12450704225355,0.0599906309270811,0.0,0.0,0.0,0.0233078596179336,0.027965587265294,2.1502237882106465,0.0355234435533669,0.6972639965413951,0.0096071174321236,64.39830416652838,0.0560927243096324,0.05044376613955,8.315085326937941,2359623000.0,5223390000.0,1611532000.0,3980552000.0,458616000.0,288436500.0,529955000.0,40.35739766921404,34.72368086620577,55.30925935339568,2.230074415047207,2.591891117384129,1.627213979217288,0.0638655043632496,0.4475353299110063,2015-11-09,1.55,amc,852554305.0,2025-04-20,2015-09-30,1.1806451612903224,46.26015625,2192554.25
2015-06-30,FSLR,USD,1274494,2015-08-05,2015-08-04 19:30:31,2015,Q2,896217000.0,731734000.0,164483000.0,0.183530328,29479000,0.0,0.0,70901000.0,-792000.0,107350000.0,839084000.0,6058000.0,826000.0,65897000.0,123030000.0,0.1372770211,57133000.0,0.0637490697,3412000.0,59221000.0,0.0660788626,-33340000.0,94490000.0,0.105432055,0.94,0.93,100852000,101607000,https://www.sec.gov/Archives/edgar/data/1274494/000127449415000033/0001274494-15-000033-index.htm,https://www.sec.gov/Archives/edgar/data/1274494/000127449415000033/fslrjune30201510q.htm,8.886457383096023,0.9369174632134216,-0.1695851346527584,-0.5539999206758418,17.601643993178122,49.98879546265815,48.00133859516916,49.98879546265815,2.979722762067188,4738026960.0,3962567960.0,12.53578939570325,5.2866961461342505,-277.0289984213296,-84.801456185567,0.93981060285988,0.93981060285988,4.421438066896745,32.2081440299114,-231.6884733672455,-70.92225014318443,0.0199429004515415,-0.0117922503336705,0.0594439716987307,0.0440466768227484,-6.303007396569942,3.452775222156706,69.1682808716707,-0.1810032807704519,0.0,0.0,0.0,0.0328927034412424,0.0294598390165502,-2.2667952990703384,0.0432584965471532,0.5883272379622745,0.009879303784686,32.46222338756676,0.0150545495970725,0.0143093688885335,5.566404235910047,2242099000.0,4841031000.0,1393871000.0,3842002000.0,341495000.0,238017500.0,596446500.0,34.86514984652155,33.61221427458612,70.88662000125728,2.581374248961652,2.677598067915691,1.2696331126861982,0.0187425492961378,0.3844147860230833,2015-08-04,0.42,amc,346922709.0,2025-04-20,2015-06-30,0.2380952380952382,55.86277777777778,1975571.857142857
2015-03-31,FSLR,USD,1274494,2015-05-01,2015-04-30 19:53:14,2015,Q1,469209000.0,430228000.0,38981000.0,0.0830781166,34756000,0.0,0.0,67688000.0,-1259000.0,109094000.0,539322000.0,5064000.0,194000.0,63260000.0,-6853000.0,-0.0146054317,-70113000.0,-0.14942808,3216000.0,-68098000.0,-0.1451336185,-5980000.0,-62292000.0,-0.1327596018,-0.62,-0.62,99863934,100375000,https://www.sec.gov/Archives/edgar/data/1274494/000127449415000012/0001274494-15-000012-index.htm,https://www.sec.gov/Archives/edgar/data/1274494/000127449415000012/fslrmarch1510q.htm,4.698483037930391,-0.6237687371699177,-4.184844150041196,-4.739018192493798,14.866047636376912,49.93901001336479,47.90274935493729,49.93901001336479,2.43033686215486,5970864613.86,5433465613.86,-23.963208011702942,12.725383813737588,-14.287270411112306,-12.6165373441069,1.197260417937778,1.197260417937778,11.580054120573134,-792.8594212549248,-13.001365382577797,-11.48100421939876,-0.010432659929251,-0.0792610502173239,0.0486271998229033,0.0363327107810808,78.41806508098642,3.197973207595445,-361.4072164948454,6.708967443652475,0.0,0.0,0.0,0.0740736004637592,0.0304657575785723,-0.1324240575236591,0.1179474392008678,0.8748340183370218,0.025743325469034,,-0.0111579326160399,-0.0096258494203273,3.5763261639582518,2164797000.0,4783757000.0,1462135000.0,3782312000.0,274104500.0,208705500.0,623364500.0,64.41129645850783,42.41460341958218,128.9786345844529,1.3972704315612678,2.121910680377796,0.6977899889385913,-0.0124906107870977,0.5541740424526036,2015-04-30,-0.18,amc,360401050.0,2025-04-20,2015-03-31,2.4444444444444446,51.34827868852459,3241804.950819672
2014-12-31,FSLR,USD,1274494,2015-02-25,2015-02-24 20:34:49,2014,Q4,1007993000.0,699611000.0,308382000.0,0.3059366484,34944000,0.0,0.0,70968000.0,5213000.0,109161000.0,808772000.0,4326000.0,4326000.0,62659000.0,270665000.0,0.2685187298,199221000.0,0.1976412535,4642000.0,206132000.0,0.2044974519,10545000.0,191959000.0,0.1904368384,1.91,1.89,100246000,101509000,https://www.sec.gov/Archives/edgar/data/1274494/000127449415000006/0001274494-15-000006-index.htm,https://www.sec.gov/Archives/edgar/data/1274494/000127449415000006/fslrdec1410-k.htm,10.055194222213355,1.914879396684157,9.25718731919478,8.525986074257327,19.86199948127606,50.15149731660116,48.11429882489077,50.15149731660116,2.2070406799273785,4470470370.0,3205337370.0,5.822168236446324,4.435021245187219,4.817337973439541,5.230480042026639,0.889205754286386,0.889205754286386,3.1799202673034435,11.842452367317533,3.454042226475114,3.750266024411019,0.0429393294468921,0.1911870405708561,0.0431470036620681,0.0322586017956293,-4.67416548131454,3.1869730775070524,46.052011095700415,4.8343448340531054,0.0,0.0,0.0,0.0346669074090792,0.0303699684092606,0.0789874094284889,0.0727187589596356,1.169823967825851,0.0116478983485004,46.484046196511954,0.0327338507679101,0.0294405800542251,7.666373221874189,2189370000.0,4823266000.0,1493514000.0,3842288000.0,517050500.0,217326500.0,588246000.0,18.9648638433005,27.613974051294218,81.06703582419372,4.745618041006567,3.259219402206321,1.1101923128801547,0.0381818988293753,0.7312012449374539,2015-02-24,0.76,amc,405330518.0,2025-04-20,2014-12-31,1.4868421052631575,50.948125,2676839.3125
2014-09-30,FSLR,USD,1274494,2014-11-07,2014-11-06 17:46:42,2014,Q3,889310000.0,700023000.0,189287000.0,0.2128470387,37593000,0.0,0.0,66528000.0,-6821000.0,105527000.0,805550000.0,4297000.0,89000.0,59827000.0,143702000.0,0.1615881976,83760000.0,0.0941853797,-990000.0,81316000.0,0.0914371816,-7108000.0,88424000.0,0.0994298951,0.88,0.87,100197000,101415000,https://www.sec.gov/Archives/edgar/data/1274494/000127449414000042/0001274494-14-000042-index.htm,https://www.sec.gov/Archives/edgar/data/1274494/000127449414000042/fslrsept1410qdraft.htm,8.875615038374402,0.8825014720999631,-0.4711817719093386,-1.180065271415312,11.132049861772307,47.83792927931974,45.79761869117838,47.83792927931974,2.179127119574438,6593964570.0,6189694570.0,18.643028391613136,7.414697428343322,-139.67008896231812,-55.76810164159034,1.375686635927395,1.375686635927395,6.960109039592493,43.073127513882895,-131.1070422147381,-52.349009802180326,0.0134098385063054,-0.0179313975294835,0.0455337198378458,0.0338904594660148,-2.813252425157618,3.5410091958827525,941.123595505618,-0.5339161313670496,0.0,0.0,0.0,0.0422720985932914,0.0317444814046808,-1.5044798881616572,0.0798686622212726,1.1872231601116552,0.01193846915024,30.82017955418667,0.0163349082276499,0.0141806915572892,3.5738944279768856,2334354000.0,4588784000.0,1606289000.0,3971117000.0,812253500.0,203763500.0,495192000.0,83.15732421765189,28.284399226882545,70.23896357691105,1.0822859062232262,3.181966117719787,1.2813400912650257,0.018447735623069,0.7088834995059732,2014-11-06,0.64,amc,654205057.0,2025-04-20,2014-09-30,-0.046875,67.688734375,2207563.453125
2014-06-30,FSLR,USD,1274494,2014-08-06,2014-08-05 19:03:20,2014,Q2,544353000.0,451628000.0,92725000.0,0.1703398346,32659000,0.0,0.0,57667000.0,-3170000.0,90817000.0,542445000.0,4533000.0,930000.0,62592000.0,62221000.0,0.1143026676,1908000.0,0.0035050785,454000.0,2362000.0,0.0043390961,-2166000.0,4528000.0,0.0083181318,0.05,0.04,100148000,101814000,https://www.sec.gov/Archives/edgar/data/1274494/000127449414000033/0001274494-14-000033-index.htm,https://www.sec.gov/Archives/edgar/data/1274494/000127449414000033/fslrjune1410qdraft.htm,5.435485481487398,0.0452130846347405,1.182050565163558,0.5588928385988736,13.468736270319926,46.61056636178456,44.59435036146503,46.61056636178456,1.953149338978312,7116516880.0,6459844880.0,392.917230565371,13.07334924212781,60.11587159993242,127.14423068677196,1.5245470189836878,1.5245470189836878,11.867014382211543,103.8209749120072,54.56871836458861,115.41207889659115,0.0006362663190928,0.0078650835716137,0.0417043437650962,0.0294424619423882,-10.553864450908858,2.617368273748537,2.0516129032258066,26.14399293286219,0.0,0.0,0.0,0.059995995245732,0.0305383457236561,0.5271836458861294,0.114646194656776,0.997060327198364,0.0149792505965797,6.885976208225131,0.000669706031434,0.0007063857867941,2.286084095538603,1959026000.0,4466035000.0,1226209000.0,3579152000.0,784361500.0,186904000.0,456838000.0,132.73186700541743,37.37080074751787,88.49245396653883,0.6780587211684942,2.408297339092412,1.017035871036317,0.0009700179200527,0.6231577265646843,2014-08-05,0.37,amc,5035265250.0,2025-04-20,2014-06-30,-0.891891891891892,66.19350793650793,3385748.0
2014-03-31,FSLR,USD,1274494,2014-05-07,2014-05-06 18:39:29,2014,Q1,950158000.0,713447000.0,236711000.0,0.2491280398,38773000,0.0,0.0,58664000.0,-1746000.0,97437000.0,810884000.0,4321000.0,410000.0,60720000.0,199994000.0,0.210484993,139274000.0,0.146579832,1586000.0,140860000.0,0.1482490281,28853000.0,112007000.0,0.1178824995,1.12,1.1,99591000,101822000,https://www.sec.gov/Archives/edgar/data/1274494/000127449414000020/0001274494-14-000020-index.htm,https://www.sec.gov/Archives/edgar/data/1274494/000127449414000020/fslrmarch1410qdraft.htm,9.540601058328564,1.1246698998905524,-3.194826841782892,-3.705043628440321,13.848912050285668,46.52417387113293,44.4948539526664,46.52417387113293,2.001134640680383,6950455890.000001,6174146890.000001,15.513440878695082,7.315052749121726,-21.84468938574877,-18.836485342381483,1.5000803709768382,1.5000803709768382,6.498021265936824,30.871660599818,-19.404816485215733,-16.73260419687308,0.0161150580296683,-0.0530884600722212,0.0429243044346157,0.0311910272219872,-3.881661449843495,3.0423224381572327,339.69268292682926,-2.840679600382119,0.0,0.0,0.0,0.0408068973791727,0.0316955475959376,-0.1597009202453987,0.0534784741064117,0.8368412384716732,0.0139955670530585,34.31177063819498,0.0203611584057635,0.0181409858458945,4.473330923477021,2038103000.0,4431287000.0,1293073000.0,3610742000.0,711809000.0,223805500.0,496147500.0,72.54801832958307,23.49862007969758,59.240798545652304,1.2405576619768328,3.830012132404256,1.5192232753352228,0.0241738822274581,0.5102167866574289,2014-05-06,0.56,amc,637777638.0,2025-04-20,2014-03-31,0.9642857142857144,55.76359016393443,5211943.836065574
2013-12-31,FSLR,USD,1274494,2014-02-26,2014-02-25 18:06:45,2013,Q4,768437000.0,579141000.0,189296000.0,0.2463389972,38421000,0.0,0.0,65661000.0,-2159000.0,104082000.0,683223000.0,4219000.0,16000.0,61386000.0,146600000.0,0.1907768626,60322000.0,0.0784996037,1956000.0,62278000.0,0.0810450304,-2982000.0,65260000.0,0.0849256348,0.66,0.64,99471000,101260000,https://www.sec.gov/Archives/edgar/data/1274494/000127449414000011/0001274494-14-000011-index.htm,https://www.sec.gov/Archives/edgar/data/1274494/000127449414000011/fslrdec1310k.htm,7.72523650109077,0.6560706135456565,1.932281770566296,1.36713212896221,17.735561118315893,45.270651747745575,44.41628213248082,45.270651747745575,2.245267464889264,5435095440.0,4333346440.0,20.82092951271836,7.072922620852458,28.27744940324444,39.96687579969115,1.2069629636538424,1.2069629636538424,5.639169430935783,29.558979809004093,22.545323455043025,31.86518449886021,0.0120071488569849,0.0250207197833493,0.0495929819278513,0.0324432243936298,-7.515341064120054,2.388298686259533,3770.125,2.9452344468280724,0.0,0.0,0.0,0.0499988938585726,0.0123461865777041,0.2924778622935808,0.0731562899756258,0.9157788420812564,0.0219510512898259,25.85085580835752,0.0118018169317007,0.0095991522857117,1.391455801188286,2204703000.0,4418132000.0,1412379000.0,3674772000.0,621110000.0,223085000.0,487159500.0,77.03109038216536,40.61181991950147,81.22612628012867,1.1683594189501083,2.216103591968867,1.1080178770265667,0.0144921839694593,0.5651496416040857,2014-02-25,1.0,amc,854778235.0,2025-04-20,2013-12-31,-0.1099999999999999,54.676515625,5108042.734375
2013-09-30,FSLR,USD,1274494,2013-11-01,2013-10-31 18:06:59,2013,Q3,1265587000.0,901553000.0,364034000.0,0.2876404388,34984000,0.0,0.0,63870000.0,-2433000.0,98854000.0,1000407000.0,4197000.0,275000.0,56900000.0,325104000.0,0.256880009,207904000.0,0.1642747595,784000.0,208688000.0,0.1648942348,13650000.0,195038000.0,0.1541087258,1.98,1.94,98720000,100378000,https://www.sec.gov/Archives/edgar/data/1274494/000127449413000052/0001274494-13-000052-index.htm,https://www.sec.gov/Archives/edgar/data/1274494/000127449413000052/fslrseptember1310qdraft.htm,12.819965559157213,1.9756685575364668,3.799554294975689,3.0955024311183146,15.517463533225284,44.76676458670989,43.90589546191248,44.76676458670989,2.32464546191248,3969531200.0,3006097200.0,5.088151026979358,3.1365138864416275,10.582820214773976,12.989813736141471,0.8982109913732145,0.8982109913732145,2.375259227536313,9.24657094345194,8.01429302677743,9.837091770619264,0.0491337616895415,0.0769833979387792,0.0518657049922217,0.033399925102474,-2.96346399921256,2.1981400647603637,756.0145454545454,1.92317394559009,0.0,0.0,0.0,0.0276425089701458,0.0123835919046557,0.1852985400914975,0.0549183896484398,1.221511423550088,0.0112935736539645,44.609376899632814,0.0367525407610691,0.0287763224385763,-2.504527957860616,1960380000.0,4334390000.0,1153231000.0,3443149000.0,618766000.0,201212000.0,457141000.0,41.56668802697879,18.451860289966312,45.08590177172057,2.1651953588793424,4.877556982638757,1.996189417607504,0.0441324847970584,0.7040518638573744,2013-10-31,0.99,amc,949190249.0,2025-04-20,2013-09-30,1.3030303030303028,42.277546875,4227348.671875
2013-06-30,FSLR,USD,1274494,2013-08-07,2013-08-06 20:27:20,2013,Q2,519760000.0,379662000.0,140098000.0,0.2695436355,30964000,0.0,0.0,66265000.0,504000.0,98621000.0,478283000.0,3405000.0,875000.0,57793000.0,98382000.0,0.1892835155,39096000.0,0.075219332,1966000.0,41062000.0,0.079001847,7464000.0,33598000.0,0.0646413729,0.38,0.37,89201000,91142000,https://www.sec.gov/Archives/edgar/data/1274494/000127449413000040/0001274494-13-000040-index.htm,https://www.sec.gov/Archives/edgar/data/1274494/000127449413000040/fslrjune1310qdraft.htm,5.826840506272351,0.3766549702357596,2.4929429042275317,1.5379199784755777,14.40871739106064,46.59967937579175,45.75966637145324,46.59967937579175,2.877086579746864,4130630707.0,3457737707.0,30.73568893237693,7.947188523549331,18.575234884630778,30.11014919378353,0.9937192834862336,0.9937192834862336,6.6525660054640605,35.14603999715395,15.549269502142796,25.205109247434105,0.0081338668070866,0.0332113930609967,0.0615299785552998,0.0372392702172324,-6.839594641296172,1.941604867384266,44.68114285714286,6.61863801416751,0.0,0.0,0.0,0.0595736493766353,0.0109098173213479,0.3830905730461881,0.1639006464522087,1.4740366480369596,0.0142950592581191,19.87259467423436,0.0063039136654286,0.0049458310933469,-7.903835158798668,1746484000.0,4081808000.0,889891000.0,3382322000.0,706140000.0,213303000.0,493264000.0,113.07453440049254,51.57964189199867,109.67136558307124,0.7959351809597898,1.7448744640075005,0.8206335311091658,0.0080827802955105,0.9550229257519536,2013-08-06,0.52,amc,693013333.0,2025-04-20,2013-06-30,-0.25,44.503109375,8130611.3125
2013-03-31,FSLR,USD,1274494,2013-05-07,2013-05-06 19:15:18,2013,Q1,755205000.0,585879000.0,169326000.0,0.2242119689,29931000,0.0,0.0,74465000.0,-833000.0,105772000.0,691651000.0,4947000.0,750000.0,58291000.0,123554000.0,0.16360326,61207000.0,0.0810468681,4982000.0,66189000.0,0.0876437524,7047000.0,59142000.0,0.0783125112,0.68,0.66,87206000,89377000,https://www.sec.gov/Archives/edgar/data/1274494/000127449413000017/0001274494-13-000017-index.htm,https://www.sec.gov/Archives/edgar/data/1274494/000127449413000017/fslrmar1310qdraft.htm,8.660011925784923,0.6781872806916955,0.762046189482375,-0.0597665298259294,11.601793454578813,42.12992225305598,41.340607297663006,42.12992225305598,6.455599385363392,2338864920.0,2058328920.0,9.88664958912448,3.0969934256261547,35.19471702655933,-448.746147352264,0.6366021717036175,0.6366021717036175,2.7255234274137488,16.65934668242226,30.97327394477466,-394.9211281657713,0.0252866249325762,-0.0022284313879914,0.1530266070982383,0.0893198346155526,-2.2705537659646797,2.0280702028966227,81.60933333333334,1.1236515505055629,0.0,0.0,0.0,0.0396329473454227,0.0109355501098194,1.0784290121134603,0.0948974119609907,1.2294693863546688,0.0218324825709575,25.354871163002056,0.0113416428953597,0.0094998194549209,-8.913480723803408,1576485000.0,3605149000.0,489483000.0,3198523000.0,856908000.0,279624500.0,528853500.0,90.4834846167597,32.10852411504764,80.47646357012283,0.9946566534345191,2.802993986192643,1.1183394002095888,0.0160975203471328,0.8218127193083045,2013-05-06,0.75,amc,820875000.0,2025-04-20,2013-03-31,-0.08,29.868311666666667,5081387.716666667
2012-12-31,FSLR,USD,1274494,2013-02-27,2013-02-26 21:27:11,2012,Q4,1075011000.0,781464000.0,293547000.0,0.2730641826,31639000,0.0,0.0,63417000.0,280000.0,96693000.0,878157000.0,3129000.0,2694000.0,60585000.0,233853000.0,0.2175354485,172015000.0,0.1600123162,-1441000.0,170574000.0,0.1586718648,16396000.0,154178000.0,0.1434199278,1.77,1.74,87084000,88549000,https://www.sec.gov/Archives/edgar/data/1274494/000127449413000006/0001274494-13-000006-index.htm,https://www.sec.gov/Archives/edgar/data/1274494/000127449413000006/fslrdec1210k.htm,12.34452941987047,1.7704515180745029,3.76141426668504,3.3019153920352764,11.527628496623947,41.40285241835469,40.65134812365073,41.40285241835469,6.491043130770291,2687029070.4,2348307070.4,4.357024138333614,2.4995363493024723,8.20319109046004,9.344757916701443,0.7452530006440115,0.7452530006440115,2.184449340890465,10.041808616524056,7.169111733763994,8.166774721086165,0.0573786125719319,0.1070118679278729,0.1560304931929488,0.0886122684798695,-1.4484398318601857,2.571627803089595,63.851150705270975,2.124550843829859,0.0,0.0,0.0,0.0294313267492146,0.0103082650725535,0.1221611984405862,0.0372228749287216,0.6604770157629777,0.0148854290793303,40.61144192989877,0.0292825308012184,0.0245379459795316,-8.686630150199807,1730950000.0,3540082000.0,89158000.0,3321776000.0,910569500.0,292987000.0,535695500.0,79.9153310989376,40.33544731427167,61.47968428488068,1.1261919179009254,2.231288010735802,1.463898213643448,0.0427615831920224,0.4594988746497634,2013-02-26,1.75,amc,922190808.0,2025-04-20,2012-12-31,0.1657142857142857,26.009425806451613,4865687.403225807
2012-09-30,FSLR,USD,1274494,2012-11-02,2012-11-02 16:31:52,2012,Q3,839147000.0,600431000.0,238716000.0,0.2844745915,32372000,0.0,0.0,75102000.0,25792000.0,107474000.0,707905000.0,3405000.0,2902000.0,63902000.0,177565000.0,0.2116017813,107045000.0,0.1275640621,3716000.0,110761000.0,0.1319923684,22844000.0,87917000.0,0.1047694862,1.01,1.0,86992000,87765000,https://www.sec.gov/Archives/edgar/data/1274494/000127449412000048/0001274494-12-000048-index.htm,https://www.sec.gov/Archives/edgar/data/1274494/000127449412000048/fslrsep1210qdraft.htm,9.646254828030164,1.0106331616700386,0.2565178407209858,-0.4014851940408313,8.242068236159646,39.75255195880081,39.0002528968181,39.75255195880081,6.122333088100056,1907734560.0,1822727560.0,5.424817043347703,2.273421176504236,85.49112973336321,-54.62218862738361,0.5516626963403019,0.5516626963403019,2.17211949753738,10.265128600794077,81.68171902307864,-52.18827120196987,0.0460845034961257,-0.0183075783876348,0.1531718946004139,0.0885516545467038,-0.4787373637822769,2.3775853704114747,36.88662991040662,0.2538189428665673,0.0,0.0,0.0,0.0385772695368034,0.0109406494343023,2.565135559041004,0.0682133166179465,0.8957622609620982,0.0167265091813472,30.06564590338856,0.0173286173990868,0.0148601698532102,-10.20621149071179,1570209000.0,3392710000.0,186461000.0,3185342000.0,723212500.0,215149000.0,559152000.0,92.9427740312484,35.336216817586035,80.57716873379289,0.968337785675958,2.546961958734899,1.1169417021506156,0.0254231014581768,0.6580030347618172,2012-11-01,1.04,amc,687175496.0,2025-04-20,2012-09-30,0.2211538461538461,19.247309523809523,7032868.746031746
2012-06-30,FSLR,USD,1274494,2012-08-03,2012-08-03 17:13:37,2012,Q2,957332000.0,713591000.0,243741000.0,0.2546044632,32365000,0.0,0.0,52717000.0,19533000.0,85082000.0,798673000.0,3379000.0,7372000.0,65065000.0,207784000.0,0.2170448705,139659000.0,0.1458835597,-4312000.0,135347000.0,0.1413793752,24364000.0,110983000.0,0.115929479,1.28,1.27,86855000,87653000,https://www.sec.gov/Archives/edgar/data/1274494/000127449412000038/0001274494-12-000038-index.htm,https://www.sec.gov/Archives/edgar/data/1274494/000127449412000038/fslrjune1210qdraft.htm,11.022186402625064,1.27779632721202,4.933175982960106,3.1200161188187208,8.562466179264291,38.701732773012495,37.94824707846411,38.701732773012495,6.058637959818087,1308036300.0,1196647300.0,2.94647896524693,1.36633508542491,3.052800072817064,4.826898139776891,0.3891298637280045,0.3891298637280045,1.2499815111163108,5.759092615408308,2.792831486845084,4.415851934949389,0.084847033679417,0.2071723850477238,0.1543538347713583,0.0945542954010089,-0.5360807376891388,2.561065818667415,18.944519804666307,3.860690376003532,0.0,0.0,0.0,0.0338074983391341,0.0119263744470447,0.367544127840624,0.1645009254887541,2.42037962037962,-0.0174035757709968,33.357022796814014,0.0250432698426312,0.0204694304015758,-7.563795981808762,1502159000.0,3295995000.0,338529000.0,3134970000.0,723682500.0,206385000.0,581672000.0,54.51149653411774,24.53766933719736,73.24409921089251,1.6510278697571743,3.667830011205115,1.2287679276505543,0.0330165146533969,1.813159864141385,2012-08-01,0.9,amc,888523759.0,2025-04-20,2012-06-30,0.8333333333333331,16.650968253968255,6936146.952380952
2012-03-31,FSLR,USD,1274494,2012-05-04,2012-05-04 17:27:34,2012,Q1,497055000.0,420310000.0,76745000.0,0.1543994125,36084000,0.0,0.0,95878000.0,0.0,131962000.0,552272000.0,2911000.0,920000.0,73164000.0,-382402000.0,-0.7693353854,-456282000.0,-0.9179708483,-204000.0,-456486000.0,-0.9183812657,-7070000.0,-449416000.0,-0.9041574876,-5.2,-5.2,86507000,86507000,https://www.sec.gov/Archives/edgar/data/1274494/000127449412000022/0001274494-12-000022-index.htm,https://www.sec.gov/Archives/edgar/data/1274494/000127449412000022/fslrmar1210qdraft.htm,5.745835597119308,-5.195140277665391,-0.1865282578288462,-1.6256025523946038,7.670905244662282,37.09521772804513,36.33870091437687,37.09521772804513,10.001826441790838,2167000350.0,2420828350.0,-1.205453494090108,4.359679210550141,-134.2960058254834,-15.409670686786228,0.675289202604179,0.675289202604179,4.870343020390098,-6.3305849603297055,-150.02654623202775,-17.214656962439378,-0.2073908294477202,-0.0648943134688464,0.2693390705379502,0.1497022955871573,-0.663772679013185,2.476790150234878,-495.9586956521739,0.0359043736760596,0.0,0.0,0.0,0.0725955880133989,0.0113352150302969,-7.71504709965295,0.2504551810161853,1.7015198731616643,0.0474675840701733,,-0.0963832731159917,-0.0787334698885857,-11.085597119308265,1729370000.0,3143552000.0,335887000.0,3335767000.0,855746000.0,197332000.0,529237000.0,157.07969942964058,46.72608312911898,124.75227808046442,0.5729575516555719,1.9261190746783003,0.7214297116237876,-0.1400487878451702,1.4390742945657578,2012-05-03,0.59,amc,3665780624.0,2025-04-20,2012-03-31,-1.135593220338983,35.655806451612904,5429095.387096774
2011-12-31,FSLR,USD,1274494,2012-02-29,2012-02-29 17:24:52,2011,Q4,660352000.0,522228000.0,138124000.0,0.209167232,37906000,0.0,0.0,131807000.0,487351000.0,169713000.0,691941000.0,3726000.0,100000.0,68704000.0,-412638000.0,-0.6248758238,-485320000.0,-0.7349413646,3878000.0,-481442000.0,-0.7290687391,-68329000.0,-413113000.0,-0.6255951371,-4.8,-4.8,86067000,86067000,https://www.sec.gov/Archives/edgar/data/1274494/000127449412000015/0001274494-12-000015-index.htm,https://www.sec.gov/Archives/edgar/data/1274494/000127449412000015/fslrdec1110k.htm,7.672534188481067,-4.799900077846329,0.1247167904074732,-1.245762022610292,7.805140181486516,42.33751612116142,41.57713176943544,42.33751612116142,7.711991820326025,2905621920.0,2963650920.0,-1.7583699375231472,4.400110728823416,270.6933035215204,-27.09987893936709,0.797401526896044,0.797401526896044,4.487986588970731,-7.182205516699868,276.09939631078817,-27.64109831279904,-0.1421771350072965,-0.0369005338450915,0.1821275937103014,0.1148654098387327,-0.1406293167376732,2.683780003368511,-4853.2,-0.0259832055636109,0.0,0.0,0.0,0.0574027185501066,0.0113271672354712,10.988727408235514,0.1786214019189765,1.7168287144853285,0.0437690807327001,,-0.0858924679358597,-0.0723215520546482,-6.867640907664959,1639537000.0,3578419000.0,479510000.0,3520939000.0,825793000.0,173676000.0,454377000.0,115.02506239096724,30.408786966612286,82.01021392954802,0.7824381759002426,2.959670837867247,1.097424280313617,-0.1133722645445232,1.3704788130177652,2012-02-28,1.53,amc,801856000.0,2025-04-20,2011-12-31,-0.1764705882352941,46.26730158730159,4479658.476190476
2011-09-30,FSLR,USD,1274494,2011-11-04,2011-11-04 10:57:03,2011,Q3,1005788000.0,626624000.0,379164000.0,0.376982028,38164000,0.0,0.0,118257000.0,5514000.0,156421000.0,783045000.0,3225000.0,0.0,62240000.0,285005000.0,0.2833648841,222743000.0,0.2214611827,22000.0,222765000.0,0.2214830561,26251000.0,196514000.0,0.1953831225,2.28,2.25,86338000,87151000,https://www.sec.gov/Archives/edgar/data/1274494/000127449411000055/0001274494-11-000055-index.htm,https://www.sec.gov/Archives/edgar/data/1274494/000127449411000055/fslrsept1110qdraft.htm,11.649424355440246,2.2761009057425468,2.347031434594269,-0.2462067687460909,8.836317727999258,46.62818226041835,41.31409113020918,46.62818226041835,7.046039982394774,5457424980.0,5387205980.0,6.942794126627111,5.426019180980485,26.931893228318483,-256.73542738862494,1.3556179318115429,1.3556179318115429,5.356204269687051,18.90214550621919,26.58536888441457,-253.43209201674745,0.0360085572811666,-0.0038950604136385,0.1511111872867496,0.106291776509825,-0.2463781337169523,3.2536341986155306,0.0,1.0311631741249987,0.0,0.0,0.0,0.0379443779404805,0.0801647717265807,1.1049013511779626,0.2226065532696751,3.59728470437018,0.0285219151550823,48.86650260875545,0.0392839277565236,0.0373281129618288,-1.302557969839468,1683467000.0,3566976000.0,732940000.0,3982570000.0,706636500.0,180389500.0,377941000.0,72.26742613751605,24.54639464814625,62.17417462465529,1.2453743658829226,3.666526236951739,1.447546357363469,0.0488138459490126,2.59323820334036,2011-10-26,2.65,amc,1184594755.0,2025-04-20,2011-09-30,-0.150943396226415,102.042109375,2231815.9375
2011-06-30,FSLR,USD,1274494,2011-08-05,2011-08-04 21:52:57,2011,Q2,532774000.0,337976000.0,194798000.0,0.3656297042,33102000,0.0,0.0,97166000.0,10294000.0,130268000.0,468244000.0,3417000.0,0.0,56018000.0,127975000.0,0.24020504,64530000.0,0.1211207754,7427000.0,71957000.0,0.1350610202,10819000.0,61138000.0,0.1147540984,0.71,0.7,86164000,87126000,https://www.sec.gov/Archives/edgar/data/1274494/000127449411000037/0001274494-11-000037-index.htm,https://www.sec.gov/Archives/edgar/data/1274494/000127449411000037/fslrjun1110qdraft.htm,6.18325518778144,0.7095538740077062,-2.35622765888306,-4.920825402720394,5.390220973956641,42.7271018058586,37.40227937421661,42.7271018058586,4.18766538229423,11396912280.0,11400261280.0,46.603226634826136,21.39164501270708,-56.13634128321069,-26.87963688507965,3.095693234729616,3.095693234729616,21.3979309801154,89.08194006641922,-56.15283703243984,-26.88753550724296,0.0053644354275928,-0.0372028835164466,0.0980095818649705,0.0730530576413499,0.0261691736667317,3.102428071076539,0.0,-3.320717066309006,0.0,0.0,0.0,0.0621314103165695,0.0928905546449326,-1.0884337657987804,0.4147649847777857,3.9447320504123673,0.0586946810467477,26.117744231806164,0.012530044197983,0.0136455835429861,-2.06017594354951,1244362000.0,3222730000.0,578537000.0,3431163000.0,489465500.0,144636500.0,297105000.0,102.31141159290806,50.56202215541932,86.01069306696333,0.8796672687706182,1.7799921000658327,1.0463815229337916,0.016606646461343,2.564597743837333,2011-08-04,0.92,amc,700217257.0,2025-04-20,2011-06-30,-0.2391304347826088,129.7407142857143,1861274.2857142857
2011-03-31,FSLR,USD,1274494,2011-05-05,2011-05-04 21:50:52,2011,Q1,567293000.0,307628000.0,259665000.0,0.4577264306,31351000,0.0,0.0,98931000.0,11931000.0,130282000.0,437910000.0,3023000.0,0.0,48269000.0,181276000.0,0.3195456316,129383000.0,0.2280708558,3624000.0,133007000.0,0.234459089,17039000.0,115968000.0,0.2044234637,1.36,1.33,85324000,87053000,https://www.sec.gov/Archives/edgar/data/1274494/000127449411000021/0001274494-11-000021-index.htm,https://www.sec.gov/Archives/edgar/data/1274494/000127449411000021/fslrmar1110q.htm,6.6486920444423605,1.3591486568843467,-0.5134897566921383,-2.494057943837608,6.510594908818152,41.79186395386996,36.41461956776522,41.79186395386996,1.5435281983966995,13723512160.0,13499487160.0,29.584696123068436,24.19122421746787,-313.2292278547463,-64.48927956842714,3.8485959893422295,3.8485959893422295,23.79632246475807,74.46924667358061,-308.1160194462831,-63.43654534945466,0.008450314952029,-0.0155064532693211,0.0369337007820577,0.0297024276829332,-1.2358227233610626,2.967200764435856,0.0,-0.3778024972406181,0.0,0.0,0.0,0.0552642109104113,0.103475409569865,-3.857074384315158,0.2978883927705789,3.50100478568025,0.045068421433016,35.74955250958959,0.0282567337875111,0.0291730699519241,1.206498171675027,924366000.0,3107041000.0,526123000.0,2932703000.0,340148000.0,90855000.0,235828500.0,59.21971538517133,29.07999271847816,79.34697101694253,1.5197641429822892,3.094911366425884,1.1342587983702963,0.0325218482330575,1.980568187145469,2011-05-03,1.16,amc,494781864.0,2025-04-20,2011-03-31,0.1465517241379312,151.0651612903226,1811784.6290322584
2010-12-31,FSLR,USD,1274494,2011-02-28,2011-02-25 20:13:25,2010,Q4,609801000.0,313077000.0,296724000.0,0.4865915274,27601000,0.0,0.0,103472000.0,19442000.0,131073000.0,444150000.0,3034000.0,0.0,43170000.0,216535000.0,0.3550912511,165651000.0,0.2716476359,7714000.0,173365000.0,0.2842976643,17421000.0,155944000.0,0.2557293281,1.84,1.8,84891000,86491000,https://www.sec.gov/Archives/edgar/data/1274494/000127449411000007/0001274494-11-000007-index.htm,https://www.sec.gov/Archives/edgar/data/1274494/000127449411000007/fslrdec1010k.htm,7.183340990210977,1.8369909648843807,4.120754850337492,1.6261794536523306,10.99737310197783,40.69860173634425,35.59455065908047,40.69860173634425,2.796421293187735,11047714739.999998,10519416739.999998,17.71102886292515,18.116918043755252,31.581592384546116,80.02806806328232,3.1976528540975324,3.1976528540975324,17.250573121395337,48.58067628789802,30.07137126767005,76.20115278743624,0.0141154984238849,0.0124956159032759,0.0687105004565919,0.0541938721163326,-2.4397810977440137,3.3735098801942613,0.0,2.2432091007028165,0.0,0.0,0.0,0.045262306883721,0.0989150998207242,0.6053685519488873,0.3472723068673223,4.90542043085476,-0.0664036300366841,41.01422536931027,0.0378443775966242,0.0395083497693885,3.9887061054764335,1114783000.0,3021657000.0,659002000.0,2978860000.0,385821500.0,76723500.0,192224000.0,45.312667575159765,23.662166176371947,57.62090476144846,1.986199551167843,3.80354018855088,1.5619331277875894,0.0451364638221447,2.494575396685161,2011-02-24,1.77,amc,599637650.0,2025-04-20,2010-12-31,0.0169491525423728,135.930234375,1757524.09375
2010-09-25,FSLR,USD,1274494,2010-11-01,2010-10-29 21:08:44,2010,Q3,797899000.0,476007000.0,321892000.0,0.4034244936,21472000,0.0,0.0,88782000.0,3821000.0,110254000.0,586261000.0,2658000.0,0.0,35176000.0,248091000.0,0.3109303308,211638000.0,0.2652440973,1277000.0,212915000.0,0.2668445505,36046000.0,176869000.0,0.2216684067,2.08,2.04,85072000,86610000,https://www.sec.gov/Archives/edgar/data/1274494/000127449410000039/0001274494-10-000039-index.htm,https://www.sec.gov/Archives/edgar/data/1274494/000127449410000039/fslrsep1010q.htm,9.379102407372578,2.079050686477337,2.916082847470378,1.2981474515704343,9.796595824713185,38.80649332330261,33.713301673876245,38.80649332330261,2.943330355463607,12513240480.0,12142419480.0,17.687158970763672,15.68273738906804,50.440953736138376,113.30762142779528,3.7903450531995135,3.7903450531995135,15.217990597807493,48.94340979721151,48.94617187405523,109.9498304900576,0.0141345481438393,0.0088255316579674,0.0758463366154289,0.0595927288755146,-1.494697510187794,3.527563578852632,0.0,1.4026030564994432,0.0,0.0,0.0,0.0269106741580074,0.1031203271192075,0.5548317659436385,0.1725042893900105,3.9129235842619967,0.0328763414918429,42.606513564604015,0.0466256566655596,0.0469337396506764,4.389952040624412,1157063000.0,2868058000.0,714416000.0,2834949000.0,413150500.0,69701500.0,189157000.0,52.4078360795038,13.449697168318952,34.79053879459756,1.7173004407865284,6.691600477964434,2.586910209449692,0.053574814636212,1.6179353958999436,2010-10-28,1.95,amc,762697573.0,2025-04-20,2010-09-25,0.0461538461538462,133.22265625,1499771.78125
2010-06-26,FSLR,USD,1274494,2010-08-02,2010-07-30 19:42:54,2010,Q2,587854000.0,303660000.0,284194000.0,0.4834431679,22836000,0.0,0.0,78597000.0,2288000.0,103721000.0,407381000.0,3035000.0,6000.0,38658000.0,219102000.0,0.3727149939,180473000.0,0.3070030994,-35000.0,180438000.0,0.3069435608,21395000.0,159043000.0,0.2705484695,1.87,1.84,84852000,86401000,https://www.sec.gov/Archives/edgar/data/1274494/000127449410000029/0001274494-10-000029-index.htm,https://www.sec.gov/Archives/edgar/data/1274494/000127449410000029/fslrjune10q.htm,6.9279922688917175,1.8743577051807856,0.8995309480035827,-0.6741502852024702,9.386637910715129,35.5,32.12335596096733,35.5,1.6338919530476594,10119449520.0,9747600520.0,15.906782316731954,17.214222442987545,132.580207790166,-176.90417495585896,3.35943661971831,3.35943661971831,16.581669121924833,44.4888705716972,127.70841930116472,-170.4036592486408,0.015716566369116,-0.0056527778400341,0.0460231335687722,0.0381770791021985,-1.6971501857582314,4.968559647499069,30078.83333333333,0.4799142370302371,0.0,0.0,0.0,0.0388463802236609,0.0789011694110811,1.7494464606233704,0.2271482374875394,3.454136271923017,0.0425973115773644,38.69293497543385,0.0477618785422464,0.047549330303755,6.432585560741055,1290651000.0,2725731000.0,996801000.0,2672043000.0,328398500.0,72148500.0,183213500.0,55.372473437282046,20.23355068168346,57.589804386484886,1.6253563262247808,4.448057655123924,1.5627766226815158,0.0527988085966418,1.5736812332060528,2010-07-29,1.61,amc,1011338125.0,2025-04-20,2010-06-26,0.1428571428571428,121.76789682539682,2422148.73015873
2010-03-27,FSLR,USD,1274494,2010-04-29,2010-04-29 15:24:00,2010,Q1,567961000.0,285925000.0,282036000.0,0.4965763494,22888000,0.0,0.0,66864000.0,1143000.0,90895000.0,376820000.0,5648000.0,0.0,39089000.0,234448000.0,0.4127889063,191141000.0,0.3365389525,4218000.0,195359000.0,0.3439655188,23014000.0,172345000.0,0.3034451309,2.04,2.0,84505000,86092000,https://www.sec.gov/Archives/edgar/data/1274494/000127449410000012/0001274494-10-000012-index.htm,https://www.sec.gov/Archives/edgar/data/1274494/000127449410000012/form10-q.htm,6.72103425832791,2.0394651204070766,0.3700727767587716,-0.8840068634992012,8.451263238861605,33.68859830779244,30.29808887048104,33.68859830779244,1.9227738003668424,9844832500.0,9586430500.0,14.280705126345412,17.33364174652837,314.80294503245614,-131.7863071094869,3.4581432844314164,3.4581432844314164,16.878677409188306,40.88936779157852,306.54016244044385,-128.32724924032502,0.0175061383725929,-0.0075880417467742,0.0570749124911525,0.0467779890911624,-1.1021719101890397,4.355492225729826,0.0,0.1814558008645449,0.0,0.0,0.0,0.0402985416252172,0.0824856327050934,3.38873788891376,0.1865902764450376,2.711146358310522,0.0342893262037358,39.3179504437009,0.0530698561951868,0.0540775193214682,4.673267853973138,1082059000.0,2560340000.0,777874000.0,2398793000.0,261002000.0,75886500.0,162470000.0,46.76518282065142,23.93148552942205,54.17752907230917,1.924508674437517,3.7607360349340384,1.6612053288713042,0.0605387348495093,1.2540796402579728,2010-04-28,1.64,amc,465728020.0,2025-04-20,2010-03-27,0.2195121951219513,117.0935655737705,2667124.344262295
2009-12-26,FSLR,USD,1274494,2010-02-22,2010-02-22 11:01:20,2009,Q4,641265000.0,375056000.0,266209000.0,0.4151310301,23716000,0.0,0.0,97766000.0,1099000.0,121482000.0,496538000.0,3286000.0,407000.0,38908000.0,189632000.0,0.2957154998,144727000.0,0.2256898474,5590000.0,150317000.0,0.2344069924,8697000.0,141620000.0,0.2208447366,1.7,1.67,83500000,85044000,https://www.sec.gov/Archives/edgar/data/1274494/000127449410000007/0001274494-10-000007-index.htm,https://www.sec.gov/Archives/edgar/data/1274494/000127449410000007/form10-k.htm,7.679820359281437,1.6960479041916168,4.955664670658683,4.12711377245509,9.398023952095809,31.769904191616767,28.338586826347303,31.769904191616767,2.100179640718563,11172300000.0,10682759000.0,19.722320293743824,17.422282519707142,26.999405507034837,32.41975079364158,4.211533002838148,4.211533002838148,16.658883612858958,56.334157737090784,25.816362089715277,30.999202005722346,0.01267599330487,0.0308453944129677,0.0659525246467206,0.052233877651431,-2.5815315980425244,3.421571581583432,355.5945945945946,2.9218895636209576,0.0,0.0,0.0,0.0369831504916064,0.0855393263257453,0.167192688219856,0.107886755085651,1.7781433124293204,0.0524213858545219,34.81915833219697,0.0457079593528872,0.0462357619024765,4.006988023952096,956344000.0,2366272000.0,654546000.0,2231641000.0,287924500.0,74041000.0,165426500.0,31.842623564361062,18.17584574036944,36.67156371315217,2.826400275030412,4.9516265314744405,2.4542176795073973,0.0533853641472157,0.8285508982035928,2010-02-18,1.52,amc,590741090.0,2025-04-20,2009-12-26,0.0855263157894736,135.2893515625,2917698.734375
2009-09-30,FSLR,USD,1274494,2009-09-30,2009-09-29 20:00:00,2009,Q3,480851000.0,235858000.0,244993000.0,0.5094987844,24136000,0.0,0.0,53990000.0,4076000.0,82202000.0,318060000.0,2398000.0,89000.0,34607000.0,199663000.0,0.415228418,162791000.0,0.3385476998,2176000.0,164967000.0,0.3430730101,11623000.0,153344000.0,0.3189012813,1.82,1.79,84179000,85892000,,,5.712244146402309,1.82164197721522,2.080269425866309,1.310588151439195,6.220803288231031,29.21362810202069,25.839805652241058,29.21362810202069,2.2877202152555864,12867601940.000002,12695276940.000002,20.97832640990192,26.76006068407885,73.4808665162893,116.63465737282914,5.232489421244695,5.232489421244695,26.401685636506947,63.58352293614742,72.49679890357766,115.07266723469056,0.0119170612142824,0.0085737809200523,0.0782738431684785,0.0621920911694461,-0.8630792886012931,3.471399848265875,1829.112359550562,-0.5257745578137338,0.0,0.0,0.0,0.0501943429461517,0.0917603855419195,0.3699911486737287,0.1347423630188977,1.8721934868668189,0.0461411123196166,34.603140800964724,0.054479512532061,0.0545501049957187,2.833280865774124,856733000.0,2175169000.0,567494000.0,2103470000.0,350115500.0,63984500.0,170266500.0,65.31513920112467,27.60313408915534,67.93443512622001,1.3779347499032857,3.2604993226243466,1.324806776309877,0.0623558967360585,0.7696812744271136,2009-10-28,1.74,amc,467419407.0,2025-04-20,2009-09-30,0.028735632183908,144.161875,3602229.5
2009-07-31,FSLR,USD,1274494,2009-08-03,2009-07-31 19:40:43,2009,Q2,525876000.0,227780000.0,298096000.0,0.5668560649,18605000,0.0,0.0,72926000.0,2524000.0,94055000.0,321835000.0,1948000.0,3827000.0,30028000.0,235153000.0,0.4471643505,204041000.0,0.3880021146,-2743000.0,201298000.0,0.382786056,20719000.0,180579000.0,0.3433870342,2.16,2.11,83723000,85668000,https://www.sec.gov/Archives/edgar/data/1274494/000127449409000019/0001274494-09-000019-index.htm,https://www.sec.gov/Archives/edgar/data/1274494/000127449409000019/form10-q.htm,6.28114138289359,2.156862510899036,0.2692091778842134,-0.4422082342964299,7.045543040741493,27.29107891499349,23.76800879089378,27.29107891499349,2.835552954385294,12925993969.999998,12730407969.999998,17.895206488572864,24.57992753044444,573.4945636452371,-349.1341590362747,5.657160000192569,5.657160000192569,24.20800335059976,54.13670235974025,564.816893828475,-343.85133484590654,0.0139702215875318,-0.0028642284752667,0.1022254453275889,0.080261042361999,-0.831739335666566,3.399048966481668,53.316174549255294,0.1248151778445998,0.0,0.0,0.0,0.0353790627448295,0.1013552774588779,2.6426194596033543,0.1132624420966159,1.983548687891301,0.0399542858012154,36.39257977059436,0.0698440758841089,0.0690493370148633,3.6941581166465607,878359000.0,1989929000.0,619199000.0,2085190000.0,268028000.0,48742000.0,146984500.0,60.116719530839966,21.980814821318816,64.20708578452893,1.4970876771449555,4.094479696572055,1.401714450987994,0.0790317787588116,0.7114174121806434,2009-07-30,1.62,amc,403753137.0,2025-04-20,2009-07-31,0.302469135802469,169.08531746031747,3333887.3492063493
2009-03-31,FSLR,USD,1274494,2009-05-01,2009-04-30 18:40:44,2009,Q1,418208000.0,182924000.0,235284000.0,0.5626004285,11704000,0.0,0.0,49315000.0,6209000.0,67228000.0,250152000.0,2103000.0,935000.0,26085000.0,196752000.0,0.4704644579,168056000.0,0.4018478843,1676000.0,169732000.0,0.4058554595,5137000.0,164595000.0,0.3935720981,2.01,1.99,81685000,82612000,https://www.sec.gov/Archives/edgar/data/1274494/000127449409000011/0001274494-09-000011-index.htm,https://www.sec.gov/Archives/edgar/data/1274494/000127449409000011/form10-q.htm,5.119764950725347,2.0149966334088267,0.7803268653975638,-0.2774438391381527,9.758315480198323,20.88109199975516,20.46695231682683,20.88109199975516,2.804713227642774,10839599500.0,10442835500.0,16.464047358668243,25.919158648328104,170.05694137211526,-478.2949962493933,6.355031623899554,6.355031623899554,24.97043456844441,53.07613391477596,163.83231358152523,-460.7878700966333,0.0151846016082051,-0.0020907599030757,0.1337701504157892,0.0997049508134827,-2.016569081889892,3.925113744661046,179.7390374331551,0.3872596372915338,0.0,0.0,0.0,0.0279860739153722,0.01478261097555,1.355548234260523,0.2066053255796159,3.3124017634655933,0.0285264748641824,30.768407934627508,0.0812595702128525,0.0730039834063912,5.125475913570423,923865000.0,1671843000.0,656944000.0,1825354000.0,123246500.0,44052000.0,126511000.0,39.76753194582599,20.59199448951477,64.68325643436619,2.2631527680069268,4.370630540224118,1.3913956247908237,0.0964986234164599,1.0577707045357163,2009-04-29,1.5,bmo,315232160.0,2025-04-20,2009-03-31,0.3266666666666666,134.05088524590164,4392245.31147541
2008-12-27,FSLR,USD,1274494,2009-02-25,2009-02-25 06:01:45,2008,Q4,433651000.0,199725000.0,233926000.0,0.5394337843,11080000,0.0,0.0,61518000.0,32498000.0,72598000.0,272323000.0,0.0,0.0,22186000.0,183514000.0,0.42318362,161328000.0,0.3720226634,10284000.0,171612000.0,0.3957375862,38841000.0,132771000.0,0.3061701691,1.66,1.62,80178000,82124000,https://www.sec.gov/Archives/edgar/data/1274494/000095013409003635/0000950134-09-003635-index.htm,https://www.sec.gov/Archives/edgar/data/1274494/000095013409003635/p14089e10vk.htm,5.408603357529497,1.6559530045648432,2.535047020379656,0.9303549602135248,9.881264187183517,18.871036942802267,18.44911322307865,18.871036942802267,2.475367307740278,10824831780.0,10307083780.0,20.382522877736857,24.962081904573036,53.25739479963592,145.11665522696197,7.154349832985468,7.154349832985468,23.76815406859433,56.16510882003553,50.71011182996728,138.175775263426,0.012265410003443,0.0068910077787832,0.1311728293067872,0.0938613441841152,-2.821299737349739,2.8220689040984657,0.0,1.53086893975341,0.0,0.0,0.0,0.0255505002870972,0.0159985660926307,0.6330028781579788,0.2966925015738462,5.799197692238349,-0.0660923184773008,26.51631351273156,0.0706094222460712,0.0638115648158071,3.714912444810297,695624000.0,1479213000.0,475941000.0,1572075000.0,52037000.0,41471000.0,124011500.0,12.805850787845529,20.841607209913636,54.77461509575667,7.028037534641752,4.318285010053836,1.6430968952070684,0.0877510340096309,1.6046920601661303,2009-02-24,1.3,bmo,350152981.0,2025-04-20,2008-12-27,0.2384615384615385,131.081875,5107728.09375
2008-09-27,FSLR,USD,1274494,2008-10-31,2008-10-30 20:47:24,2008,Q3,348694000.0,153251000.0,195443000.0,0.5605000373,9952000,0.0,0.0,55339000.0,6344000.0,65291000.0,218542000.0,5323000.0,127000.0,16798000.0,150024000.0,0.4302454301,130152000.0,0.3732556339,2947000.0,133099000.0,0.3817071702,33830000.0,99269000.0,0.2846880072,1.23,1.2,80430000,82436000,https://www.sec.gov/Archives/edgar/data/1274494/000095015308001814/0000950153-08-001814-index.htm,https://www.sec.gov/Archives/edgar/data/1274494/000095015308001814/p13415e10vq.htm,4.335372373492478,1.2342285216958846,1.7073480044759417,0.517443739898048,8.891582742757677,17.222056446599527,16.801454681089147,17.222056446599527,2.0841228397364167,16659465900.0,16245185900.0,41.95535842005057,47.77674952823966,121.31680211473764,400.2947258397809,12.02701899405849,12.02701899405849,46.58865911085364,108.2839139071082,118.29995120956583,390.34037916286223,0.0059587144387383,0.0024981593197414,0.1209230635950821,0.0900604887490926,-2.761424838692476,3.233453504507259,1024.818897637795,1.3833321580755322,0.0,0.0,0.0,0.0285407836096979,0.0181891012716079,0.6969313001558382,0.2744641433463151,5.697344922014525,0.0,21.869132322628083,0.0610928523452334,0.0543635587980642,4.171114633843094,664745000.0,1351341000.0,487696000.0,1449051000.0,46631000.0,39587000.0,116685500.0,10.93620767779199,21.547591859106955,74.27168501347462,8.229543791744353,4.176800850344772,1.2117673105662257,0.0716655717348773,1.189904264577894,2008-10-29,1.03,bmo,299295683.0,2025-04-20,2008-09-27,0.1650485436893203,252.7375,2696557.015625
2008-06-28,FSLR,USD,1274494,2008-07-31,2008-07-31 16:04:24,2008,Q2,267041000.0,122341000.0,144700000.0,0.5418643579,7725000,0.0,0.0,48248000.0,4622000.0,55973000.0,178314000.0,4923000.0,0.0,12805000.0,106661000.0,0.3994180669,88727000.0,0.3322598402,5129000.0,93856000.0,0.3514666287,24185000.0,69671000.0,0.2609000116,0.87,0.85,79877000,82004000,https://www.sec.gov/Archives/edgar/data/1274494/000095015308001315/0000950153-08-001315-index.htm,https://www.sec.gov/Archives/edgar/data/1274494/000095015308001315/p75993e10vq.htm,3.343152597118069,0.8722285513977741,0.7413898869511875,-1.2654456226448163,7.924734278953892,15.6565844986667,15.23307084642638,15.6565844986667,1.667263417504413,21267251250.0,20889183250.0,76.31314051039887,79.64039698023899,359.12278368794324,-210.4001904432133,17.005624695646333,17.005624695646333,78.22462936403024,195.8464973139198,352.7386567038163,-206.6599055203799,0.0032759757798977,-0.0047528474089946,0.1064895998004159,0.0795018894055983,-3.544575805589672,3.0029579336004786,0.0,0.8499949763890284,0.0,0.0,0.0,0.0289281421204983,0.0201948505489126,2.706855791962175,0.6002823536460693,12.51854744240531,0.0,17.528910416365026,0.0463662000831191,0.0424486428753775,3.756954442455275,559324000.0,1216772000.0,414044000.0,1267421000.0,34907500.0,104773000.0,82730500.0,17.151635891117845,31.25256455317514,78.64231941867403,5.247312884399992,2.879763670173952,1.144421993975791,0.0557100146249683,2.006835509596004,2008-07-30,0.58,bmo,182216211.0,2025-04-20,2008-06-28,0.4655172413793104,275.497034375,4420490.46875
2008-03-29,FSLR,USD,1274494,2008-05-02,2008-05-01 19:03:33,2008,Q1,196915000.0,92591000.0,104324000.0,0.5297920423,4760000,0.0,0.0,28671000.0,12761000.0,33431000.0,126022000.0,0.0,0.0,9064000.0,79957000.0,0.4060482949,58132000.0,0.2952136709,7077000.0,65209000.0,0.3311530356,18590000.0,46619000.0,0.2367468197,0.59,0.57,79059000,81607000,https://www.sec.gov/Archives/edgar/data/1274494/000095015308000819/0000950153-08-000819-index.htm,https://www.sec.gov/Archives/edgar/data/1274494/000095015308000819/p75452e10vq.htm,2.490734767705132,0.589673534954907,0.8002883922134102,-0.1433865847025639,8.609570067923956,14.560986098989362,14.133090476732567,14.560986098989362,1.111612846102278,18079212120.0,17576561120.0,96.95195156481265,91.8122647842978,285.74699099099104,-1594.8493401552576,15.704980311455149,15.704980311455149,89.25963547723637,219.82517002889057,277.80245171487275,-1550.5082145377555,0.0025785968819088,-0.0006270184742984,0.0763418657600004,0.0594946109389713,-6.286516502620159,3.5050363566109315,0.0,1.357171968510693,0.0,0.0,0.0,0.0241728664652261,0.0229013938242261,1.179168642326537,0.3788741335093822,8.231023830538394,-0.0216083081532641,13.899285351123533,0.0327992490257061,0.032299612701184,5.036169190098534,570507000.0,1117348000.0,472269000.0,1133726000.0,36483000.0,96752000.0,49381500.0,8.649214127923216,162.38802907410007,56.92032702962491,10.40556964700909,0.554228045707308,1.5811574651206477,0.0404968132615575,0.943674976915974,2008-04-30,0.48,bmo,165823157.0,2025-04-20,2008-03-29,0.1874999999999999,204.466462295082,6121183.262295082
2007-12-29,FSLR,USD,1274494,2008-02-21,2008-02-21 17:32:07,2007,Q4,200797000.0,89847000.0,110950000.0,0.5525480958,4432000,0.0,0.0,28256000.0,0.0,32688000.0,122535000.0,0.0,0.0,6800000.0,85062000.0,0.4236218669,78262000.0,0.3897568191,7878000.0,86140000.0,0.428990473,23266000.0,62874000.0,0.313122208,0.84,0.81,74701000,77971000,https://www.sec.gov/Archives/edgar/data/1274494/000095015308000367/0000950153-08-000367-index.htm,https://www.sec.gov/Archives/edgar/data/1274494/000095015308000367/p75017e10vk.htm,2.6880095313315757,0.8416754795785867,1.3347344747727607,0.0397585039022235,8.526659616337131,14.688785960027309,14.241014176517048,14.688785960027309,1.4479725840350195,19873454040.0,19577355040.0,79.02095476667621,98.97286333959173,199.32054279581973,6691.398666666667,18.111775930562025,18.111775930562025,97.49824469489086,230.15394700336225,196.35082181613944,6591.702033670033,0.0031637177852149,0.0001494455867622,0.0985767365645736,0.0788770170464489,-3.480978580329642,4.303504971095786,0.0,1.5858065337023253,0.0,0.0,0.0,0.0220720429090076,0.0243919691507111,0.9702124245281126,0.4817601856601443,14.225882352941175,0.0,16.678483047477577,0.0466643275641092,0.0469958433711075,5.66978353703431,616031000.0,1063818000.0,528464000.0,1079584000.0,54012500.0,20662000.0,36045500.0,24.22237384024661,26.486026244615847,40.27246318741861,3.7155730727952334,3.398018229265156,2.234777634066262,0.0573005476333472,1.2949759708705373,2008-02-13,0.53,bmo,138210922.0,2025-04-20,2007-12-29,0.4528301886792452,192.1837828125,4010371.53125
2007-09-29,FSLR,USD,1274494,2007-11-07,2007-11-07 16:32:56,2007,Q3,159007000.0,76967000.0,82040000.0,0.5159521279,3854000,0.0,0.0,29887000.0,2805000.0,33741000.0,110708000.0,0.0,0.0,6531000.0,48299000.0,0.3037539228,48299000.0,0.3037539228,5350000.0,53649000.0,0.3374002402,7615000.0,46034000.0,0.2895092669,0.61,0.58,75666000,79088000,https://www.sec.gov/Archives/edgar/data/1274494/000095015307002323/0000950153-07-002323-index.htm,https://www.sec.gov/Archives/edgar/data/1274494/000095015307002323/p74582e10vq.htm,2.1014326117410724,0.6083842148388973,1.0693045753707082,0.207001823804615,9.01057278037692,12.962479845637407,12.962479845637407,12.962479845637407,1.4021753495625513,8908907273.4,8897851273.4,48.38221354542295,56.02839669574296,110.10885271783462,568.7867760582263,9.083130805377955,9.083130805377955,55.95886516568453,184.2243374272759,109.97220706216784,568.0809087275745,0.0051671881396102,0.0017581280755683,0.1081718441424972,0.090129940296783,-0.2289074307956686,7.09325334925884,0.0,1.7576139375244384,0.0,0.0,0.0,0.0242379266321608,0.0,0.8064145346681498,0.4103404252642965,9.990353697749196,0.0,13.320614954768256,0.0377245035200668,0.039106116776366,7.161575212116406,683596000.0,980819000.0,599448000.0,1001148000.0,50738000.0,33138500.0,29367500.0,30.555069902582904,17.40317278833786,37.28649940883756,2.945501361539744,5.1714708056171474,2.4137422774171293,0.0469342457680775,0.862302751566093,2007-11-07,0.19,bmo,61655775.0,2025-04-20,2007-09-29,1.5789473684210529,103.4906507936508,2870940.4285714286
2007-06-30,FSLR,USD,1274494,2007-08-02,2007-08-02 17:28:22,2007,Q2,77223000.0,48852000.0,28371000.0,0.3673905443,3763000,0.0,0.0,18808000.0,1523000.0,22571000.0,71423000.0,0.0,0.0,6027000.0,5800000.0,0.0751071572,5800000.0,0.0751071572,2064000.0,7864000.0,0.1018349455,-36554000.0,44418000.0,0.575191329,0.61,0.58,72596000,76089000,https://www.sec.gov/Archives/edgar/data/1274494/000095015307001657/0000950153-07-001657-index.htm,https://www.sec.gov/Archives/edgar/data/1274494/000095015307001657/p74163e10vq.htm,1.0637362940106894,0.6118518926662626,-0.1872554961705879,-0.733194666372803,4.339178467133175,6.629896964020056,6.629896964020056,6.629896964020056,1.6834398589453965,6480644920.0,6495056920.0,36.47533049664551,83.92117529751499,-476.7283301456525,-121.75484096417232,13.464764306966076,13.464764306966076,84.10780363363247,1119.8374,-477.7885037516551,-122.02560580156688,0.0068539474926208,-0.0082132257911146,0.2539164436613865,0.1689836451828786,2.4848275862068965,5.497413893677975,0.0,-0.3060470980233238,0.0,0.0,0.0,0.0487290056071377,0.0,-2.9154774165072825,0.5132279243230644,6.575908412145346,0.0,9.553616468458662,0.0487642500572043,0.061417675591666,1.6824997245027271,346944000.0,481304000.0,182179000.0,592503000.0,45142000.0,31306500.0,20935500.0,55.350996464783805,94.6831245394252,49.4620486366986,1.6259869875560609,0.950538973421022,1.819576877234803,0.0922867875604607,0.545939170202215,2007-07-31,0.02778,bmo,63708975.0,2025-04-20,2007-06-30,1.5197984161267102,68.05709365079365,1979337.1904761903
2007-03-31,FSLR,USD,1274494,2007-05-08,2007-05-07 19:19:06,2007,Q1,66949000.0,36907000.0,30042000.0,0.44872963,3058000,0.0,0.0,22164000.0,8474000.0,25222000.0,62129000.0,0.0,0.0,5123000.0,4820000.0,0.0719951007,4820000.0,0.0719951007,3489000.0,8309000.0,0.1241093967,3281000.0,5028000.0,0.0751019433,0.07,0.07,72347000,75392000,https://www.sec.gov/Archives/edgar/data/1274494/000095015307000999/0000950153-07-000999-index.htm,https://www.sec.gov/Archives/edgar/data/1274494/000095015307000999/p73797e10vq.htm,0.9253873692067396,0.0694983897051709,0.5380872738330545,-0.0252394708833814,4.49691072193733,5.283121622181984,5.283121622181984,5.283121622181984,1.324588441815141,3762767470.0,3533585470.0,187.09066577167857,56.203490268712,96.65718282000566,-2060.661265060241,9.844558524193,9.844558524193,52.78025765881492,733.1090186721992,90.77000359629068,-1935.150859802848,0.0013362505230757,-0.0004852811167733,0.2507207928459675,0.1548735137685996,-47.54813278008299,5.682156787987213,0.0,7.742442322991249,0.0,0.0,0.0,0.0456765597693766,0.0,1.0469059056230574,0.6087469566386354,7.95529962912356,0.0,2.8742459916576224,0.0050774522826196,0.0081258898802934,1.774748780184389,319295000.0,382218000.0,150944000.0,540213000.0,49136000.0,21651000.0,15766500.0,57.524234865345264,27.358224727016555,36.63451377787412,1.5645579677969663,3.289687137891077,2.456699727085136,0.0131547964774029,0.5633267447164361,2007-05-03,,bmo,,2025-04-20,2007-03-31,,41.30164098360655,1076850.2295081967
2006-12-30,FSLR,USD,1274494,2007-03-16,2007-03-16 06:02:11,2006,Q4,52695000.0,27080000.0,25615000.0,0.4860992504,1649000,0.0,0.0,14925000.0,1349000.0,17923000.0,45003000.0,0.0,0.0,3698000.0,11390000.0,0.2161495398,6693000.0,0.1270139482,6320000.0,13013000.0,0.2469494259,5025000.0,8038000.0,0.1525381915,0.14,0.14,56310000,58255000,https://www.sec.gov/Archives/edgar/data/1274494/000095015307000576/0000950153-07-000576-index.htm,https://www.sec.gov/Archives/edgar/data/1274494/000095015307000576/p73572e10vk.htm,0.935801811401172,0.1427455158941573,0.2366719943171727,-0.7418575741431362,5.477091102823655,7.306695080802699,7.306695080802699,7.306695080802699,1.4330847096430477,1680290400.0,1452895400.0,52.2608360288629,31.88709365214916,126.08166879267652,-40.2233542394791,4.083925724285437,4.083925724285437,27.57178859474333,127.5588586479368,109.01893899602312,-34.77989658639345,0.004783696913343,-0.0248611787581479,0.1961330935251798,0.1394911064631553,-19.96444249341528,7.461102682772262,0.0,1.657999502363772,0.0,0.0,0.0,0.0312932915836417,0.0,4.134538905980341,1.0456589809279817,14.900216333153056,0.0,4.844321838274772,0.0075234945976167,0.013894314705018,3.3956801633812823,336449000.0,411440000.0,221452000.0,515317000.0,49317000.0,23983000.0,13518000.0,94.75832621690864,106.62740029542098,54.87075332348597,0.949784610947892,0.8440607175139482,1.6402180496668686,0.0195362628815866,0.978529568460309,2007-03-16,,amc,,2025-04-20,2006-12-30,,27.611034482758622,1233702.0344827587
2006-09-30,FSLR,USD,1274494,2006-09-30,2006-09-30 00:00:00,2006,Q3,27426000.0,17883000.0,9543000.0,0.3479544957,1571000,0.0,0.0,10049000.0,0.0,11620000.0,29503000.0,0.0,0.0,-1071000.0,5098000.0,0.1858820098,-2077000.0,-0.0757310581,-625000.0,-1294000.0,-0.0471815066,60000.0,-1355000.0,-0.0494056734,-0.0241,-0.0234,56137000,57956000,,,0.4885547856137663,-0.0241373781997613,,,0.5645652599889556,2.1600370522115537,2.1600370522115537,2.1600370522115537,1.2650658211161978,1388829380.0,1428473380.0,-256.2415830258302,50.63915189965726,0.0,0.0,11.453507232512496,11.453507232512496,52.08464158098155,280.20270302079246,0.0,0.0,-0.0009756418027389,,0.5856685744445728,0.2783386766792346,7.77638289525304,1.2748132715393228,0.0,0.0,,,0.0,0.0572814117990228,0.0,0.0,,0.0,,,-0.0098770026305608,-0.0053106848627844,-1.1501727915634965,19390000.0,121258000.0,-43941000.0,176189000.0,,,,141.60905709910304,79.93457473578259,52.97433316557625,0.6355525687669455,1.1259207958194295,1.6989359680790423,-0.0111745204440119,,2007-02-13,-0.07,bmo,176151857.0,2025-04-20,2006-09-30,-2.714285714285714,,
2006-06-30,FSLR,USD,1274494,2006-06-30,2006-06-30 00:00:00,2006,Q2,27426000.0,0.0,27426000.0,1.0,0,0.0,0.0,0.0,0.0,0.0,0.0,0.0,0.0,0.0,27426000.0,1.0,27426000.0,1.0,-28781000.0,-1355000.0,-0.0494056734,1355000.0,-1355000.0,-0.0494056734,-0.0252,-0.0252,53757000,53757000,,,0.5101847201294715,-0.0252060196811578,,,,,,,,1329948180.0,,-245.37789298892983,48.49224021001969,0.0,0.0,0.0,0.0,,,0.0,0.0,-0.0010188366888099,,0.0,0.0,,0.0,0.0,0.0,,,0.0,0.0,0.0,0.0,,0.0,,,0.0,0.0,,,,,,,,,,0.0,0.0,0.0,0.0,0.0,0.0,,2006-06-30,,amc,,2025-04-20,2006-06-30,,,
2006-03-31,FSLR,USD,1274494,2006-03-31,2006-03-31 00:00:00,2006,Q1,27426000.0,0.0,27426000.0,1.0,0,0.0,0.0,0.0,0.0,0.0,0.0,0.0,0.0,0.0,27426000.0,1.0,27426000.0,1.0,-28781000.0,-1355000.0,-0.0494056734,1355000.0,-1355000.0,-0.0494056734,-0.0252,-0.0252,53757000,53757000,,,0.5101847201294715,-0.0252060196811578,,,,,,,,1329948180.0,,-245.37789298892983,48.49224021001969,0.0,0.0,0.0,0.0,,,0.0,0.0,-0.0010188366888099,,0.0,0.0,,0.0,0.0,0.0,,,0.0,0.0,0.0,0.0,,0.0,,,0.0,0.0,,,,,,,,,,0.0,0.0,0.0,0.0,0.0,0.0,,2006-03-31,,amc,,2025-04-20,2006-03-31,,,
2005-12-31,FSLR,USD,1274494,2005-12-31,2005-12-31 00:00:00,2005,Q4,13581000.0,0.0,13581000.0,1.0,0,0.0,0.0,0.0,-52853000.0,-52853000.0,-52853000.0,0.0,0.0,0.0,-39272000.0,-2.8916869155,-39272000.0,-2.8916869155,32068000.0,-7204000.0,-0.5304469479,7204000.0,-7204000.0,-0.5304469479,-0.15,-0.15,48846000,48846000,,,0.2780370961798304,-0.1474839290832412,,,0.348708184907669,0.2687835237276338,0.2687835237276338,0.2687835237276338,0.9974818818326988,1208450040.0,1240452040.0,-41.93677262631871,88.98093218466975,0.0,0.0,92.04433239393708,92.04433239393708,91.3373124217657,-31.58616928091261,0.0,0.0,-0.0059613552580129,,3.7110975702643,0.4782203290016096,-0.8148808311265023,0.7829740807360009,0.0,0.0,,,0.0,0.0,0.0,0.0,,0.0,,,-0.891400814862733,-0.0707078638451572,-1.380665765876428,-7360000.0,13129000.0,-62202000.0,66418000.0,,,,7.276341948310139,0.0,0.0,12.368852459016392,0.0,0.0,-0.5487089648868916,,2005-12-31,,amc,,2025-04-20,2005-12-31,,,
2005-09-30,FSLR,USD,1274494,2005-09-30,2005-09-30 00:00:00,2005,Q3,11494000.0,0.0,11494000.0,1.0,0,0.0,0.0,0.0,0.0,0.0,0.0,0.0,0.0,0.0,11494000.0,1.0,11494000.0,1.0,-11494000.0,248000.0,0.0215764747,-248000.0,248000.0,0.0215764747,0.0033,0.0033,48462000,50015000,,,0.2371755189633114,0.0051174115802071,,,,,,,,1198949880.0,,1208.618830645161,104.31093440055682,0.0,0.0,0.0,0.0,,,0.0,0.0,0.0002068476790706,,0.0,0.0,,0.0,0.0,0.0,,,0.0,0.0,0.0,0.0,,0.0,,,0.0,0.0,,,,,,,,,,0.0,0.0,0.0,0.0,0.0,0.0,,2005-09-30,,amc,,2025-04-20,2005-09-30,,,
2005-06-30,FSLR,USD,1274494,2005-06-30,2005-06-30 00:00:00,2005,Q2,11494000.0,0.0,11494000.0,1.0,0,0.0,0.0,0.0,0.0,0.0,0.0,0.0,0.0,0.0,11494000.0,1.0,11494000.0,1.0,-11494000.0,248000.0,0.0215764747,-248000.0,248000.0,0.0215764747,0.0033,0.0033,48462000,50015000,,,0.2371755189633114,0.0051174115802071,,,,,,,,1198949880.0,,1208.618830645161,104.31093440055682,0.0,0.0,0.0,0.0,,,0.0,0.0,0.0002068476790706,,0.0,0.0,,0.0,0.0,0.0,,,0.0,0.0,0.0,0.0,,0.0,,,0.0,0.0,,,,,,,,,,0.0,0.0,0.0,0.0,0.0,0.0,,2005-06-30,,amc,,2025-04-20,2005-06-30,,,
2005-03-31,FSLR,USD,1274494,2005-03-31,2005-03-31 00:00:00,2005,Q1,11494000.0,0.0,11494000.0,1.0,0,0.0,0.0,0.0,0.0,0.0,0.0,0.0,0.0,0.0,11494000.0,1.0,11494000.0,1.0,-11494000.0,248000.0,0.0215764747,-248000.0,248000.0,0.0215764747,0.0033,0.0033,48462000,50015000,,,0.2371755189633114,0.0051174115802071,,,,,,,,1198949880.0,,1208.618830645161,104.31093440055682,0.0,0.0,0.0,0.0,,,0.0,0.0,0.0002068476790706,,0.0,0.0,,0.0,0.0,0.0,,,0.0,0.0,0.0,0.0,,0.0,,,0.0,0.0,,,,,,,,,,0.0,0.0,0.0,0.0,0.0,0.0,,2005-03-31,,amc,,2025-04-20,2005-03-31,,,
2004-12-31,FSLR,USD,1274494,2004-12-31,2004-12-31 00:00:00,2004,Q4,3380000.0,0.0,3380000.0,1.0,0,0.0,0.0,0.0,-30303000.0,-30303000.0,-30303000.0,0.0,0.0,0.0,-26923000.0,-7.9653846154,-26923000.0,-7.9653846154,22730000.0,-4193000.0,-1.2405325444,4193000.0,-4193000.0,-1.2405325444,-0.0971,-0.0955,43198000,43918000,,,0.0782443631649613,-0.0970646789203203,,,0.0872957081346358,0.5241214871058846,0.5241214871058846,0.5241214871058846,0.3171443122366776,1068718520.0,1078953520.0,-63.720398282852365,316.1889112426035,0.0,0.0,47.20279669625899,47.20279669625899,319.2170177514793,-40.07553095865988,0.0,0.0,-0.0039233904171511,,0.6050969480146636,0.3280258589728241,-0.3801582290235115,2.2942275359611437,0.0,0.0,,,0.0,0.0,0.0,0.0,,0.0,,,-1.4787981983961331,-0.1003950676403687,-0.2364750682901986,6928000.0,22641000.0,-6843000.0,36205000.0,,,,116.9733727810651,0.0,0.0,0.7694058729797405,0.0,0.0,-0.1851950002208383,,2004-12-31,,amc,,2025-04-20,2004-12-31,,,
2004-09-30,FSLR,USD,1274494,2004-09-30,2004-09-30 00:00:00,2004,Q3,3381000.0,0.0,3381000.0,1.0,0,0.0,0.0,0.0,0.0,0.0,0.0,0.0,0.0,0.0,3381000.0,1.0,3381000.0,1.0,-7574000.0,-4193000.0,-1.2401656315,4193000.0,-4193000.0,-1.2401656315,-0.0971,-0.0971,43198000,43198000,,,0.0782675123848326,-0.0970646789203203,,,,,,,,1068718520.0,,-63.720398282852365,316.0953918958888,0.0,0.0,0.0,0.0,,,0.0,0.0,-0.0039233904171511,,0.0,0.0,,0.0,0.0,0.0,,,0.0,0.0,0.0,0.0,,0.0,,,0.0,0.0,,,,,,,,,,0.0,0.0,0.0,0.0,0.0,0.0,,2004-09-30,,amc,,2025-04-20,2004-09-30,,,
2004-06-30,FSLR,USD,1274494,2004-06-30,2004-06-30 00:00:00,2004,Q2,3381000.0,0.0,3381000.0,1.0,0,0.0,0.0,0.0,0.0,0.0,0.0,0.0,0.0,0.0,3381000.0,1.0,3381000.0,1.0,-7574000.0,-4193000.0,-1.2401656315,4193000.0,-4193000.0,-1.2401656315,-0.0971,-0.0971,43198000,43198000,,,0.0782675123848326,-0.0970646789203203,,,,,,,,1068718520.0,,-63.720398282852365,316.0953918958888,0.0,0.0,0.0,0.0,,,0.0,0.0,-0.0039233904171511,,0.0,0.0,,0.0,0.0,0.0,,,0.0,0.0,0.0,0.0,,0.0,,,0.0,0.0,,,,,,,,,,0.0,0.0,0.0,0.0,0.0,0.0,,2004-06-30,,amc,,2025-04-20,2004-06-30,,,
2004-03-31,FSLR,USD,1274494,2004-03-31,2004-03-31 00:00:00,2004,Q1,3381000.0,0.0,3381000.0,1.0,0,0.0,0.0,0.0,0.0,0.0,0.0,0.0,0.0,0.0,3381000.0,1.0,3381000.0,1.0,-7574000.0,-4193000.0,-1.2401656315,4193000.0,-4193000.0,-1.2401656315,-0.0971,-0.0971,43198000,43198000,,,0.0782675123848326,-0.0970646789203203,,,,,,,,1068718520.0,,-63.720398282852365,316.0953918958888,0.0,0.0,0.0,0.0,,,0.0,0.0,-0.0039233904171511,,0.0,0.0,,0.0,0.0,0.0,,,0.0,0.0,0.0,0.0,,0.0,,,0.0,0.0,,,,,,,,,,0.0,0.0,0.0,0.0,0.0,0.0,,2004-03-31,,amc,,2025-04-20,2004-03-31,,,
