date,symbol,reportedCurrency,cik,fillingDate,acceptedDate,calendarYear,period,revenue,costOfRevenue,grossProfit,grossProfitRatio,researchAndDevelopmentExpenses,generalAndAdministrativeExpenses,sellingAndMarketingExpenses,sellingGeneralAndAdministrativeExpenses,otherExpenses,operatingExpenses,costAndExpenses,interestIncome,interestExpense,depreciationAndAmortization,ebitda,ebitdaratio,operatingIncome,operatingIncomeRatio,totalOtherIncomeExpensesNet,incomeBeforeTax,incomeBeforeTaxRatio,incomeTaxExpense,netIncome,netIncomeRatio,eps,epsdiluted,weightedAverageShsOut,weightedAverageShsOutDil,link,finalLink,revenuePerShare,netIncomePerShare,operatingCashFlowPerShare,freeCashFlowPerShare,cashPerShare,bookValuePerShare,tangibleBookValuePerShare,shareholdersEquityPerShare,interestDebtPerShare,marketCap,enterpriseValue,peRatio,priceToSalesRatio,pocfratio,pfcfRatio,pbRatio,ptbRatio,evToSales,enterpriseValueOverEBITDA,evToOperatingCashFlow,evToFreeCashFlow,earningsYield,freeCashFlowYield,debtToEquity,debtToAssets,netDebtToEBITDA,currentRatio,interestCoverage,incomeQuality,dividendYield,payoutRatio,salesGeneralAndAdministrativeToRevenue,researchAndDdevelopementToRevenue,intangiblesToTotalAssets,capexToOperatingCashFlow,capexToRevenue,capexToDepreciation,stockBasedCompensationToRevenue,grahamNumber,roic,returnOnTangibleAssets,grahamNetNet,workingCapital,tangibleAssetValue,netCurrentAssetValue,investedCapital,averageReceivables,averagePayables,averageInventory,daysSalesOutstanding,daysPayablesOutstanding,daysOfInventoryOnHand,receivablesTurnover,payablesTurnover,inventoryTurnover,roe,capexPerShare,report_date,epsEstimated,time,revenueEstimated,updatedFromDate,fiscalDateEnding,surprise(%),QuarterAvgPrice,QuarterAvgVolume
2024-12-31,FTNT,USD,1262039,2025-02-21,2025-02-21 17:25:20,2024,Q4,1660100000.0,314500000.0,1345600000.0,0.8105535811,191100000,55100000.0,526500000.0,581600000.0,-1200000.0,771500000.0,1086000000.0,42300000.0,4900000.0,35200000.0,574100000.0,0.3458225408,574100000.0,0.3458225408,44300000.0,618400000.0,0.3725076803,86700000.0,526200000.0,0.3169688573,0.69,0.68,766500000,775200000,https://www.sec.gov/Archives/edgar/data/1262039/000126203925000011/0001262039-25-000011-index.htm,https://www.sec.gov/Archives/edgar/data/1262039/000126203925000011/ftnt-20241231.htm,2.165818656229616,0.6864970645792564,0.6230919765166341,0.4957599478147423,5.305283757338552,1.9488584474885844,1.491715590345727,1.9488584474885844,1.3035877364644488,72418920000.0,70537320000.0,34.40655644241733,43.62322751641467,151.63090452261306,190.5761052631579,48.479662605435806,48.479662605435806,42.48980181916752,122.86591186204494,147.69120603015077,185.62452631578947,0.0072660569917364,0.005247247542493,0.6656178872673718,0.1018426524362139,-3.277477791325553,1.470559263181225,117.16326530612244,0.9076396807297604,0.0,0.0,0.0331907716402626,0.115113547376664,0.0358902397803976,0.2043551088777219,0.058791639057888,2.772727272727273,0.0396361664959942,5.486567786725277,0.0865619533746622,0.0559031946200346,-3.8454011741682974,1910800000.0,1143400000.0,-2297800000.0,3610700000.0,1253750000.0,184400000.0,334900000.0,79.33618456719475,54.629570747217805,90.28616852146264,1.1344130107967747,1.6474594028287062,0.9968304278922344,0.3522559914312491,0.1273320287018917,2025-02-06,0.6,amc,1592625790.0,2025-05-06,2024-12-31,0.2333333333333333,88.9390625,4477968.546875
2024-09-30,FTNT,USD,1262039,2024-11-08,2024-11-08 16:03:38,2024,Q3,1508100000.0,263400000.0,1244700000.0,0.825343147,187300000,71700000.0,515900000.0,587600000.0,-1100000.0,774900000.0,1037200000.0,42400000.0,5000000.0,29800000.0,661200000.0,0.4384324647,470900000.0,0.3122471985,155500000.0,626400000.0,0.4153570718,81200000.0,539900000.0,0.3580001326,0.71,0.7,765000000,771900000,https://www.sec.gov/Archives/edgar/data/1262039/000126203924000043/0001262039-24-000043-index.htm,https://www.sec.gov/Archives/edgar/data/1262039/000126203924000043/ftnt-20240930.htm,1.971372549019608,0.7057516339869281,0.7949019607843137,0.7474509803921568,4.773464052287582,1.1870588235294115,0.7630065359477124,1.1870588235294115,1.3056209150326796,59325750000.0,57830250000.0,27.47071216892017,39.338074398249454,97.55920078934383,103.75262329485834,65.32953419226958,65.32953419226958,38.34642928187786,87.46256805807623,95.09990133201777,101.13719832109128,0.0091006013409017,0.0096383105144056,1.0943728664244026,0.1122684139177587,-2.261796733212341,1.3441643708643374,94.18,1.126319688831265,0.0,0.0,0.0475432663616471,0.1241960082222664,0.0366470854044283,0.0596941292550567,0.024070021881838,1.2181208053691277,0.043697367548571,4.341635158295877,0.0824978175574983,0.0633120690463905,-4.355522875816994,1336700000.0,583700000.0,-2723300000.0,2934500000.0,1063750000.0,155000000.0,368750000.0,62.3095285458524,60.78587699316629,121.05922551252849,1.4444018772148262,1.4806070826306914,0.7434377646062659,0.594538046470653,0.0474509803921568,2024-11-07,0.52,amc,1479698979.0,2025-04-25,2024-09-30,0.2115384615384615,68.31453125,5166655.296875
2024-06-30,FTNT,USD,1262039,2024-08-08,2024-08-07 17:39:34,2024,Q2,1434300000.0,275000000.0,1159300000.0,0.8082688419,165400000,56600000.0,501300000.0,557900000.0,-2200000.0,723300000.0,998300000.0,38300000.0,5000000.0,29200000.0,465200000.0,0.324339399,436000000.0,0.303981036,32300000.0,468300000.0,0.3265007321,76500000.0,379800000.0,0.2647981594,0.5,0.49,763800000,769900000,https://www.sec.gov/Archives/edgar/data/1262039/000126203924000037/0001262039-24-000037-index.htm,https://www.sec.gov/Archives/edgar/data/1262039/000126203924000037/ftnt-20240630.htm,1.8778476040848389,0.4972505891594658,0.4477611940298507,0.4175176747839748,4.371956009426551,0.37732390678188,0.1703325477873788,0.37732390678188,1.3070175438596492,45713430000.0,44503530000.0,30.09046208530805,31.87159590043924,133.665,143.34722483537158,158.6170367800139,158.6170367800139,31.02804852541309,95.66536973344796,130.1272807017544,139.5532455315146,0.0083082805206259,0.0069760680832744,3.446564885496183,0.1233468688298625,-2.600816852966466,1.3205110997771992,87.2,0.9004739336492891,0.0,0.0,0.0394617583490204,0.1153175765181621,0.0196326789107029,0.0675438596491228,0.0161054172767203,0.791095890410959,0.0445513490901485,2.0546415834405103,0.0842906981820511,0.0481076151390788,-4.479248494370254,1194000000.0,130100000.0,-2845400000.0,2594800000.0,1039800000.0,133650000.0,411350000.0,67.9815938088266,43.23272727272728,125.41090909090909,1.3238877607531845,2.081756245268736,0.7176409185803758,1.3178348369188064,0.0302435192458758,2024-08-06,0.41,amc,1404891079.0,2025-04-25,2024-06-30,0.3902439024390243,62.18206349206349,5605970.619047619
2024-03-31,FTNT,USD,1262039,2024-05-06,2024-05-06 16:34:04,2024,Q1,1353300000.0,304700000.0,1048600000.0,0.7748466711,173000000,54400000.0,501100000.0,555500000.0,-2900000.0,728500000.0,1033200000.0,32200000.0,5100000.0,28600000.0,348700000.0,0.257666445,320100000.0,0.2365329195,25300000.0,345400000.0,0.2552279613,39500000.0,299300000.0,0.2211630828,0.39,0.39,762400000,770500000,https://www.sec.gov/Archives/edgar/data/1262039/000126203924000020/0001262039-24-000020-index.htm,https://www.sec.gov/Archives/edgar/data/1262039/000126203924000020/ftnt-20240331.htm,1.775052465897167,0.3925760755508919,1.089192025183631,0.7981374606505771,3.965241343126967,-0.1803515215110178,-0.3942812172088142,-0.1803515215110178,1.3088929695697795,51705967999.99999,50772467999.99999,43.18908118944203,38.20732136259513,62.26633911368015,84.97283155299917,-376.0434036363636,-376.0434036363636,37.51752604743959,145.60501290507597,61.14218208092485,83.43873130649136,0.0057885000818474,0.0117684674233349,-7.220363636363636,0.1295728325132796,-2.6770863206194435,1.1997947584464794,62.76470588235294,2.7744737721349817,0.0,0.0,0.0401980344343456,0.1278356609768713,0.0212865924485454,0.2672206165703275,0.1639695559003916,7.758741258741258,0.0460356166408039,,0.073411531735223,0.039911988265102,-4.996852046169989,759300000.0,-300600000.0,-3239900000.0,2169800000.0,1199100000.0,169750000.0,462150000.0,66.25138550210596,39.93436166721365,129.81621266819823,1.3584621561935355,2.253698224852071,0.6932878270762229,-2.176727272727273,0.2910545645330535,2024-05-02,0.38,amc,1338062943.0,2025-04-25,2024-03-31,0.131578947368421,66.5695081967213,6236881.049180328
2023-12-31,FTNT,USD,1262039,2024-02-26,2024-02-23 18:25:06,2023,Q4,1415100000.0,315900000.0,1099200000.0,0.7767648929,152500000,54900000.0,507400000.0,562500000.0,-5300000.0,715000000.0,1030900000.0,30500000.0,5400000.0,30200000.0,414400000.0,0.2928414953,385400000.0,0.2723482439,30200000.0,415600000.0,0.2936894919,95200000.0,310900000.0,0.2197017879,0.41,0.4,764900000,772300000,https://www.sec.gov/Archives/edgar/data/1262039/000126203924000014/0001262039-24-000014-index.htm,https://www.sec.gov/Archives/edgar/data/1262039/000126203924000014/ftnt-20231231.htm,1.8500457576153744,0.4064583605700091,0.2506209962086547,0.2154530003922081,3.1630278467773567,-0.6058308275591581,-0.8173617466335469,-0.6058308275591581,1.3043535102627797,44769597000.0,44363997000.0,35.999997587648764,31.637055331778672,233.5398904538341,271.6601759708738,-96.61112861458784,-96.61112861458784,31.350432478270086,107.05597731660232,231.42408450704227,269.1990109223301,0.00694444490979,0.0036810695436905,-2.141346568839016,0.1367011530672691,-0.9787644787644788,1.1907233127184726,71.37037037037037,0.6165969765197813,0.0,0.0,0.0387958448166207,0.1077662356017242,0.0222898786317486,0.1403234220135628,0.0190092572963041,0.890728476821192,0.0448024874567168,,0.0839339545134864,0.0438066252412957,-5.241208001045888,709300000.0,-625200000.0,-3294000000.0,1915500000.0,1207900000.0,229100000.0,476150000.0,89.16684333262667,58.20512820512821,138.1196581196581,1.0093437945791726,1.5462555066079295,0.6516089108910891,-0.6709106603366423,0.0351679958164465,2024-02-06,0.43,amc,1409130437.0,2025-04-25,2023-12-31,0.186046511627907,55.270634920634926,7212350.333333333
2023-09-30,FTNT,USD,1262039,2023-11-07,2023-11-06 18:42:23,2023,Q3,1334600000.0,317700000.0,1016900000.0,0.7619511464,156900000,53500000.0,504400000.0,557900000.0,-5900000.0,714800000.0,1032500000.0,37000000.0,5400000.0,28300000.0,361500000.0,0.2708676757,303200000.0,0.227184175,24600000.0,327800000.0,0.2456166642,-300000.0,322900000.0,0.2419451521,0.41,0.41,781200000,791200000,https://www.sec.gov/Archives/edgar/data/1262039/000126203923000038/0001262039-23-000038-index.htm,https://www.sec.gov/Archives/edgar/data/1262039/000126203923000038/ftnt-20230930.htm,1.7083973374295955,0.4133384536610343,0.7055811571940604,0.6158474142345111,4.056323604710702,0.0948540706605222,-0.1163594470046082,0.0948540706605222,1.2764976958525345,45840816000.0,44645816000.0,35.49149581913905,34.34798141765323,83.1654862119013,95.28334234046976,618.6344939271255,618.6344939271255,33.452582047055294,123.50156569847856,80.99748911465893,92.7994512575348,0.0070439409281021,0.0104950138758437,13.384615384615383,0.1326059925394087,-3.30567081604426,1.3024664291586736,56.14814814814815,1.7070300402601424,0.0,0.0,0.0400869174284429,0.1175633148508916,0.0220608880510208,0.127177068214804,0.0525251011539037,2.477031802120141,0.0481792297317548,0.9392304216917072,0.0792307355225745,0.0441463981515661,-4.150409626216078,1103700000.0,-90900000.0,-2652500000.0,2306700000.0,1046300000.0,246100000.0,421900000.0,68.36655177581298,71.92634560906515,132.43626062322946,1.3164332215427106,1.251280031508468,0.679572192513369,4.3576248313090415,0.0897337429595494,2023-11-02,0.36,amc,1348830000.0,2025-04-25,2023-09-30,0.1388888888888888,66.19619047619047,5932400.365079365
2023-06-30,FTNT,USD,1262039,2023-08-07,2023-08-07 17:22:37,2023,Q2,1292800000.0,295800000.0,997000000.0,0.7711943069,153300000,49900000.0,515900000.0,565800000.0,-6200000.0,718000000.0,1013800000.0,31600000.0,5200000.0,27400000.0,331800000.0,0.2566522277,279000000.0,0.2158106436,20200000.0,299200000.0,0.2314356436,27600000.0,266300000.0,0.205987005,0.34,0.33,785000000,795900000,https://www.sec.gov/Archives/edgar/data/1262039/000126203923000032/0001262039-23-000032-index.htm,https://www.sec.gov/Archives/edgar/data/1262039/000126203923000032/ftnt-20230630.htm,1.6468789808917197,0.3392356687898089,0.6561783439490446,0.558343949044586,4.221019108280255,0.409171974522293,0.1918471337579617,0.409171974522293,1.2694267515923567,59338150000.0,57953150000.0,55.706111528351485,45.89894028465346,115.19734032226752,135.3825005703856,184.7389476961395,184.7389476961395,44.82762221534654,174.66289933694998,112.50854203067364,132.2225644535706,0.0044878379255167,0.0073864790189785,3.086239103362391,0.1324187494155835,-4.17420132610006,1.3935039707478718,53.65384615384615,1.9342846413819,0.0,0.0,0.0385983910891089,0.1185798267326732,0.0227889020985559,0.1490972626674432,0.0594059405940594,2.802919708029197,0.0502784653465346,1.767237643784821,0.0635461972108787,0.0364021597976898,-3.635859872611465,1377500000.0,150600000.0,-2286800000.0,2530000000.0,1083000000.0,238350000.0,339500000.0,75.10210396039604,72.50507099391481,114.49290060851928,1.1983685576566556,1.2412924884599246,0.7860749402072814,0.8290784557907845,0.0978343949044586,2023-08-03,0.34,amc,1304380000.0,2025-04-25,2023-06-30,0.1176470588235293,68.00161290322582,5062185.483870967
2023-03-31,FTNT,USD,1262039,2023-05-08,2023-05-08 16:56:07,2023,Q1,1262300000.0,307800000.0,954500000.0,0.7561593916,151100000,52800000.0,478300000.0,531100000.0,3200000.0,682200000.0,990000000.0,20600000.0,5000000.0,27500000.0,323600000.0,0.2563574428,273500000.0,0.216667987,17600000.0,291100000.0,0.2306107898,21300000.0,247700000.0,0.1962291056,0.32,0.31,783200000,793400000,https://www.sec.gov/Archives/edgar/data/1262039/000126203923000021/0001262039-23-000021-index.htm,https://www.sec.gov/Archives/edgar/data/1262039/000126203923000021/ftnt-20230331.htm,1.6117211440245147,0.3162665985699693,0.8650408580183861,0.8263534218590398,3.676072522982635,0.014555669050051,-0.2138661899897855,0.014555669050051,1.2715781409601634,52051471999.99999,50738171999.99999,52.534792087202256,41.23542105680107,76.82874095940959,80.42563658838071,4565.918596491228,4565.918596491228,40.19501861681058,156.79286773794806,74.89029077490774,78.39643386897403,0.0047587511069811,0.0124338462512645,86.92105263157895,0.1450316877186306,-4.05840543881335,1.3362867128579312,54.7,2.735163504238999,0.0,0.0,0.0418284084607462,0.1197021310306583,0.0261844474042416,0.0447232472324723,0.0240038025825873,1.1018181818181818,0.044601124930682,0.321835545983226,0.0709950440773137,0.037229085880903,-3.798582737487232,1096900000.0,-167500000.0,-2462200000.0,2193200000.0,1174450000.0,240900000.0,283650000.0,77.51564604293749,69.70760233918129,88.50877192982456,1.161055923473142,1.2911073825503356,1.016848364717542,21.7280701754386,0.0386874361593462,2023-05-04,0.29,amc,1200630000.0,2025-04-25,2023-03-31,0.1724137931034484,56.84838709677419,5210846.774193549
2022-12-31,FTNT,USD,1262039,2023-02-24,2023-02-23 21:22:11,2022,Q4,1283000000.0,297300000.0,985700000.0,0.7682774747,128900000,44300000.0,455900000.0,500200000.0,-1200000.0,627900000.0,925200000.0,9100000.0,4500000.0,27300000.0,400000000.0,0.3117692907,357800000.0,0.2788776306,10400000.0,368200000.0,0.2869836321,9200000.0,313800000.0,0.2445830086,0.4,0.4,780900000,791800000,https://www.sec.gov/Archives/edgar/data/1262039/000126203923000010/0001262039-23-000010-index.htm,https://www.sec.gov/Archives/edgar/data/1262039/000126203923000010/ftnt-20221231.htm,1.6429760532718658,0.4018440261237034,0.6762709693942887,0.6367012421564862,2.831348444102958,-0.3606095530797797,-0.5962351133307722,-0.3606095530797797,1.2740427711614803,38178201000.0,37485701000.0,30.416030114722755,29.756976617303195,72.29350691156978,76.78640587288817,-135.57599786931817,-135.57599786931817,29.217226032735777,93.7142525,70.9822022344253,75.39360619469026,0.0082193500945736,0.0130231385182345,-3.5170454545454546,0.1590237636480411,-1.73125,1.237785862785863,79.5111111111111,1.682919056724028,0.0,0.0,0.0345284489477786,0.1004676539360873,0.0295439948619139,0.0585116455216815,0.0240841777084957,1.1318681318681318,0.0426344505066251,,0.1107632266866923,0.0519192587690271,-4.123479318734793,732000000.0,-465600000.0,-2699200000.0,1814500000.0,1112450000.0,229250000.0,240200000.0,88.50584567420108,73.68314833501513,80.10090817356206,1.01688198462392,1.2214461791290057,1.1235827664399094,-1.1143465909090908,0.0395697272378025,2023-02-07,0.39,amc,1295295643.0,2025-04-25,2022-12-31,0.1282051282051281,52.11365079365079,5306053.968253968
2022-09-30,FTNT,USD,1262039,2022-11-07,2022-11-07 16:58:41,2022,Q3,1149500000.0,283000000.0,866500000.0,0.7538060026,134300000,40700000.0,427100000.0,467800000.0,200000.0,602100000.0,885100000.0,4600000.0,4500000.0,26400000.0,295600000.0,0.2571552849,265500000.0,0.230969987,-800000.0,264700000.0,0.2302740322,27300000.0,231600000.0,0.2014789039,0.29,0.29,786200000,798600000,https://www.sec.gov/Archives/edgar/data/1262039/000126203922000038/0001262039-22-000038-index.htm,https://www.sec.gov/Archives/edgar/data/1262039/000126203922000038/ftnt-20220930.htm,1.4620961587382346,0.2945815314169422,0.6143474942762656,0.5026710760620707,2.2009666751462733,-0.7921648435512593,-0.9944034596794707,-0.8073009412363267,1.2648181124395828,38626006000.0,38651906000.0,41.69473877374784,33.602441061331014,79.97102691511388,97.73786943319838,-60.85710729478494,-60.85710729478494,33.62497259678121,130.75746278755074,80.02465010351968,97.80340587044536,0.0059959603382239,0.0102314487291282,-1.5596344729793603,0.1855169699582076,0.0876184032476319,1.0728881853504102,59.0,2.090004327131112,0.0,0.0,0.0354066985645933,0.1168334058286211,0.0297981596356753,0.1817805383022774,0.0763810352327098,3.325757575757576,0.0475859069160504,,0.0931492749285338,0.0447371979369893,-4.322055456626813,202600000.0,-781800000.0,-2976500000.0,1251100000.0,941350000.0,204100000.0,205500000.0,75.4136581122227,68.40636042402826,68.62897526501767,1.1934177740863787,1.3156671315667132,1.3113994439295644,-0.3648968016385694,0.1116764182141948,2022-11-02,0.27,amc,1124558750.0,2025-04-25,2022-09-30,0.2222222222222222,54.17125,5279071.875
2022-06-30,FTNT,USD,1262039,2022-08-05,2022-08-05 16:07:39,2022,Q2,1030100000.0,250800000.0,779300000.0,0.7565284924,124300000,45400000.0,415500000.0,460900000.0,-8100000.0,585200000.0,836000000.0,2400000.0,4500000.0,25100000.0,213500000.0,0.2072614309,195300000.0,0.1895932434,-11400000.0,183900000.0,0.1785263567,2400000.0,173500000.0,0.1684302495,0.22,0.21,795400000,810100000,https://www.sec.gov/Archives/edgar/data/1262039/000126203922000029/0001262039-22-000029-index.htm,https://www.sec.gov/Archives/edgar/data/1262039/000126203922000029/ftnt-20220630.htm,1.2950716620568268,0.2181292431481016,0.4065878803117928,0.3564244405330651,2.2063112899170227,-0.4772441538848378,-0.6868242393764143,-0.493965300477747,1.2495599698265023,45003732000.0,45283132000.0,64.84687608069164,43.68870206776041,139.15810760667904,158.74332275132275,-114.54245864087554,-114.54245864087554,43.9599378701097,212.09897892271664,140.02205318491033,159.728860670194,0.0038552358279975,0.0062994775633274,-2.5181980147620258,0.1868731702710359,1.308665105386417,1.1206876921325288,43.4,1.8650519031141868,0.0,0.0,0.0440733909329191,0.1206678963207455,0.0314855038247237,0.1233766233766233,0.0387341034850985,1.589641434262948,0.0531016406174157,,0.0724737642844892,0.0338351729786653,-3.937610007543374,318000000.0,-546300000.0,-2721200000.0,1299300000.0,854950000.0,183900000.0,189900000.0,80.33686049898068,69.29425837320575,70.04784688995215,1.1202827623708538,1.298808907301916,1.2848360655737705,-0.4415881903792313,0.0501634397787276,2022-08-03,0.22,amc,1026702524.0,2025-04-25,2022-06-30,0.0909090909090908,59.38806451612904,6478617.741935484
2022-03-31,FTNT,USD,1262039,2022-05-06,2022-05-06 16:41:53,2022,Q1,954800000.0,253800000.0,701000000.0,0.7341851697,124900000,38600000.0,387600000.0,426200000.0,-8000000.0,551100000.0,804900000.0,1300000.0,4500000.0,25500000.0,168700000.0,0.176686217,151000000.0,0.1581483033,-12300000.0,138700000.0,0.1452660243,-8100000.0,138400000.0,0.1449518224,0.17,0.17,803400000,821000000,https://www.sec.gov/Archives/edgar/data/1262039/000126203922000019/0001262039-22-000019-index.htm,https://www.sec.gov/Archives/edgar/data/1262039/000126203922000019/ftnt-20220331.htm,1.1884490913617127,0.1722678615882499,0.4930296240975853,0.3404281802340054,2.6656708986806072,0.2902663679362708,0.0675877520537714,0.2709733632063729,1.2364948966890714,54912389999.99999,54977789999.99999,99.19145592485548,57.511929199832416,138.63264327190103,200.776563071298,252.23881488286628,252.23881488286628,57.58042521994134,325.8908713692946,138.79775309265335,201.0156855575868,0.0025203783699817,0.0049806610129335,4.54248966467616,0.1749924793403054,0.3876704208654416,1.2779525990838478,33.55555555555556,2.864063629790311,0.0,0.0,0.040427314620863,0.1308127356514453,0.0316575533966838,0.3095177985357233,0.1284038542103058,4.807843137254902,0.0557184750733137,1.0248414712071845,0.0508878280919415,0.025291473264866,-3.225292506845905,697800000.0,54300000.0,-2209600000.0,1663200000.0,799050000.0,161550000.0,180200000.0,74.50356095517387,61.95035460992908,65.46099290780141,1.207995951417004,1.4527761877504293,1.3748645720476709,0.6357372531005971,0.1526014438635798,2022-05-04,0.16,amc,884926131.0,2025-04-25,2022-03-31,0.1875,62.16967741935484,7716483.870967742
2021-12-31,FTNT,USD,1262039,2022-02-25,2022-02-25 16:15:15,2021,Q4,963600000.0,228300000.0,735300000.0,0.7630759651,112600000,41300000.0,367700000.0,409000000.0,-2900000.0,521600000.0,749900000.0,1000000.0,4500000.0,25300000.0,237100000.0,0.246056455,214900000.0,0.2230178497,-7600000.0,207300000.0,0.2151307597,3700000.0,199000000.0,0.2065172271,0.24,0.24,815000000,835000000,https://www.sec.gov/Archives/edgar/data/1262039/000126203922000008/0001262039-22-000008-index.htm,https://www.sec.gov/Archives/edgar/data/1262039/000126203922000008/ftnt-20211231.htm,1.1823312883435584,0.2441717791411043,0.4500613496932515,0.2644171779141104,3.130920245398773,0.9796319018404908,0.7480981595092024,0.9591411042944784,1.218282208588957,58582200000.0,58251500000.0,73.59572864321608,60.79514321295143,159.71155943293348,271.8431554524362,74.94204937955737,74.94204937955737,60.45195101701951,245.6832560101223,158.8099781897492,270.30858468677496,0.0033969362707443,0.0036785917906804,1.2644236919534348,0.1669848456691051,-1.39477013918178,1.5532548207583796,47.75555555555555,1.8450704225352117,0.0,0.0,0.042860107928601,0.1168534661685346,0.0318798465983004,0.4124863685932388,0.1570153590701536,5.980237154150197,0.0551058530510585,2.295515578767936,0.0586127051324248,0.0347270696635487,-2.30101226993865,1282500000.0,609700000.0,-1520100000.0,2158800000.0,706300000.0,145350000.0,176850000.0,75.4389788293898,58.501971090670175,69.30354796320631,1.193017209359911,1.5384097035040432,1.2986348122866893,0.254573365741333,0.1856441717791411,2022-02-03,0.23,amc,960237579.0,2025-04-25,2021-12-31,0.0869565217391303,65.80984375,5705867.1875
2021-09-30,FTNT,USD,1262039,2021-11-08,2021-11-08 17:13:58,2021,Q3,867200000.0,211200000.0,656000000.0,0.7564575646,107800000,35800000.0,347100000.0,382900000.0,-5200000.0,490700000.0,701900000.0,1200000.0,4600000.0,22900000.0,184200000.0,0.2124077491,166400000.0,0.1918819188,-9700000.0,156700000.0,0.1806964945,-9300000.0,163100000.0,0.1880765683,0.2,0.19,817700000,838600000,https://www.sec.gov/Archives/edgar/data/1262039/000126203921000030/0001262039-21-000030-index.htm,https://www.sec.gov/Archives/edgar/data/1262039/000126203921000030/ftnt-20210930.htm,1.060535648770943,0.1994619053442582,0.4877094288858994,0.4033264033264033,3.8168032285679354,1.3887733887733889,1.1458970282499694,1.3673718967836614,1.235416411887,47761857000.0,46915357000.0,73.20946811771918,55.07594211254612,119.76393430290872,144.8206701030928,42.71698148645023,42.71698148645023,54.09981203874539,254.6979207383279,117.64131644934804,142.25396300788356,0.0034148588485577,0.0069050916508543,0.8993828816742688,0.1684252838910662,-4.595548317046688,1.8032302092811647,36.17391304347826,2.4436274509803924,0.0,0.0,0.0412822878228782,0.1243081180811808,0.0332629886443573,0.1730190571715145,0.0795664206642066,3.013100436681223,0.060770295202952,2.4772199310012595,0.0465082808359058,0.0282571032571032,-1.4325241531123885,1765500000.0,937000000.0,-871500000.0,2520700000.0,594750000.0,137150000.0,163850000.0,62.77790590405904,60.63920454545455,75.8096590909091,1.4336253926268805,1.484188334504568,1.1871838111298485,0.1458724622126822,0.0843830255594961,2021-11-04,0.19,amc,810540000.0,2025-04-25,2021-09-30,0.0526315789473684,57.9,4828585.9375
2021-06-30,FTNT,USD,1262039,2021-08-02,2021-08-02 16:53:16,2021,Q2,801100000.0,186900000.0,614200000.0,0.7666957933,106600000,34400000.0,326900000.0,361300000.0,2000000.0,467900000.0,654800000.0,1200000.0,4500000.0,18800000.0,168300000.0,0.2100861316,147500000.0,0.1841218325,-2500000.0,145000000.0,0.1810011235,7500000.0,137500000.0,0.1716389964,0.17,0.16,816700000,835400000,https://www.sec.gov/Archives/edgar/data/1262039/000126203921000022/0001262039-21-000022-index.htm,https://www.sec.gov/Archives/edgar/data/1262039/000126203921000022/ftnt-20210630.htm,0.9808987388269866,0.1683604750826496,0.5120607322150116,0.4832863964736133,3.8119260438349456,1.285906697685809,1.129300844863475,1.285906697685809,1.2146443002326437,38907588000.0,38015788000.0,70.7410690909091,48.567704406441145,93.0358393113343,98.5750899417279,37.04778899257285,37.04778899257285,47.45448508301086,225.8810932857992,90.90336681013868,96.31565239422346,0.0035340150101311,0.0101445507236274,0.940297086269282,0.1776430588785551,-5.298871063576946,1.9555666750062544,32.77777777777778,3.0414545454545454,0.0,0.0,0.0429409561852452,0.1330670328298589,0.0230081490942452,0.0561932089909134,0.0293346648358507,1.2433862433862437,0.0656597178879041,2.207069755812611,0.0392851055092608,0.0253176210642607,-1.0801395861393412,1909700000.0,922300000.0,-600500000.0,2544100000.0,610950000.0,130750000.0,149700000.0,65.67719385844464,63.56340288924558,72.13483146067415,1.370338693123503,1.415909090909091,1.2476635514018692,0.1309274423919253,0.0287743357413983,2021-07-29,0.18,amc,801100000.0,2025-04-25,2021-06-30,0.0555555555555556,42.68857142857143,4808000.0
2021-03-31,FTNT,USD,1262039,2021-05-03,2021-05-03 17:13:16,2021,Q1,710300000.0,156600000.0,553700000.0,0.7795297762,97200000,32000000.0,304000000.0,336000000.0,-900000.0,433200000.0,589800000.0,1100000.0,1300000.0,17400000.0,136800000.0,0.1925946783,121600000.0,0.1711952696,-2200000.0,119400000.0,0.1680979868,12200000.0,107200000.0,0.1509221456,0.13,0.13,815000000,832000000,https://www.sec.gov/Archives/edgar/data/1262039/000126203921000014/0001262039-21-000014-index.htm,https://www.sec.gov/Archives/edgar/data/1262039/000126203921000014/ftnt-20210331.htm,0.8715337423312883,0.1315337423312883,0.3876073619631902,0.323680981595092,3.603558282208589,1.203435582822086,1.042085889570552,1.203435582822086,1.212638036809816,30057200000.000004,29184000000.000004,70.09608208955224,42.316204420667326,95.14783159227603,113.9393479909022,30.64559543230016,30.64559543230016,41.08686470505421,213.33333333333337,92.38366571699906,110.62926459438972,0.0035665331434731,0.0087765992840317,1.0063213703099512,0.1868539623641664,-6.383040935672515,2.011597595360962,93.53846153846152,2.9468283582089554,0.0,0.0,0.045051386737998,0.136843587216669,0.0248949301427435,0.1649256093700538,0.073349289032803,3.0115606936416186,0.0696888638603407,1.8872145299150656,0.032086762492354,0.0208127050692138,-0.9959815950920246,1901500000.0,849300000.0,-520200000.0,2527200000.0,678650000.0,135550000.0,144700000.0,80.75038716035478,74.42528735632185,85.97701149425288,1.11454573983995,1.2092664092664092,1.0467914438502677,0.1092985318107667,0.0639263803680981,2021-04-29,0.15,amc,681270000.0,2025-04-25,2021-03-31,0.0666666666666667,32.71622950819672,6522614.75409836
2020-12-31,FTNT,USD,1262039,2021-02-19,2021-02-19 16:39:22,2020,Q4,748000000.0,167000000.0,581000000.0,0.7767379679,89000000,32400000.0,291400000.0,323800000.0,1500000.0,412800000.0,579800000.0,2000000.0,2000000.0,16700000.0,184900000.0,0.2471925134,169400000.0,0.2264705882,2300000.0,171700000.0,0.2295454545,25000000.0,146700000.0,0.1961229947,0.18,0.18,812500000,827500000,https://www.sec.gov/Archives/edgar/data/1262039/000126203921000008/0001262039-21-000008-index.htm,https://www.sec.gov/Archives/edgar/data/1262039/000126203921000008/ftnt-20201231.htm,0.9206153846153846,0.1805538461538461,0.3649230769230769,0.3251692307692307,2.261292307692308,1.0535384615384615,0.9001846153846154,1.0535384615384615,0.0443076923076923,24139375000.0,23111575000.0,41.13731254260396,32.27189171122995,81.41441821247892,91.36780847842545,28.20020443925234,28.20020443925234,30.897827540106952,124.9949972958356,77.94797639123102,87.47757380772143,0.0060772078813142,0.0109447738394221,0.0397196261682243,0.0084064779329954,-5.55868036776636,1.4978955998906804,84.7,2.0211315610088616,0.0,0.0,0.0433155080213903,0.1189839572192513,0.0308072691309185,0.10893760539629,0.0431818181818181,1.934131736526946,0.0651069518716577,2.0688062933222966,0.0653430638509343,0.0374244240924513,-0.9123692307692308,910900000.0,731400000.0,-448100000.0,1483500000.0,633300000.0,118750000.0,137150000.0,86.63101604278074,76.31137724550898,75.34131736526946,1.038888888888889,1.1793785310734464,1.1945636623748213,0.1713785046728972,0.0397538461538461,2021-02-04,0.19,amc,678597938.0,2025-04-25,2020-12-31,0.1052631578947368,25.27578125,5881273.4375
2020-09-30,FTNT,USD,1262039,2020-11-06,2020-11-06 17:00:15,2020,Q3,651100000.0,139200000.0,511900000.0,0.7862079558,90000000,29400000.0,266700000.0,296100000.0,100000.0,386100000.0,525300000.0,2500000.0,2500000.0,16700000.0,142500000.0,0.2188603901,126900000.0,0.1949009369,1500000.0,128400000.0,0.1972047305,5000000.0,123400000.0,0.1895254185,0.15,0.15,810500000,828000000,https://www.sec.gov/Archives/edgar/data/1262039/000126203920000067/0001262039-20-000067-index.htm,https://www.sec.gov/Archives/edgar/data/1262039/000126203920000067/ftnt-20200930.htm,0.8033312769895127,0.152251696483652,0.2724244293645897,0.2291178285009253,2.0440468846391115,0.8799506477483036,0.764589759407773,0.8799506477483036,0.041332510795805,19095380000.0,18244080000.0,38.68594003241491,29.327875902319157,86.48269927536231,102.82918686052771,26.77422882781828,26.77422882781828,28.02039625249577,128.02863157894737,82.62717391304348,98.24491114701132,0.0064622961156049,0.0097248653862871,0.0434660684240044,0.0086442473927834,-5.974035087719298,1.449076324744774,50.76,1.7893030794165317,0.0,0.0,0.0451543541698663,0.1382276148057134,0.0260721655233952,0.1589673913043478,0.0539087697742282,2.1017964071856285,0.0757180156657963,1.7362069364523556,0.0628457235983475,0.0353308328800068,-0.9119062307217768,739000000.0,619700000.0,-488400000.0,1251900000.0,522650000.0,101550000.0,130250000.0,75.55521425280295,62.00431034482758,86.96120689655172,1.1911818514452983,1.451511991657977,1.0349442379182157,0.1730229949523275,0.0433066008636644,2020-10-29,0.16,amc,577022727.0,2025-04-25,2020-09-30,0.1249999999999999,25.82609375,7082851.5625
2020-06-30,FTNT,USD,1262039,2020-08-06,2020-08-06 17:10:22,2020,Q2,615500000.0,135100000.0,480400000.0,0.7805036556,82100000,28900000.0,253800000.0,282700000.0,2000000.0,364800000.0,499900000.0,4000000.0,4000000.0,17800000.0,133400000.0,0.2167343623,116700000.0,0.1896019496,2800000.0,121600000.0,0.1975629569,9500000.0,113800000.0,0.1848903331,0.14,0.14,808000000,827000000,https://www.sec.gov/Archives/edgar/data/1262039/000126203920000053/0001262039-20-000053-index.htm,https://www.sec.gov/Archives/edgar/data/1262039/000126203920000053/ftnt-20200630.htm,0.7617574257425742,0.1408415841584158,0.3056930693069307,0.2674504950495049,1.8897277227722773,0.6731435643564356,0.5610148514851485,0.6731435643564356,0.0391089108910891,22179600000.0,21290800000.0,48.7249560632689,36.03509341998375,89.79595141700405,102.63581675150394,40.77881963596249,40.77881963596249,34.5910641754671,159.60119940029986,86.19757085020242,98.52290606200832,0.0051308409529477,0.0097431874334974,0.0507446221731936,0.008286795172041,-6.662668665667167,1.3702462931943669,29.175,2.170474516695958,0.0,0.0,0.0469536961819658,0.1333874898456539,0.0272023058908304,0.1251012145748987,0.0502030869212022,1.7359550561797752,0.0794476035743298,1.4605302579286286,0.0625954573223948,0.0351234567901234,-1.0182858910891088,596800000.0,453300000.0,-578000000.0,1080000000.0,486700000.0,97500000.0,115500000.0,72.92120227457352,71.41376757957069,83.93782383419689,1.2342089432524563,1.2602611940298507,1.0722222222222222,0.2092296378010663,0.0382425742574257,2020-08-06,0.13,amc,487896341.0,2025-04-25,2020-06-30,0.2307692307692307,25.106349206349208,9228023.80952381
2020-03-31,FTNT,USD,1262039,2020-05-07,2020-05-06 19:33:53,2020,Q1,576900000.0,128700000.0,448200000.0,0.7769110764,80300000,28800000.0,260000000.0,288800000.0,28800000.0,369100000.0,497800000.0,9200000.0,9200000.0,17600000.0,96700000.0,0.1676200381,115900000.0,0.2009013694,400000.0,117100000.0,0.2029814526,13100000.0,104600000.0,0.1813139192,0.12,0.12,853000000,871000000,https://www.sec.gov/Archives/edgar/data/1262039/000126203920000032/0001262039-20-000032-index.htm,https://www.sec.gov/Archives/edgar/data/1262039/000126203920000032/ftnt-0331202010xq.htm,0.6763188745603751,0.1226260257913247,0.374443141852286,0.3420867526377491,1.6427901524032826,0.6287221570926143,0.5181711606096131,0.6287221570926143,0.0439624853458382,17256190000.0,16658390000.0,41.24328393881453,29.911925810365748,54.02689417658109,59.13704592186429,32.17637516315495,32.17637516315495,28.87569769457445,172.26876938986555,52.15525986224171,57.08838245373544,0.0060615929704065,0.0169098740799678,0.0527689725899683,0.0088266483687854,-6.182006204756981,1.3190537913156188,12.597826086956522,3.053537284894837,0.0,0.0,0.0499219968798752,0.1391922343560409,0.0294117647058823,0.0864120225422667,0.047841913676547,1.568181818181818,0.0776564395909169,1.317079434830096,0.0618892762359884,0.0336129052990134,-1.0082942555685814,492300000.0,442000000.0,-634600000.0,960800000.0,509500000.0,92100000.0,111450000.0,74.05616224648986,61.3986013986014,73.42657342657343,1.215293869812513,1.4658314350797266,1.2257142857142858,0.1950400895021443,0.0323563892145369,2020-05-06,0.1,amc,490365000.0,2025-04-25,2020-03-31,0.1999999999999999,21.43032258064516,9944822.58064516
2019-12-31,FTNT,USD,1262039,2020-02-26,2020-02-25 20:52:45,2019,Q4,614400000.0,140500000.0,473900000.0,0.7713216146,71200000,27200000.0,257100000.0,284300000.0,-600000.0,355500000.0,496000000.0,9900000.0,9900000.0,15700000.0,134100000.0,0.2182617188,118400000.0,0.1927083333,9300000.0,127700000.0,0.2078450521,12500000.0,115200000.0,0.1875,0.13,0.13,857500000,876000000,https://www.sec.gov/Archives/edgar/data/1262039/000126203920000011/0001262039-20-000011-index.htm,https://www.sec.gov/Archives/edgar/data/1262039/000126203920000011/ftnt-201910xk.htm,0.7165014577259475,0.1343440233236151,0.2220408163265306,0.1669970845481049,2.408862973760933,1.5415743440233236,1.426938775510204,1.5415743440233236,0.0472303206997084,18307625000.0,17115725000.0,39.73008897569444,29.797566731770832,96.15349264705884,127.84654329608938,13.849478024056284,13.849478024056284,27.857625325520832,127.63404175988067,89.89351365546219,119.523219273743,0.0062924601088344,0.0078218774963983,0.0231484983735532,0.0078754343070389,-8.88814317673378,1.879071661237785,11.95959595959596,1.6527777777777777,0.0,0.0,0.0442708333333333,0.1158854166666666,0.0252991892935272,0.2478991596638655,0.0768229166666666,3.006369426751593,0.0711263020833333,2.1586521817195363,0.0442847285238621,0.0304182509505703,-0.0359475218658892,1295400000.0,1223600000.0,205400000.0,1738000000.0,464200000.0,91150000.0,108550000.0,79.7314453125,61.75088967971531,75.52313167259787,1.1287892706228182,1.4574688796680495,1.191687871077184,0.0871472879945532,0.0550437317784256,2020-02-06,0.14,amc,565894736.0,2025-04-25,2019-12-31,0.0714285714285712,18.82015625,6431296.875
2019-09-30,FTNT,USD,1262039,2019-10-31,2019-10-31 17:13:21,2019,Q3,547500000.0,124100000.0,423400000.0,0.7733333333,69900000,26100000.0,227400000.0,253500000.0,-6000000.0,323400000.0,447500000.0,11400000.0,11400000.0,15000000.0,115000000.0,0.2100456621,100000000.0,0.1826484018,5400000.0,105400000.0,0.1925114155,25600000.0,80200000.0,0.1464840183,0.094,0.092,856500000,874000000,https://www.sec.gov/Archives/edgar/data/1262039/000126203919000033/0001262039-19-000033-index.htm,https://www.sec.gov/Archives/edgar/data/1262039/000126203919000033/ftnt-0930201910xq.htm,0.6392294220665499,0.0936368943374197,0.2582603619381202,0.2378283712784588,2.2653823701109164,1.401517805020432,1.3405720957384706,1.401517805020432,0.0456509048453006,13147275000.0,11999475000.0,40.98277743142145,24.01328767123288,59.43614376130199,64.54234167893962,10.9524116961013,10.9524116961013,21.916849315068493,104.3432608695652,54.24717450271248,58.90758468335788,0.0061001234096038,0.0154937049692807,0.023075641452849,0.0078125,-9.980869565217391,1.83784186601088,8.771929824561404,2.6975609756097563,0.0,0.0,0.0476712328767123,0.1276712328767123,0.0147224729241877,0.0791139240506329,0.0319634703196347,1.1666666666666667,0.0774429223744292,1.718359662284351,0.0343565707458191,0.0229575771454743,-0.078488032691185,1124300000.0,1148200000.0,121000000.0,1482000000.0,393600000.0,79150000.0,92450000.0,63.13972602739727,62.29653505237711,71.94198227236099,1.425410049466285,1.4447031431897557,1.251008064516129,0.0668110629790069,0.0204319906596614,2019-10-31,0.11,amc,457611940.0,2025-04-25,2019-09-30,0.1818181818181818,16.22625,7213210.9375
2019-06-30,FTNT,USD,1262039,2019-08-01,2019-08-01 17:18:57,2019,Q2,521700000.0,128300000.0,393400000.0,0.7540732222,67400000,24300000.0,226500000.0,250800000.0,-400000.0,318200000.0,446500000.0,11000000.0,11000000.0,15200000.0,90400000.0,0.1732796626,75200000.0,0.1441441441,10600000.0,85800000.0,0.1644623347,13100000.0,72700000.0,0.1393521181,0.084,0.084,855500000,875500000,https://www.sec.gov/Archives/edgar/data/1262039/000126203919000023/0001262039-19-000023-index.htm,https://www.sec.gov/Archives/edgar/data/1262039/000126203919000023/ftnt-0630201910xq.htm,0.6098188194038574,0.0849795441262419,0.2280537697253068,0.2078316773816481,2.139333722969024,1.311864406779661,1.2482758620689656,1.311864406779661,0.0430157802454704,13208920000.0,12212620000.0,45.42269601100413,25.318995591336016,67.70333162480779,74.29088863892014,11.769509043927648,11.769509043927648,23.409277362468853,135.09535398230088,62.59671963095848,68.68740157480315,0.0055038564848602,0.013460600866687,0.0229885057471264,0.0076571496408856,-11.021017699115044,1.8247661745381465,6.836363636363636,2.68363136176066,0.0,0.0,0.046578493387004,0.129193022810044,0.0161453077699293,0.088672475653511,0.0331608203948629,1.138157894736842,0.0862564692351926,1.5837729897243844,0.030697314119774,0.0219306184012066,-0.0838398597311513,1067000000.0,1067900000.0,113600000.0,1406100000.0,392050000.0,70800000.0,87050000.0,69.5399654974123,50.78721745908028,60.11691348402183,1.294219796576532,1.772099447513812,1.49708284714119,0.0647776886750423,0.0202220923436586,2019-08-01,0.1,amc,449741379.0,2025-04-25,2019-06-30,0.1999999999999999,16.465873015873015,8602142.857142856
2019-03-31,FTNT,USD,1262039,2019-05-08,2019-05-07 19:44:39,2019,Q1,472600000.0,113000000.0,359600000.0,0.7608971646,68600000,24500000.0,215900000.0,240400000.0,-500000.0,309000000.0,422000000.0,10200000.0,10200000.0,15700000.0,66300000.0,0.1402877698,50600000.0,0.1070672873,9700000.0,60300000.0,0.127592044,1500000.0,58800000.0,0.1244181126,0.07,0.068,851000000,874000000,https://www.sec.gov/Archives/edgar/data/1262039/000126203919000014/0001262039-19-000014-index.htm,https://www.sec.gov/Archives/edgar/data/1262039/000126203919000014/ftnt-0331201910xq.htm,0.555346650998825,0.0690951821386604,0.2365452408930669,0.2245593419506463,2.117273795534665,1.2433607520564045,1.176028202115159,1.2433607520564045,0.0443008225616921,14501040000.0,13311640000.0,61.65408163265306,30.683537875581887,72.03695976154992,75.88194662480377,13.704791607598525,13.704791607598525,28.166821836648328,200.7788838612368,66.12836562344759,69.65798011512297,0.0040548815809073,0.0131783651379487,0.0259899820432851,0.0085784696010231,-17.939668174962293,1.844295623056685,4.96078431372549,3.423469387755102,0.0,0.0,0.0518408802369868,0.1451544646635632,0.017874411205041,0.0506706408345752,0.0215827338129496,0.6496815286624203,0.0909860347016504,1.3903166353807603,0.0252850740659722,0.0186761529665862,-0.0186251468860164,1059000000.0,1000800000.0,165700000.0,1388300000.0,412750000.0,77800000.0,89200000.0,72.55607278882776,55.115044247787615,70.4070796460177,1.2404199475065616,1.6329479768786128,1.2782805429864252,0.0555713070598242,0.0119858989424206,2019-05-02,0.08,amc,400682608.0,2025-04-25,2019-03-31,0.1249999999999999,15.938688524590164,9392877.049180329
2018-12-31,FTNT,USD,1262039,2019-02-27,2019-02-26 19:50:32,2018,Q4,507000000.0,128500000.0,378500000.0,0.7465483235,65500000,22000000.0,205900000.0,227900000.0,-2300000.0,293400000.0,421900000.0,9300000.0,9300000.0,14700000.0,99800000.0,0.1968441815,85100000.0,0.1678500986,7000000.0,92100000.0,0.1816568047,-90500000.0,182600000.0,0.3601577909,0.21,0.21,852000000,879000000,https://www.sec.gov/Archives/edgar/data/1262039/000126203919000006/0001262039-19-000006-index.htm,https://www.sec.gov/Archives/edgar/data/1262039/000126203919000006/ftnt-201810xk.htm,0.5950704225352113,0.214319248826291,0.2115023474178403,0.1978873239436619,1.936150234741784,1.1856807511737089,1.114906103286385,1.1856807511737089,0.0109154929577464,12004680000.0,10892280000.0,16.43576122672508,23.677869822485206,66.61864594894561,71.20213523131673,11.883468620075233,11.883468620075233,21.48378698224852,109.14108216432864,60.44550499445061,64.60427046263345,0.0152107344802193,0.0140445226361718,0.0,0.0,-11.14629258517034,1.7676695319961797,9.150537634408602,0.9868565169769988,0.0,0.0,0.0433925049309664,0.1291913214990138,0.0195906432748538,0.0643729189789123,0.0228796844181459,0.7891156462585034,0.0840236686390532,2.391144010434167,0.0926227530462058,0.0605096596745866,-0.0467429577464788,964500000.0,949900000.0,153100000.0,1296200000.0,384450000.0,76499999.5,85400000.0,78.90532544378699,60.5136186770428,63.03501945525292,1.140607424071991,1.4872685185185186,1.4277777777777778,0.1807562858839833,0.0136150234741784,2019-02-06,0.1,amc,446847457.0,2025-04-25,2018-12-31,0.1999999999999999,15.231587301587302,14302722.222222222
2018-09-30,FTNT,USD,1262039,2018-11-07,2018-11-07 17:27:13,2018,Q3,453900000.0,111600000.0,342300000.0,0.7541308658,58700000,22500000.0,198300000.0,220800000.0,900000.0,279500000.0,391100000.0,6900000.0,6900000.0,14200000.0,77000000.0,0.1696408901,62800000.0,0.1383564662,7800000.0,70600000.0,0.155540868,11900000.0,58700000.0,0.1293236396,0.07,0.066,849000000,878500000,https://www.sec.gov/Archives/edgar/data/1262039/000126203918000040/0001262039-18-000040-index.htm,https://www.sec.gov/Archives/edgar/data/1262039/000126203918000040/ftnt-0930201810xq.htm,0.5346289752650176,0.0691401648998822,0.2081272084805653,0.1866902237926972,1.9248527679623089,1.0501766784452298,0.9985865724381624,1.0501766784452298,0.0081272084805653,15672540000.0,14503240000.0,66.7484667802385,34.528618638466625,88.69575551782683,98.8803785488959,17.577994616419918,17.577994616419918,31.952500550782112,188.35376623376624,82.07832484436899,91.50309148264984,0.0037454043824421,0.010113229891262,0.0,0.0,-15.185714285714283,1.8689630362442664,9.101449275362318,3.0102214650766608,0.0,0.0,0.0495703899537343,0.1293236395681868,0.0158494662565587,0.1029994340690435,0.040096937651465,1.2816901408450705,0.0951751487111698,1.278167143310514,0.0316146348257368,0.0215832628598742,0.0541813898704358,966200000.0,847800000.0,206200000.0,1275400000.0,329000000.0,65149999.5,79500000.0,64.32253800396563,53.70967661290322,65.16129032258064,1.3991985203452528,1.6756757008359715,1.381188118811881,0.0658366980708838,0.021436984687868,2018-11-01,0.08,amc,389057142.0,2025-04-25,2018-09-30,0.1249999999999999,15.28968253968254,7716373.015873016
2018-06-30,FTNT,USD,1262039,2018-08-07,2018-08-06 19:47:04,2018,Q2,441300000.0,113100000.0,328200000.0,0.7437117607,61200000,23500000.0,192800000.0,216300000.0,-5000000.0,277500000.0,390600000.0,5800000.0,5800000.0,13600000.0,64300000.0,0.145705869,50700000.0,0.1148878314,800000.0,51500000.0,0.1167006571,2200000.0,49300000.0,0.1117153864,0.058,0.056,843000000,867500000,https://www.sec.gov/Archives/edgar/data/1262039/000126203918000029/0001262039-18-000029-index.htm,https://www.sec.gov/Archives/edgar/data/1262039/000126203918000029/ftnt-0630201810xq.htm,0.5234875444839857,0.0584816132858837,0.1688018979833926,0.1550415183867141,1.700711743772242,0.9255041518386714,0.870344009489917,0.9255041518386714,0.0068801897983392,10529070000.0,9556970000.0,53.39284989858013,23.859211420802172,73.99205903021785,80.55906656465187,13.495347346834146,13.495347346834146,21.65640154090188,148.63094867807155,67.16071679550247,73.12142310635042,0.0046822748827769,0.0124132520725952,0.0,0.0,-15.11819595645412,1.7368227054920753,8.741379310344827,2.8864097363083165,0.0,0.0,0.0532517561749376,0.1386811692726036,0.0180533447218231,0.0815179198875614,0.0262859732608203,0.8529411764705882,0.092000906412871,1.1035451770552724,0.0325623446878775,0.0194923295903843,-0.0860023724792408,799600000.0,733700000.0,89300000.0,1102100000.0,323350000.0,59700000.0,79100000.0,68.03535010197145,50.68965517241379,62.22811671087533,1.3228417266187051,1.7755102040816326,1.446291560102302,0.0631889259164316,0.0137603795966785,2018-08-01,0.07,amc,387482926.0,2025-04-25,2018-06-30,0.1428571428571427,11.84359375,7848304.6875
2018-03-31,FTNT,USD,1262039,2018-05-08,2018-05-07 20:37:01,2018,Q1,399000000.0,97200000.0,301800000.0,0.7563909774,59100000,25000000.0,185300000.0,210300000.0,-200000.0,269400000.0,366600000.0,4500000.0,4500000.0,13200000.0,45600000.0,0.1142857143,32400000.0,0.0812030075,4300000.0,36700000.0,0.0919799499,-4900000.0,41600000.0,0.1042606516,0.05,0.048,838500000,859000000,https://www.sec.gov/Archives/edgar/data/1262039/000126203918000019/0001262039-18-000019-index.htm,https://www.sec.gov/Archives/edgar/data/1262039/000126203918000019/ftnt-0331201810xq.htm,0.4758497316636851,0.0496124031007751,0.1666070363744782,0.152772808586762,1.5550387596899224,0.827072152653548,0.7923673225998807,0.827072152653548,0.0053667262969588,8988720000.0,8153120000.0,54.01875,22.52812030075188,64.34302075876879,70.16955503512881,12.961384282624367,12.961384282624367,20.43388471177945,178.79649122807018,58.36163206871869,63.646526151444185,0.0046280226773111,0.0142511948308546,0.0,0.0,-18.32456140350877,1.685733708847237,7.2,3.358173076923077,0.0,0.0,0.06265664160401,0.1481203007518797,0.0121214645728329,0.0830350751610594,0.0290726817042606,0.8787878787878788,0.0914786967418546,0.9608555214987622,0.0267876626977265,0.0175409006577837,-0.1532200357781753,706100000.0,664400000.0,28600000.0,980300000.0,330642500.0,62854500.0,78645500.0,70.62406015037594,51.57407407407408,74.07407407407408,1.2743532417757906,1.7450628366247756,1.215,0.0599855803893294,0.0138342277877161,2018-05-03,0.05,amc,290181818.0,2025-04-25,2018-03-31,0.4000000000000001,9.741803278688524,8645377.049180327
2017-12-31,FTNT,USD,1262039,2018-02-26,2018-02-26 17:20:10,2017,Q4,416668000.0,105419000.0,311249000.0,0.7469952096,54774000,22349000.0,191928000.0,214277000.0,-1181000.0,269051000.0,374470000.0,4061000.0,4061000.0,14268000.0,56466000.0,0.1355179663,42198000.0,0.1012748759,2880000.0,45078000.0,0.1081868538,74039000.0,-28961000.0,-0.0695061776,-0.0338,-0.0338,857650000,857650000,https://www.sec.gov/Archives/edgar/data/1262039/000126203918000009/0001262039-18-000009-index.htm,https://www.sec.gov/Archives/edgar/data/1262039/000126203918000009/ftnt-201710xk.htm,0.4858252200781204,-0.033767854019705,0.1836903165627004,0.1677502477700694,1.4589599486970208,0.6871999067218563,0.6512784935579782,0.6871999067218563,0.0047350317728677,7495861000.0,6684857000.0,-64.70651047961051,17.99000883197174,47.5800802325729,52.10126432707078,12.718278792691263,12.718278792691263,16.043605460462526,118.38729500938618,42.43222124893679,46.46424227259142,-0.0038635988580898,0.0191933921933717,0.0,0.0,-14.362696135727694,1.6713216117629766,10.391036690470328,-5.439798349504506,0.0,0.0,0.0536374283602292,0.1314571793370261,0.0136444402714715,0.0867768595041322,0.0328102950070559,0.9581581160639192,0.0826893353941267,,-0.022028810744152,-0.0130038597140327,-0.1369763306710196,689597000.0,558569000.0,48281000.0,965800000.0,303092000.0,57276000.0,75443000.0,75.20771933529814,59.7692066894962,65.9861125603544,1.1966856699742954,1.5057921124426858,1.3639233545949725,-0.0491383274203099,0.015940068792631,2018-02-05,0.06,amc,377634374.0,2025-04-25,2017-12-31,0.0,8.147142857142857,7632809.523809524
2017-09-30,FTNT,USD,1262039,2017-11-02,2017-11-01 21:24:33,2017,Q3,374217000.0,93649000.0,280568000.0,0.7497468047,53486000,21025000.0,172361000.0,193386000.0,344000.0,246872000.0,340521000.0,3866000.0,3866000.0,13716000.0,47400000.0,0.1266644754,33696000.0,0.0900440119,4210000.0,37906000.0,0.1012941689,11296000.0,26700000.0,0.0713489767,0.03,0.03,877595000,894865000,https://www.sec.gov/Archives/edgar/data/1262039/000126203917000034/0001262039-17-000034-index.htm,https://www.sec.gov/Archives/edgar/data/1262039/000126203917000034/ftnt-0930201710xq.htm,0.4264119554008398,0.030424056654835,0.1850511910391467,0.1603245232709849,1.4536944718235632,1.0280653376557525,0.9906403295369732,1.0280653376557525,0.0044052210871757,6292356150.0,5386562150.0,58.917192415730334,16.814725546942014,38.74603540640394,44.7217921108742,6.974264900662251,6.974264900662251,14.394220866502591,113.64055168776372,33.168486145320195,38.28402380952381,0.0042432436059742,0.0223604634966506,0.0,0.0,-19.10957805907173,1.812629373439969,8.715985514743922,6.082397003745318,0.0,0.0,0.0561839788144312,0.1429277665098058,0.0137119725927543,0.1336206896551724,0.0579877450783903,1.583941605839416,0.0916580486722944,0.8388999682611107,0.0159328735132897,0.0113018982532852,0.0148106472803514,740012000.0,869381000.0,157597000.0,1012747000.0,266237500.0,43357000.0,80017000.0,62.04931897802612,42.80739783660263,70.72739698234898,1.450459110306629,2.102440338549267,1.2724913377267475,0.0295935049461054,0.0247266677681618,2017-10-26,0.05,amc,307378571.0,2025-04-25,2017-09-30,0.1999999999999999,7.593492063492063,7062587.301587301
2017-06-30,FTNT,USD,1262039,2017-08-02,2017-08-01 18:07:59,2017,Q2,363469000.0,95652000.0,267817000.0,0.7368358787,51159000,21911000.0,166337000.0,188248000.0,1243000.0,239407000.0,335059000.0,3163000.0,3163000.0,13999000.0,42400000.0,0.1166536899,28500000.0,0.0784110887,4406000.0,32906000.0,0.0905331679,9873000.0,23000000.0,0.0632791242,0.026,0.026,878705000,898505000,https://www.sec.gov/Archives/edgar/data/1262039/000126203917000027/0001262039-17-000027-index.htm,https://www.sec.gov/Archives/edgar/data/1262039/000126203917000027/ftnt-0630201710xq.htm,0.4136416658605562,0.0261748823552841,0.1647879550019631,0.0664614404151563,1.373981028900484,1.0494295582704094,1.009733642121076,1.0494295582704094,0.0035996153430332,6581500450.0,5728363450.0,71.53804836956522,18.10746019605524,45.452351174033154,112.69692551369864,7.137210821795846,7.137210821795846,15.76025314400953,135.10291155660377,39.56052106353591,98.08841523972605,0.0034946438391567,0.0088733565307284,0.0,0.0,-20.12115566037736,1.8120830834798576,9.010433133101486,6.295652173913044,0.0,0.0,0.0602829952485631,0.140752031122324,0.0147757584537747,0.5966850828729282,0.2377094057539982,6.171428571428572,0.0965694460875618,0.7861587897030925,0.0135231421663809,0.0098890279085565,0.0203122777268821,719115000.0,887258000.0,166082000.0,992509000.0,272293500.0,45430000.0,95708500.0,67.96409047264004,39.679149416635305,81.33138878434325,1.3242287121642693,2.2681937824571388,1.1065838336861833,0.0249420098271518,0.0983265145868067,2017-07-26,0.03675,amc,269259259.0,2025-04-25,2017-06-30,0.360544217687075,7.749206349206349,8381650.793650794
2017-03-31,FTNT,USD,1262039,2017-05-03,2017-05-02 18:12:47,2017,Q1,340576000.0,90564000.0,250012000.0,0.7340857841,51195000,22577000.0,170400000.0,192977000.0,302000.0,244172000.0,334736000.0,2392000.0,2392000.0,13493000.0,19300000.0,0.0566687024,5410000.0,0.0158848539,2700000.0,8104000.0,0.0237949826,-2613000.0,10700000.0,0.0314173635,0.012,0.012,872445000,891390000,https://www.sec.gov/Archives/edgar/data/1262039/000126203917000017/0001262039-17-000017-index.htm,https://www.sec.gov/Archives/edgar/data/1262039/000126203917000017/ftnt-0331201710xq.htm,0.3903695934987305,0.0122643834281817,0.1486626664145017,0.133188911621936,1.3739227114603212,1.029576649530916,0.9870662334015324,1.029576649530916,0.0027417201084309,6691653150.0,5868404150.0,156.34703621495328,19.64804669148736,51.593316499614495,57.5873765060241,7.4496639016575585,7.4496639016575585,17.23082116766889,304.0623911917098,45.24598419429453,50.50261746987952,0.0015990069658646,0.0173649167694831,0.0,0.0,-42.65538860103627,1.8866568991985613,2.261705685618729,12.121495327102805,0.0,0.0,0.066290637038429,0.150318871558771,0.0163571835900683,0.1040863531225906,0.0396387296814807,1.0,0.0977755332143192,0.5330199461252562,0.0050711473303424,0.0047975716216913,0.0969806119583469,759497000.0,861161000.0,246948000.0,952061000.0,291554500.0,52710500.0,105932500.0,71.3790460866297,48.38578243010467,104.32423479528288,1.2608742331856162,1.860050524759186,0.8626950408657051,0.0119120644721007,0.0154737547925657,2017-04-27,0.02722,amc,300529411.0,2025-04-25,2017-03-31,0.1021307861866274,7.0724193548387095,10758354.838709677
2016-12-31,FTNT,USD,1262039,2017-03-01,2017-03-01 14:20:23,2016,Q4,362830000.0,90891000.0,271939000.0,0.7494942535,45589000,17451000.0,162873000.0,180324000.0,-3650000.0,225913000.0,316804000.0,1964000.0,1964000.0,13624000.0,59350000.0,0.1635752281,45193000.0,0.124556955,-1686000.0,43507000.0,0.1199101508,18341000.0,25166000.0,0.0693603065,0.029,0.028,872445000,891390000,https://www.sec.gov/Archives/edgar/data/1262039/000126203917000008/0001262039-17-000008-index.htm,https://www.sec.gov/Archives/edgar/data/1262039/000126203917000008/ftnt-201610k.htm,0.4158772186212311,0.0288453713414599,0.1158090194797379,0.0964805804377353,1.2442331608296224,0.9601533621030552,0.915014700067053,0.9601533621030552,0.0022511447713036,5252118900.0,4543115900.0,52.1747486688389,14.475426232670948,51.98213426764452,62.39597619217336,6.269831713981813,6.269831713981813,12.521334784885484,76.54786689132266,44.96487326424973,53.97291206310737,0.0047915899238305,0.0160266744913181,0.0,0.0,-11.946133108677335,1.855126350308642,23.010692464358453,4.01482158467774,0.0,0.0,0.048096904886586,0.125648375272166,0.018402843816722,0.1668992547284658,0.0464763112201306,1.2377422196124486,0.0884188187305349,0.7894045579921691,0.0199475181725913,0.0119806146932246,0.0819043034231384,709276000.0,798300000.0,236456000.0,885906000.0,275993000.0,57131000.0,100309000.0,77.63916985916269,56.17585899594019,105.83919199920784,1.1592086850395211,1.6021116830007756,0.8503466277470599,0.0300424624648284,0.0193284390420026,2017-02-02,0.04107,amc,253959999.0,2025-04-25,2016-12-31,0.4609203798392986,6.249047619047619,14316634.92063492
2016-09-30,FTNT,USD,1262039,2016-11-08,2016-11-08 17:16:42,2016,Q3,316646000.0,84799000.0,231847000.0,0.7321962065,47239000,22006000.0,154831000.0,176837000.0,-787000.0,224076000.0,308875000.0,1888000.0,1888000.0,13055000.0,20926000.0,0.0660864183,5488000.0,0.0173316574,1101000.0,6589000.0,0.0208087265,298000.0,6291000.0,0.0198676124,0.008,0.008,866675000,889690000,https://www.sec.gov/Archives/edgar/data/1262039/000126203916000087/0001262039-16-000087-index.htm,https://www.sec.gov/Archives/edgar/data/1262039/000126203916000087/ftnt-2016093010xq.htm,0.365357256180229,0.0072587763579196,0.0878518475783886,0.0810211440274612,1.18893702945164,0.9497077912712376,0.9007828770877204,0.9497077912712376,0.0021784405919173,6404728250.0,5757215250.0,254.51948219678903,20.22677769496536,84.1188911070542,91.21075848417097,7.781340816534805,7.781340816534805,18.18186634285606,275.12258673420627,75.61453722796465,81.98942237855852,0.0009822430795561,0.0109636189482356,0.0,0.0,-30.942989582337763,1.8589383762460685,2.906779661016949,12.102845334604991,0.0,0.0,0.0694971671835425,0.1491855257922096,0.0210938432761571,0.0777525315541312,0.0186959569992989,0.4534661049406358,0.0981948295572974,0.3938383175870069,0.0041592275039935,0.0031970394733498,0.0801413447947616,644513000.0,780686000.0,207801000.0,813024000.0,246683500.0,57225000.0,87489000.0,67.9273384157703,61.058503048385006,99.4798287715657,1.324945185532328,1.473996175908222,0.9047060204201384,0.0076431681667087,0.0068307035509273,2016-10-27,0.03414,amc,263833333.0,2025-04-25,2016-09-30,0.1716461628588168,6.98828125,7371679.6875
2016-06-30,FTNT,USD,1262039,2016-08-05,2016-08-05 17:19:25,2016,Q2,311391000.0,84503000.0,226888000.0,0.7286273527,45502000,22184000.0,162694000.0,184878000.0,-1350000.0,230380000.0,314883000.0,1705000.0,1705000.0,11291000.0,7799000.0,0.0250456821,-4045000.0,-0.0129900993,355000.0,-3690000.0,-0.0118500535,-2302000.0,-1388000.0,-0.0044574185,-0.0016,-0.0016,860375000,860375000,https://www.sec.gov/Archives/edgar/data/1262039/000126203916000079/0001262039-16-000079-index.htm,https://www.sec.gov/Archives/edgar/data/1262039/000126203916000079/ftnt-2016063010xq.htm,0.3619247421182623,-0.0016132500363213,0.0789667296237106,0.0621798634316431,1.144579979660032,0.9352038355368298,0.8820607293331396,0.9352038355368298,0.0019816940287665,5437570000.0,4841190000.0,-979.389409221902,17.462193833476242,80.03370571525294,101.64062207933009,6.757885029815094,6.757885029815094,15.546981126622155,620.7449673035004,71.25579546959862,90.49291562301394,-0.0002552610816964,0.0098385859860194,0.0,0.0,-76.46877804846775,1.849659272860414,-2.372434017595308,-48.94884726224784,0.0,0.0,0.0712416222691086,0.1461249682874585,0.0233259428480474,0.2125815045407044,0.0463822011554605,1.279160393233549,0.0974562527497583,,-0.0012388182151797,-0.00072501051213,0.0704620078454162,621920000.0,758903000.0,198332000.0,793279000.0,237257000.0,52437500.0,79743000.0,73.52206711176623,60.62269978580642,86.53219412328556,1.2241222742443365,1.484592410400562,1.0400753258581856,-0.0017250250426906,0.0167868661920674,2016-07-28,0.03015,amc,311400000.0,2025-04-25,2016-06-30,-0.0049751243781094,6.475,9013453.125
2016-03-31,FTNT,USD,1262039,2016-05-06,2016-05-06 17:29:33,2016,Q1,284576000.0,77749000.0,206827000.0,0.7267900315,44966000,19802000.0,147403000.0,167205000.0,-1312000.0,212171000.0,289920000.0,1746000.0,1746000.0,10550000.0,7186000.0,0.0252516024,-5672000.0,-0.0199314067,434000.0,-5238000.0,-0.0184063308,-1809000.0,-3429000.0,-0.0120495052,-0.004,-0.004,858725000,858725000,https://www.sec.gov/Archives/edgar/data/1262039/000126203916000064/0001262039-16-000064-index.htm,https://www.sec.gov/Archives/edgar/data/1262039/000126203916000064/ftnt-2016033110xq.htm,0.3313936359137093,-0.0039931293487437,0.1171399458499519,0.0822556697429328,1.1093178840723166,0.8645410346734985,0.8399126612128446,0.8645410346734985,0.0020332469649771,5263984250.0,4695976250.0,-383.7842118693497,18.497639470651077,52.33056883816644,74.52373823175479,7.090467374188951,7.090467374188951,16.50165948639379,653.4895978291122,46.68386088218628,66.48228569406102,-0.0006514077241017,0.0134185431880803,0.0,0.0,-79.04369607570275,1.8705404296551065,-3.24856815578465,47.49338999055713,0.0,0.0,0.0695842235466096,0.1580105138873271,0.0116747197520757,0.2978000019882494,0.1052653772630158,2.839431279620853,0.1015616215000562,,-0.0033029556699261,-0.0019152444296492,0.1021301930187196,598359000.0,721254000.0,216583000.0,735290000.0,239849000.0,54727500.0,81053500.0,69.619890644327,55.511324904500384,90.56720986765104,1.2927340041338269,1.6212907934521947,0.993737138767111,-0.0046187852150381,0.0348842761070191,2016-04-26,0.015,amc,213450000.0,2025-04-25,2016-03-31,0.3333333333333334,5.521639344262295,13856844.262295082
2015-12-31,FTNT,USD,1262039,2016-02-26,2016-02-26 17:36:02,2015,Q4,296529000.0,81976000.0,214553000.0,0.7235481184,42814000,20315000.0,136840000.0,157155000.0,-1007000.0,199969000.0,281945000.0,1176000.0,1176000.0,9383000.0,23967000.0,0.080825147,12867000.0,0.043392046,169000.0,13036000.0,0.0439619734,15570000.0,-2534000.0,-0.0085455385,-0.0029,-0.0029,859155000,859155000,https://www.sec.gov/Archives/edgar/data/1262039/000126203916000053/0001262039-16-000053-index.htm,https://www.sec.gov/Archives/edgar/data/1262039/000126203916000053/ftnt-201510k.htm,0.3451402831852226,-0.0029494095943106,0.0797970098527041,0.070083977861969,1.0374740297152434,0.8792092230156374,0.8532162415396524,0.8792092230156374,0.0013687867730502,5352535650.0,4809258650.0,-528.0717886740332,18.050631304189476,78.07310087808864,88.89335608589508,7.085912928246426,7.085912928246426,16.218510331198633,200.66168690282475,70.1487594445579,79.8707696012489,-0.0004734204806277,0.0112494346487911,0.0,0.0,-22.667709767597117,1.87210720968954,10.941326530612244,-27.05524861878453,0.0,0.0,0.068509319493203,0.1443838545302483,0.0124724240579499,0.121721753843461,0.0281422727625291,0.8893744005115635,0.0947192348809054,,-0.0022495583645824,-0.001433113634487,0.1080413313080876,591873000.0,733045000.0,235410000.0,705272000.0,216837000.0,55146500.0,82057000.0,78.7803891019091,67.51976188152629,92.07719332487557,1.1424162919984744,1.3329430894308942,0.9774407402108076,-0.0033546163041765,0.009713031990735,2016-01-28,0.041,amc,296500000.0,2025-04-25,2015-12-31,-0.024390243902439,7.1815625,11180804.6875
2015-09-30,FTNT,USD,1262039,2015-11-09,2015-11-06 20:57:10,2015,Q3,260068000.0,71701000.0,188367000.0,0.7242990295,42110000,21220000.0,120994000.0,142214000.0,-653000.0,184324000.0,256025000.0,1333000.0,1333000.0,8824000.0,14567000.0,0.0560122737,-1840000.0,-0.0070750727,680000.0,-1160000.0,-0.0044603719,-9329000.0,8169000.0,0.0314110156,0.01,0.01,858240000,889485000,https://www.sec.gov/Archives/edgar/data/1262039/000126203915000048/0001262039-15-000048-index.htm,https://www.sec.gov/Archives/edgar/data/1262039/000126203915000048/ftnt-2015093010xq.htm,0.3030247949291573,0.0095183165548098,0.0758121271439224,0.0602861670395227,1.0581632177479492,0.9267640753169276,0.8997005499627144,0.9267640753169276,0.0015531785980611,7295040000.0,6754328000.0,223.253764230628,28.05050986665026,112.11926535003458,140.99420177812138,9.171697766870423,9.171697766870423,25.971392097451435,463.6732340221048,103.80892953200646,130.54364128333978,0.0011198019476246,0.0070924902399438,0.0,0.0,-37.11896752934715,2.0753928646038857,-1.3803450862715678,7.964867180805484,0.0,0.0,0.0815940446344802,0.1619191903655966,0.0136055338269759,0.2047952047952048,0.0512365996585508,1.5100861287398006,0.1018041435316917,0.4455084302356952,0.0117366543554449,0.0048511056767853,0.1946742752609992,648606000.0,772159000.0,339953000.0,755205000.0,175480000.0,45564500.0,74545500.0,60.25343371733546,61.245589322324655,100.72579182996051,1.4936908064395702,1.469493574898039,0.8935149415547192,0.0102704850223664,0.0155259601043997,2015-10-22,0.02586,amc,222942857.0,2025-04-25,2015-09-30,0.1600928074245939,8.85015625,8155937.5
2015-06-30,FTNT,USD,1262039,2015-08-04,2015-08-04 17:29:59,2015,Q2,239785000.0,69498000.0,170287000.0,0.7101653565,37389000,18018000.0,111928000.0,129946000.0,-830000.0,167335000.0,236833000.0,1364000.0,1364000.0,7029000.0,9981000.0,0.0416247889,2952000.0,0.0123110286,534000.0,3486000.0,0.0145380236,2694000.0,792000.0,0.0033029589,0.0009,0.0009,849650000,881170000,https://www.sec.gov/Archives/edgar/data/1262039/000126203915000024/0001262039-15-000024-index.htm,https://www.sec.gov/Archives/edgar/data/1262039/000126203915000024/ftnt-2015063010xq.htm,0.2822162066733361,0.0009321485317483,0.0992232095568763,0.0865579944683104,1.027513682104396,0.8836897546048373,0.8795504031071618,0.8836897546048373,0.0016053669157888,7026605500.0,6545212500.0,2217.994160353536,29.3037742144004,83.3474349089615,95.54287909278798,9.358488040520651,9.358488040520651,27.29617157036512,655.7672076946197,77.6372990925805,88.99723294898293,0.0001127144536576,0.010466504772468,0.0,0.0,-48.23093878368901,2.1148277283349164,2.164222873900293,106.44570707070709,0.0,0.0,0.0751423149905123,0.1559271847696895,0.0021914465665883,0.1276436747523871,0.044877702942219,1.5309432351685872,0.0902683654106804,0.1361393676116846,0.0006451452284303,0.0004945799161836,0.2189575119166715,630211000.0,747310000.0,341461000.0,705193000.0,169351500.0,41250000.0,70452500.0,66.37783848030527,54.82517482517483,89.15436415436416,1.3558742203800982,1.6415816326530612,1.0094850751688575,0.0010548368665484,0.0126652150885658,2015-07-22,0.0166,amc,196200000.0,2025-04-25,2015-06-30,0.2048192771084337,7.765555555555556,8490873.015873017
2015-03-31,FTNT,USD,1262039,2015-05-01,2015-05-01 17:11:02,2015,Q1,212886000.0,63602000.0,149284000.0,0.7012391609,35816000,11961000.0,100609000.0,112570000.0,-677000.0,148386000.0,211988000.0,1422000.0,1422000.0,6353000.0,7251000.0,0.0340604831,898000.0,0.0042182201,745000.0,1643000.0,0.0077177456,83000.0,1560000.0,0.0073278656,0.002,0.002,840385000,868600000,https://www.sec.gov/Archives/edgar/data/1262039/000126203915000016/0001262039-15-000016-index.htm,https://www.sec.gov/Archives/edgar/data/1262039/000126203915000016/ftnt-2015033110xq.htm,0.2533196094647096,0.0018562920566169,0.0768921387221333,0.0710293496433182,0.956653200616384,0.8564491274832369,0.850043729957103,0.8564491274832369,0.0016920816054546,5874291150.0,5487939150.0,941.3928125,27.593600095825938,90.90656231139448,98.41002395630905,8.161605605858725,8.161605605858725,25.778769623178604,756.8527306578403,84.92763970349279,91.93759884071568,0.0002655639565975,0.0101615664725777,0.0,0.0,-53.28258171286719,2.143718197646505,0.6315049226441631,41.422435897435896,0.0,0.0,0.0561850004227614,0.1682402788346814,0.0035927312432798,0.0762469242792367,0.0231438422442058,0.7755391153785614,0.0886859633794613,0.1891320795779534,0.0008703292159673,0.0010449320794148,0.2175449347620436,593170000.0,714364000.0,333247000.0,662040000.0,173297500.0,45055500.0,70768500.0,68.42563625602435,56.83406182195529,101.96849155686928,1.3152965017855598,1.5835574146001394,0.8826255897862892,0.0021674282768806,0.005862789078815,2015-04-20,0.01563,amc,159675000.0,2025-04-25,2015-03-31,0.2795905310300702,6.525737704918033,9137844.262295082
2014-12-31,FTNT,USD,1262039,2015-03-02,2015-02-27 21:06:38,2014,Q4,223969000.0,65624000.0,158345000.0,0.7069951645,33097000,12104000.0,93228000.0,105332000.0,-1200000.0,138429000.0,204053000.0,1402000.0,1402000.0,5509000.0,25425000.0,0.1135201747,19916000.0,0.0889230206,202000.0,20118000.0,0.0898249311,13305000.0,6813000.0,0.0304193884,0.008,0.008,827195000,854635000,https://www.sec.gov/Archives/edgar/data/1262039/000126203915000009/0001262039-15-000009-index.htm,https://www.sec.gov/Archives/edgar/data/1262039/000126203915000009/ftnt-201410k.htm,0.2707571975169096,0.0082362683526858,0.0427517090891506,0.0362296677325177,0.8704356288420505,0.8171785371043103,0.8103409715967819,0.8171785371043103,0.0016948845193696,5070705350.0,4787451350.0,186.0672739615441,22.640210698802065,143.38608047732157,169.198349961627,7.50142070755038,7.50142070755038,21.375508887390662,188.29700491642083,135.37640962560798,159.74678334278755,0.0013436000575344,0.0059102231211285,0.0,0.0,-11.140766961651918,2.1086762975973703,14.205420827389444,5.190664905328049,0.0,0.0,0.0540431934776687,0.1477749152784537,0.0039697523958185,0.1525562719149417,0.024088155057173,0.979306589217644,0.0744790573695466,0.3891481578808302,0.0072653899907123,0.0048008692723226,0.1746942982005452,550409000.0,670310000.0,298057000.0,614984000.0,150561500.0,43233500.0,60410500.0,74.23656845366993,68.49978666341583,95.28419480677802,1.212340519971203,1.3138727050673713,0.94454279833614,0.0100789092942544,0.0065220413566329,2015-01-28,0.02953,amc,223969000.0,2025-04-25,2014-12-31,0.0159160176092109,5.38921875,8798203.125
2014-09-30,FTNT,USD,1262039,2014-11-06,2014-11-06 17:31:35,2014,Q3,193348000.0,56885000.0,136463000.0,0.7057895608,30790000,9789000.0,80433000.0,90222000.0,-1005000.0,121012000.0,177897000.0,1339000.0,1339000.0,5605000.0,21056000.0,0.1089020833,15451000.0,0.0799129032,334000.0,15785000.0,0.0816403583,11729000.0,4056000.0,0.0209777189,0.004,0.004,821470000,848635000,https://www.sec.gov/Archives/edgar/data/1262039/000126203914000039/0001262039-14-000039-index.htm,https://www.sec.gov/Archives/edgar/data/1262039/000126203914000039/ftnt-2014093010q.htm,0.2353683031638404,0.0049374901091944,0.068801051773041,0.0617648849014571,0.8041571816377957,0.7903222272268008,0.7831058955287472,0.7903222272268008,0.0016300047475866,4148423500.0,3890327500.0,255.69671474358967,21.455735254566896,73.40004069499983,81.7616677835153,6.389798775772997,6.389798775772997,20.12085721083228,184.76099449088147,68.83342474963729,76.67482951633883,0.0009777208137018,0.0122306702775162,0.0,0.0,-12.25759878419453,2.0631720430107525,11.539208364451085,13.934418145956608,0.0,0.0,0.0506289178062353,0.1592465399176614,0.0045162238943898,0.1022683039031812,0.0298942838819124,1.031222123104371,0.0758580383557109,0.2963101146606373,0.004521301853081,0.0031040665874323,0.1341187140126845,461944000.0,643298000.0,233065000.0,524684000.0,122103500.0,36184000.0,49084000.0,54.1737178558868,57.779731036301314,81.23336556209898,1.6613221975906929,1.5576396495071194,1.1079191336865066,0.00624743925844,0.0070361668715838,2014-10-22,0.01853,amc,177191666.0,2025-04-25,2014-09-30,0.0793308148947651,5.05078125,8081179.6875
2014-06-30,FTNT,USD,1262039,2014-08-05,2014-08-05 08:23:10,2014,Q2,184098000.0,57757000.0,126341000.0,0.686270356,29938000,10444000.0,74817000.0,85261000.0,-574000.0,115199000.0,172956000.0,1319000.0,1319000.0,6492000.0,17634000.0,0.0957859401,11142000.0,0.0605221132,745000.0,11887000.0,0.0645688709,5806000.0,6081000.0,0.0330313203,0.008,0.008,815805000,841725000,https://www.sec.gov/Archives/edgar/data/1262039/000126203914000033/0001262039-14-000033-index.htm,https://www.sec.gov/Archives/edgar/data/1262039/000126203914000033/ftnt-2014063010q.htm,0.2256642212293378,0.0074539871660507,0.0536868491857735,0.0417918497680205,0.6841353019410276,0.7663828978738791,0.7587818167331654,0.7663828978738791,0.0016168079381714,4103499150.0,3899552150.0,168.7016588554514,22.289754098360657,93.69147335494772,120.3583959054379,6.563298860079429,6.563298860079429,21.18193652293887,221.13826414880344,89.03493652678205,114.37649293130757,0.0014819059972267,0.0083085188405607,0.0,0.0,-11.565555177498014,1.893855259946302,8.447308567096284,7.202433810228581,0.0,0.0,0.0567306543254136,0.1626199089615313,0.0049015423140401,0.2215626284305219,0.0527110560679638,1.494762784966112,0.0799356864278808,0.3585159500123175,0.0067934676392208,0.004830365291907,0.0459775926845263,380861000.0,619018000.0,167056000.0,442362000.0,119657000.0,31725500.0,45059000.0,62.48981520711795,55.860242048582855,72.963623456897,1.440234695873264,1.6111638027226065,1.2334913719460106,0.0097261919423434,0.011894999417753,2014-07-23,0.01876,amc,167363636.0,2025-04-25,2014-06-30,0.0660980810234542,4.479047619047619,9821682.53968254
2014-03-31,FTNT,USD,1262039,2014-05-07,2014-05-06 20:19:58,2014,Q1,168949000.0,50743000.0,118206000.0,0.6996549255,29055000,9010000.0,67326000.0,76336000.0,-389000.0,105391000.0,156134000.0,1333000.0,1333000.0,4422000.0,17237000.0,0.1020248714,12815000.0,0.0758512924,944000.0,13759000.0,0.0814387774,5366000.0,8393000.0,0.0496777134,0.01,0.01,811955000,840570000,https://www.sec.gov/Archives/edgar/data/1262039/000126203914000025/0001262039-14-000025-index.htm,https://www.sec.gov/Archives/edgar/data/1262039/000126203914000025/ftnt-2014033110q.htm,0.2080768022858409,0.0103367797476461,0.0750066198249903,0.0610674236872733,0.6909878010480877,0.7513889316526162,0.7402528465247459,0.7513889316526162,0.0016417165975946,3580721550.0,3407753550.0,106.65797539616348,21.19409733114727,58.79481051525402,72.21526197967086,5.869130904418008,5.869130904418008,20.17030908735772,197.6999216801067,55.95470674197892,68.72687863020329,0.0023439409858607,0.013847488364461,0.0,0.0,-10.034692811974242,1.9790511211398296,9.613653413353338,7.256284999404265,0.0,0.0,0.0533297030464814,0.171974974696506,0.0075348053508617,0.1858395454993268,0.0669906303085546,2.559475350520126,0.0765319711865711,0.4180385060667555,0.0097087669159782,0.0070470843979247,0.0940664815168328,386594000.0,601052000.0,191523000.0,443110000.0,120980000.0,31601000.0,45983000.0,59.390762892944025,48.9578858167629,76.78812841180064,1.515387168240813,1.838314675941021,1.1720561740656903,0.0137568964782476,0.0139391961377169,2014-04-23,0.01542,amc,122836363.0,2025-04-25,2014-03-31,0.2970168612191959,4.373934426229508,15517245.901639344
2013-12-31,FTNT,USD,1262039,2014-03-03,2014-02-28 20:09:17,2013,Q4,177350000.0,53877000.0,123473000.0,0.6962108824,27747000,8752000.0,62331000.0,71083000.0,-419000.0,98830000.0,152707000.0,1318000.0,1318000.0,4112000.0,28755000.0,0.1621370172,24643000.0,0.1389512264,899000.0,25542000.0,0.1440202988,13526000.0,12016000.0,0.0677530307,0.014,0.014,816405000,844365000,https://www.sec.gov/Archives/edgar/data/1262039/000126203914000007/0001262039-14-000007-index.htm,https://www.sec.gov/Archives/edgar/data/1262039/000126203914000007/ftnt-201310k.htm,0.2172328684905163,0.0147181852144462,0.0571628052253477,0.0484073468437846,0.6018703952082606,0.7174870315590914,0.7055897501852635,0.7174870315590914,0.0016143948162982,3126831150.0,3010958150.0,65.05557485852198,17.63084945023964,67.00161031113396,79.12022140688259,5.338075577028135,5.338075577028135,16.97749168311249,104.7107685619892,64.5186883946173,76.18821229757086,0.0038428682022052,0.0126389939539907,0.0,0.0,-4.029664406190228,1.7939796296657626,18.697268588770864,3.883821571238349,0.0,0.0,0.0493487454186636,0.1564533408514237,0.0083343987657573,0.1531670523699322,0.040304482661404,1.7383268482490273,0.0683676346208063,0.4874447742438357,0.0153468727057769,0.0103971798860948,0.0415336138313704,325538000.0,576047000.0,155895000.0,368850000.0,119136500.0,34428000.0,47774000.0,66.21026219340288,59.4671195500863,81.30519516676874,1.359305899395268,1.5134413888030562,1.10694033530572,0.02051352089593,0.008755458381563,2014-01-29,0.0272,amc,164682142.0,2025-04-25,2013-12-31,0.1029411764705882,3.89703125,11714328.125
2013-09-30,FTNT,USD,1262039,2013-11-05,2013-11-05 16:26:27,2013,Q3,154699000.0,43930000.0,110769000.0,0.7160291922,26421000,9382000.0,56687000.0,66069000.0,-1151000.0,92490000.0,136420000.0,1282000.0,1282000.0,4189000.0,22468000.0,0.1452368794,18279000.0,0.1181584884,131000.0,18410000.0,0.1190052942,7381000.0,11029000.0,0.0712932857,0.014,0.014,814530000,843330000,https://www.sec.gov/Archives/edgar/data/1262039/000126203913000055/0001262039-13-000055-index.htm,https://www.sec.gov/Archives/edgar/data/1262039/000126203913000055/fortinet2013093010-q.htm,0.1899242507949369,0.0135403238677519,0.0311639841380919,0.0272844462450738,0.6298331553165629,0.7365634169398303,0.723535044749733,0.7365634169398303,0.001573913790775,3298846500.0,3154300500.0,74.77664566143802,21.32429104260532,129.95770958083833,148.4362176025918,5.498508216476957,5.498508216476957,20.38992171895099,140.39080024924337,124.26333517176174,141.93216792656588,0.0033432898438893,0.0067369003074256,0.0,0.0,-6.433416414456115,1.9219086043460032,14.258190327613104,2.3015685918940973,0.0,0.0,0.0606468044395891,0.1707897271475575,0.0094066172520835,0.1244878663725181,0.0204267642324772,0.7543566483647649,0.0761349459272522,0.4737081510026238,0.0143931265468468,0.0098690862885112,0.1094109486452309,338641000.0,589341000.0,177778000.0,377633000.0,108354500.0,34610500.0,40096500.0,62.71650107628362,68.13407694058729,96.03551104029135,1.4350290347117864,1.3209249180623628,0.9371533407287312,0.0183831066766896,0.003879537893018,2013-10-23,0.01833,amc,141808333.0,2025-04-25,2013-09-30,0.0911074740861975,4.04875,9358195.3125
2013-06-30,FTNT,USD,1262039,2013-08-06,2013-08-06 17:30:26,2013,Q2,147428000.0,43708000.0,103720000.0,0.7035298586,25158000,8788000.0,55997000.0,64785000.0,-100000.0,89943000.0,133651000.0,1337000.0,1337000.0,4224000.0,13777000.0,0.0934490056,13777000.0,0.0934490056,1237000.0,15014000.0,0.101839542,6035000.0,8979000.0,0.0609043058,0.012,0.01,811235000,840210000,https://www.sec.gov/Archives/edgar/data/1262039/000126203913000044/0001262039-13-000044-index.htm,https://www.sec.gov/Archives/edgar/data/1262039/000126203913000044/fortinet2013063010-q.htm,0.181732790128631,0.0110683094294501,0.0458818961213458,0.0433733751625607,0.6196687766183658,0.6991623882105679,0.6874037732592898,0.6991623882105679,0.0016481044333639,2806873100.0,2683405100.0,78.15104967145561,19.038941720704344,75.41100722710298,79.77244074347752,4.948778793515343,4.948778793515343,18.201461730471824,194.7742687087174,72.09384755917358,76.26343147842893,0.0031989333611127,0.0125356575614337,0.0,0.0,-8.961893010089279,1.8652855490303235,10.30441286462229,4.145339124624123,0.0,0.0,0.0596087581734812,0.1706460102558537,0.0087856644187498,0.0546734370382311,0.0138033480749925,0.5375066032752245,0.0726252814933391,0.4172736239188001,0.011360292112848,0.0083431904828717,0.1016656702435176,311919000.0,557646000.0,153839000.0,348505000.0,105633000.0,31166500.0,28625000.0,66.48418210923298,74.05417772490162,68.6036881120161,1.353705455113078,1.21532643754866,1.3118828225830657,0.0158308135793436,0.002508520958785,2013-07-30,0.01912,amc,147400000.0,2025-04-25,2013-06-30,0.0460251046025103,3.72890625,13891398.4375
2013-03-31,FTNT,USD,1262039,2013-05-08,2013-05-08 16:32:14,2013,Q1,135820000.0,39128000.0,96692000.0,0.7119128258,23334000,7991000.0,49976000.0,57967000.0,215000.0,81301000.0,120429000.0,1369000.0,1369000.0,3098000.0,15391000.0,0.1133190988,15391000.0,0.1133190988,1584000.0,16975000.0,0.1249815933,4726000.0,12249000.0,0.0901855397,0.016,0.014,806410000,839115000,https://www.sec.gov/Archives/edgar/data/1262039/000126203913000027/0001262039-13-000027-index.htm,https://www.sec.gov/Archives/edgar/data/1262039/000126203913000027/fortinet2013033110-q.htm,0.1684254907553229,0.015189543780459,0.0472600786200567,0.0453578204635359,0.5709006584739773,0.6791942064210513,0.6668382088515767,0.6791942064210513,0.001697647598616,3709485999.999999,3612101999.999999,75.70997632459792,27.311780297452508,97.33373566686782,101.41580774803838,6.772731505233618,6.772731505233618,26.594772493005443,234.68923396790328,94.77846291097056,98.7533696038494,0.0033020747348824,0.0098603957529425,0.0,0.0,-6.327334156325125,1.8498890657406069,11.242512783053323,3.111356029063597,0.0,0.0,0.058835223089383,0.1718009129730525,0.0096482232996265,0.0402508462123796,0.0112943601825946,0.4338235294117647,0.0684656162568104,0.4817931381952228,0.0158430594680912,0.0119763582054528,0.0794828313140958,281932000.0,537745000.0,128640000.0,317699000.0,105000500.0,23592500.0,22496500.0,67.82734501546165,60.652473931711306,55.04932529135146,1.3268984652057954,1.4838636277447002,1.6348974219696653,0.022364065589574,0.0019022581565208,2013-04-30,0.02043,amc,135800000.0,2025-04-25,2013-03-31,-0.0210474791972589,4.487,13535091.666666666
2012-12-31,FTNT,USD,1262039,2013-02-27,2013-02-27 16:51:54,2012,Q4,151162000.0,41442000.0,109720000.0,0.7258437967,20525000,6038000.0,48117000.0,54155000.0,-170000.0,74680000.0,116122000.0,1400000.0,1400000.0,3488000.0,38528000.0,0.2548788717,35040000.0,0.2318042894,1230000.0,36270000.0,0.2399412551,14763000.0,21507000.0,0.1422778211,0.026,0.026,800170000,834775000,https://www.sec.gov/Archives/edgar/data/1262039/000126203913000009/0001262039-13-000009-index.htm,https://www.sec.gov/Archives/edgar/data/1262039/000126203913000009/ftnt-201210k.htm,0.1889123561243235,0.0268780384168364,0.0628528937600759,0.060603371783496,0.5170076358773761,0.6385318119899521,0.6358861241986078,0.6385318119899521,0.0017496282040066,3360714000.0,3237739000.0,39.06535081601339,22.23253198555193,66.82269898395404,69.30307467057101,6.577589277675786,6.577589277675786,21.419000807081144,84.03599979235881,64.37752768774979,66.7671416493102,0.0063995329563896,0.0144293742341657,0.0,0.0,-3.1918345099667773,1.7828589682559568,25.02857142857143,0.0,0.0,0.0,0.0399439012450218,0.1357814794723541,0.0021701758180701,0.0357902690235221,0.0119077545944086,0.5160550458715596,0.0447334647596618,0.6214144010991034,0.0316639275985569,0.0220951735190778,0.0504798980216704,249970000.0,508817000.0,104711000.0,277725000.0,98742500.0,21988000.0,23621000.0,64.08872600256679,45.20631243665846,45.73620964239178,1.4043031530443508,1.9908724058416605,1.967806267806268,0.0420934993560812,0.0022495219765799,2013-01-30,0.0264,amc,133411764.0,2025-04-25,2012-12-31,0.1363636363636363,4.105,14691806.451612905
2012-09-30,FTNT,USD,1262039,2012-10-30,2012-10-30 17:12:32,2012,Q3,136268000.0,37808000.0,98460000.0,0.7225467461,20498000,7449000.0,44743000.0,52192000.0,-317000.0,72690000.0,110498000.0,1318000.0,1318000.0,2999000.0,25770000.0,0.189112631,25770000.0,0.189112631,1001000.0,26771000.0,0.1964584495,9565000.0,17206000.0,0.1262658878,0.022,0.02,793755000,833955000,https://www.sec.gov/Archives/edgar/data/1262039/000126203912000051/0001262039-12-000051-index.htm,https://www.sec.gov/Archives/edgar/data/1262039/000126203912000051/fortinet2012093010-q.htm,0.1716751390542421,0.0216767138474718,0.05136345597823,0.0306668934368917,0.4719919874520475,0.6027917934375217,0.6004031470667901,0.6027917934375217,0.0016604619813418,3714773400.0,3639307400.0,53.97497094036964,27.26079050107142,91.11536423841058,152.60756716785804,7.763874775586297,7.763874775586297,26.706984765315408,141.22263872720217,89.26434633308806,149.5073288965574,0.004631776463135,0.0065527550078828,0.0,0.0,-2.928443927046954,1.7230074926178631,19.552352048558426,2.369522259676857,0.0,0.0,0.0546643379223295,0.1504241641471218,0.0020760609153063,0.4029433406916851,0.1205565503272962,5.47782594198066,0.064798778876919,0.5422151485885135,0.0269498008279346,0.0188792282404989,0.0256001536998192,215958000.0,476573000.0,79853000.0,243874000.0,92597000.0,23630500.0,23505000.0,59.33799571432765,55.13118916631401,62.32490478205671,1.5167347483944214,1.6324697754749569,1.4440455274616149,0.0359605324482881,0.0206965625413383,2012-10-16,0.02973,amc,136300000.0,2025-04-25,2012-09-30,0.0090817356205852,4.968095238095239,10364793.650793651
2012-06-30,FTNT,USD,1262039,2012-08-08,2012-08-07 21:49:41,2012,Q2,128962000.0,37127000.0,91835000.0,0.7121089933,20388000,6238000.0,44259000.0,50497000.0,73000.0,70885000.0,108012000.0,1203000.0,1203000.0,2995000.0,20950000.0,0.1624509545,20950000.0,0.1624509545,1276000.0,22226000.0,0.172345342,8276000.0,13950000.0,0.1081713993,0.018,0.016,787370000,830305000,https://www.sec.gov/Archives/edgar/data/1262039/000126203912000041/0001262039-12-000041-index.htm,https://www.sec.gov/Archives/edgar/data/1262039/000126203912000041/fortinet2012063010-q.htm,0.1637883079111472,0.0177172104601394,0.0562442053926362,0.0534107217699429,0.5100892845803117,0.5418596085703037,0.5418596085703037,0.5418596085703037,0.0015278712676378,3653396799.999999,3572170799.9999995,65.47306093189964,28.32925047688466,82.49738737721576,86.8739430256337,8.563103664882195,8.563103664882195,27.69940602658147,170.5093460620525,80.66322231003724,84.94247396204878,0.0038183643233059,0.0115109314159359,0.0,0.0,-3.8771360381861575,1.8321462351301967,17.41479634247714,3.174551971326165,0.0,0.0,0.0483708379212481,0.1580930816829764,0.0,0.0503782319069662,0.0172996696701353,0.7449081803005009,0.0608861525100417,0.4647638285301462,0.0238123411319576,0.0164664915749402,0.0800452773156203,245464000.0,426644000.0,119910000.0,255711000.0,90055000.0,18932500.0,19393500.0,66.54355546595121,58.42351927168907,50.489401244377405,1.35249761407851,1.540475498941953,1.7825523333973496,0.0326970495307563,0.0028334836226932,2012-07-25,0.02015,amc,129000000.0,2025-04-25,2012-06-30,-0.0074441687344913,4.837619047619048,10619206.349206349
2012-03-31,FTNT,USD,1262039,2012-05-07,2012-05-07 14:40:43,2012,Q1,117247000.0,31043000.0,86204000.0,0.7352341638,19667000,5786000.0,42036000.0,47822000.0,-71000.0,67489000.0,98532000.0,1085000.0,1085000.0,2082000.0,18715000.0,0.1596202888,18715000.0,0.1596202888,1014000.0,19729000.0,0.1682686977,5556000.0,14173000.0,0.1208815577,0.018,0.018,780050000,828755000,https://www.sec.gov/Archives/edgar/data/1262039/000126203912000032/0001262039-12-000032-index.htm,https://www.sec.gov/Archives/edgar/data/1262039/000126203912000032/fortinet2012033110-q.htm,0.1503070316005384,0.0181693481187103,0.0621985770142939,0.0601166591885135,0.5487725145823986,0.5106429075059291,0.5106429075059291,0.5106429075059291,0.0013909364784308,4313676500.0,4238893500.0,76.08968637550272,36.79135926718807,88.90878642977864,91.98781293982172,10.82948557341079,10.82948557341079,36.153534845241246,226.497114613946,87.3674409497506,90.39308866805987,0.00328559640483,0.0108710052782122,0.0,0.0,-3.995885653219343,2.035348260450766,17.24884792626728,3.423269597121287,0.0,0.0,0.0493488106305491,0.1677398995283461,0.0,0.0334721134424337,0.0138511006678209,0.7800192122958693,0.0618011548269891,0.4568983441571841,0.0259806766945344,0.0179759120495558,0.1416598294981091,280539000.0,398327000.0,161383000.0,290099000.0,90140500.0,16766000.0,17104000.0,65.06187791585286,39.9046483909416,52.06681055310376,1.383298528769806,2.255376344086021,1.7285483601536833,0.0355813188661577,0.0020819178257803,2012-04-24,0.02024,amc,117200000.0,2025-04-25,2012-03-31,-0.0118577075098814,4.991774193548388,11177637.096774194
2011-12-31,FTNT,USD,1262039,2012-02-28,2012-02-27 19:42:51,2011,Q4,120861000.0,32485000.0,88376000.0,0.731220162,16380000,5492000.0,39984000.0,45476000.0,0.0,61856000.0,94341000.0,963000.0,963000.0,1875000.0,28395000.0,0.2349393104,26520000.0,0.2194256212,851000.0,27371000.0,0.2264667676,10877000.0,16494000.0,0.1364708219,0.021,0.02,780050000,828755000,https://www.sec.gov/Archives/edgar/data/1262039/000126203912000013/0001262039-12-000013-index.htm,https://www.sec.gov/Archives/edgar/data/1262039/000126203912000013/ftnt-201110k.htm,0.1549400679443625,0.0211447984103583,0.0289199410294211,0.0278443689507082,0.5003179283379271,0.4593987564899686,0.4550721107621306,0.4593987564899686,0.0012345362476764,3401018000.0000005,3329028000.0000005,51.54932096519947,28.13991279238133,150.76102664125185,156.58462246777165,9.490665654632013,9.490665654632013,27.54426986372776,117.23993660855784,147.5698390886121,153.2701657458564,0.0048497244060454,0.0063863231538321,0.0,0.0,-2.535305511533721,1.961935667605972,27.53894080996885,0.0,0.0,0.0,0.0454406301453736,0.1355275895450145,0.0045934178703689,0.0371913648654638,0.0069418588295645,0.4474666666666667,0.052465228651095,0.4675068097459839,0.0341563597760716,0.022552134891683,0.1200512787641817,256706000.0,354979000.0,147177000.0,268047000.0,85678500.0,17555000.0,14608500.0,71.13113411274108,54.76743112205634,45.0180083115284,1.2652687339042314,1.6433124241197896,1.999199950766201,0.0460271128548865,0.0010755720787129,2012-01-31,0.0261,amc,103628571.0,2025-04-25,2011-12-31,0.1494252873563217,4.37984126984127,11756785.714285716
2011-09-30,FTNT,USD,1262039,2011-11-04,2011-11-04 15:45:44,2011,Q3,116426000.0,31139000.0,85287000.0,0.7325425592,16834000,5359000.0,36934000.0,42293000.0,0.0,59127000.0,90266000.0,904000.0,904000.0,1778000.0,26160000.0,0.2246920791,26160000.0,0.2246920791,964000.0,27124000.0,0.2329720166,9207000.0,17917000.0,0.1538917424,0.024,0.022,766325000,819345000,https://www.sec.gov/Archives/edgar/data/1262039/000126203911000039/0001262039-11-000039-index.htm,https://www.sec.gov/Archives/edgar/data/1262039/000126203911000039/fortinet2011093010-q.htm,0.1519277069128633,0.0233804195347926,0.0470283495905784,0.0452862688806968,0.5078341434769843,0.4134890549049033,0.408562946530519,0.4134890549049033,0.0011796561511108,2574852000.0,2508222000.0,35.92749902327399,22.115781698246096,71.4462665445767,74.19467496542185,8.125970833188687,8.125970833188687,21.54348685001632,95.88004587155964,69.59743611087988,72.2747233748271,0.0069584581948787,0.0134780562144931,0.0,0.0,-2.5470183486238533,2.002352314765146,28.938053097345133,0.0,0.0,0.0,0.0460292374555511,0.1445896964595537,0.0056260404448968,0.037043203196537,0.0114665109168055,0.750843644544432,0.0492501674883617,0.4663902019513651,0.0412101049468466,0.0268535338093439,0.1284132058852314,252259000.0,313092000.0,149806000.0,263519000.0,74023500.0,14274500.0,13309000.0,58.622214969164965,44.34246443366839,37.48097241401458,1.5352541702380167,2.0296571503063485,2.401218383713757,0.0565442283355477,0.0017420807098815,2011-10-24,0.02147,amc,80584615.0,2025-04-25,2011-09-30,0.3972985561248253,4.0834375,13612984.375
2011-06-30,FTNT,USD,1262039,2011-08-04,2011-08-04 16:07:03,2011,Q2,103023000.0,26558000.0,76465000.0,0.7422129039,15942000,5848000.0,35896000.0,41744000.0,0.0,57686000.0,84244000.0,863000.0,863000.0,1658000.0,18779000.0,0.1822796851,18779000.0,0.1822796851,656000.0,19435000.0,0.1886471953,4941000.0,14494000.0,0.1406870311,0.02,0.018,761335000,819435000,https://www.sec.gov/Archives/edgar/data/1262039/000126203911000031/0001262039-11-000031-index.htm,https://www.sec.gov/Archives/edgar/data/1262039/000126203911000031/fortinet2011063010-q.htm,0.1353188806504364,0.0190376115638976,0.0447477128990523,0.0437547203267943,0.449237195190028,0.3776524131952425,0.3715210781062213,0.3776524131952425,0.0011335351717706,4156889100.0,4078870100.0,71.70017076031462,40.349136600564925,122.01740929904896,124.78653638328532,14.457738939899832,14.457738939899832,39.59183968628365,217.2037967942915,119.72731302101678,122.44446745917386,0.0034867420446698,0.0080136850415374,0.0,0.0,-4.154587571223175,1.845035710080434,21.760139049826183,0.0,0.0,0.0,0.0567640235675528,0.154742144957922,0.0073484615929537,0.0221909122930609,0.0073381672053813,0.4559710494571773,0.0375644273608805,0.4022014406277541,0.0360069938460707,0.0229856621104498,0.0726211194809118,208123000.0,282852000.0,106697000.0,220130000.0,71769000.0,10951500.0,12887500.0,63.08377740892811,44.75600572332254,46.257248286768586,1.426674236968925,2.0109033088513666,1.9456410256410257,0.0504104062326099,0.0009929925722579,2011-07-19,0.01848,amc,91555555.0,2025-04-25,2011-06-30,0.0822510822510822,4.572380952380953,11010484.126984129
2011-03-31,FTNT,USD,1262039,2011-05-05,2011-05-05 14:46:04,2011,Q1,93266000.0,23416000.0,69850000.0,0.7489331589,14421000,5266000.0,32718000.0,37984000.0,0.0,52405000.0,75821000.0,793000.0,793000.0,1678000.0,17445000.0,0.1870456544,17445000.0,0.1870456544,698000.0,18143000.0,0.1945296249,4556000.0,13587000.0,0.1456800978,0.018,0.017,751540000,814320000,https://www.sec.gov/Archives/edgar/data/1262039/000126203911000010/0001262039-11-000010-index.htm,https://www.sec.gov/Archives/edgar/data/1262039/000126203911000010/fortinet2011033110-q.htm,0.1240998483114671,0.0180788780370971,0.0534582324294116,0.0525347952204806,0.4013066503446257,0.343417516033744,0.3370465976528195,0.343417516033744,0.001055166724326,3321806800.0,3252825800.0,61.12104953264149,35.61648189050672,82.68137196336122,84.1347145534674,12.870630627838135,12.870630627838135,34.876866167735294,186.46178274577244,80.96440163281561,82.38756395319386,0.0040902438997957,0.0118857002761268,0.0,0.0,-3.954198910862712,1.715874900523872,21.99873896595208,2.956944137778759,0.0,0.0,0.0564621619882915,0.1546222632041687,0.0081593701538828,0.017273994424532,0.0074410824952287,0.4135876042908224,0.0329166041215448,0.3737560383913291,0.0371324679341236,0.0233444783874149,0.0431607100087819,168217000.0,253304000.0,74480000.0,180103000.0,71831000.0,10728500.0,12821000.0,68.82829755752364,33.423300307482066,46.602750256235055,1.3076017160642683,2.6927322907083715,1.9312164948453607,0.0526440184120391,0.0009234372089309,2011-04-27,0.01606,bmo,72566666.0,2025-04-25,2011-03-31,0.2453300124533,3.979193548387097,8568145.161290323
2010-12-31,FTNT,USD,1262039,2011-02-25,2011-02-25 13:17:09,2010,Q4,93599000.0,24223000.0,69376000.0,0.7412045,12802000,5395000.0,30481000.0,35876000.0,0.0,48678000.0,72901000.0,634000.0,634000.0,1463000.0,22161000.0,0.2367653501,20698000.0,0.2211348412,384000.0,21082000.0,0.2252374491,4941000.0,16141000.0,0.1724484236,0.021,0.02,751540000,814320000,https://www.sec.gov/Archives/edgar/data/1262039/000126203911000007/0001262039-11-000007-index.htm,https://www.sec.gov/Archives/edgar/data/1262039/000126203911000007/ftnt10k.htm,0.1245429384996141,0.0214772334140564,0.0418128110280224,0.040647204406951,0.4171567714293318,0.3093035633499215,0.301928041088964,0.3093035633499215,0.0008436011389945,2434989600.0,2368130600.0,37.71435474877641,26.01512409320613,77.48821283095724,79.71027890532932,10.47514605040137,10.47514605040137,25.300810906099425,106.8602770633094,75.36057153767821,77.52162498363232,0.0066287757450791,0.0125454334589355,0.0,0.0,-3.0169667433780063,1.9239589343444057,32.646687697160885,1.9468434421659129,0.0,0.0,0.0576395046955629,0.1367749655445037,0.0101627730454583,0.027876782077393,0.0093590743490849,0.5987696514012304,0.0263784869496469,0.3866098273220398,0.0484558411582134,0.0298974399819218,0.0819018282460015,201776000.0,226911000.0,107190000.0,214375000.0,65949000.0,11263500.0,12400500.0,69.55458925843224,47.41320232836561,50.2221029599967,1.293947688564477,1.8982054697907689,1.7920396537693275,0.0694373940650623,0.0011656066210714,2011-01-25,0.01279,amc,59563636.0,2025-04-25,2010-12-31,0.5637216575449571,3.009375,8579296.875
2010-09-30,FTNT,USD,1262039,2010-11-05,2010-11-05 10:59:50,2010,Q3,84971000.0,21443000.0,63528000.0,0.7476433136,12389000,5993000.0,26987000.0,32980000.0,0.0,45369000.0,66812000.0,514000.0,514000.0,1391000.0,18159000.0,0.2137082063,18159000.0,0.2137082063,112000.0,18271000.0,0.2150263031,4254000.0,14017000.0,0.1649621636,0.02,0.018,718360000,779210000,https://www.sec.gov/Archives/edgar/data/1262039/000126203910000003/0001262039-10-000003-index.htm,https://www.sec.gov/Archives/edgar/data/1262039/000126203910000003/fortinet2010093010q.htm,0.1182847040481095,0.0195125006960298,0.0448145776490895,0.0438805055960799,0.4068851272342558,0.2873921153739072,0.2789270003897767,0.2873921153739072,0.000715518681441,1795900000.0,1718761000.0,32.03074837697082,21.135446211060245,55.78541919050725,56.97290781041812,8.69891644990821,8.69891644990821,20.22761883466124,94.65064155515172,53.38927717205604,54.52575978681555,0.0078050002784119,0.0175522022384319,0.0,0.0,-4.24797621014373,1.8919112702242968,35.32879377431907,0.0,0.0,0.0,0.0705299455108213,0.1458026856221534,0.0124496618875742,0.020843040412512,0.0078968118534558,0.4823867721063983,0.0286450671405538,0.3552099719229518,0.0486734683144544,0.0290588474312036,0.0843692577537724,180373000.0,200370000.0,100609000.0,193251000.0,59684000.0,11202500.0,11702500.0,63.08717091713643,40.98960033577391,47.36091032038427,1.4265974950471778,2.1956788859307803,1.900301311591634,0.0678950453134157,0.0009340720530096,2010-10-21,0.01249,amc,63090967.0,2025-04-25,2010-09-30,0.601281024819856,1.94421875,8854046.875
2010-06-30,FTNT,USD,1262039,2010-08-06,2010-08-06 16:03:52,2010,Q2,76331000.0,20165000.0,56166000.0,0.735821619,12676000,5933000.0,27777000.0,33710000.0,0.0,46386000.0,66551000.0,399000.0,399000.0,1467000.0,9780000.0,0.1281261873,9780000.0,0.1281261873,486000.0,10266000.0,0.1344931941,3397000.0,6869000.0,0.0899896503,0.01,0.009,684950000,756370000,https://www.sec.gov/Archives/edgar/data/1262039/000119312510181346/0001193125-10-181346-index.htm,https://www.sec.gov/Archives/edgar/data/1262039/000119312510181346/d10q.htm,0.1114402511132199,0.0100284692313307,0.0262062924301043,0.0244324403241112,0.3684166727498357,0.2574698883130155,0.2488619607270603,0.2574698883130155,0.0005825242718446,1123318000.0,1006883000.0,40.88360751201048,14.716406178354797,62.58038997214483,67.12387212429041,6.369676899871848,6.369676899871848,13.191010205552136,102.95327198364008,56.09376044568245,60.16629817747236,0.0061149202630065,0.0148978294659214,0.0,0.0,-11.905419222903886,1.7522498757114884,24.51127819548872,0.0,0.0,0.0,0.0777272667723467,0.1660662116309232,0.0131725637124466,0.0676880222841225,0.0159175171293445,0.8282208588957055,0.0296602952928692,0.2410303905966588,0.026125627234613,0.015551243941037,0.0467464778450981,148285000.0,170458000.0,74164000.0,160918000.0,55560500.0,11412500.0,10994000.0,70.51577995833934,56.410116538556906,54.09818993305232,1.2763100692238236,1.5954585014637237,1.6636416137282402,0.0389500663438311,0.0017738521059931,2010-07-22,0.00707,bmo,50866666.0,2025-04-25,2010-06-30,0.2842998585572842,1.6614285714285717,7413380.952380952
2010-03-31,FTNT,USD,1262039,2010-05-13,2010-05-13 17:05:57,2010,Q1,69795000.0,19375000.0,50420000.0,0.7224013181,11934000,5059000.0,26723000.0,31782000.0,0.0,43716000.0,63091000.0,268000.0,268000.0,1375000.0,6704000.0,0.0960527258,6704000.0,0.0960527258,18000.0,6722000.0,0.096310624,2504000.0,4218000.0,0.0604341285,0.006,0.006,671810000,748780000,https://www.sec.gov/Archives/edgar/data/1262039/000119312510119089/0001193125-10-119089-index.htm,https://www.sec.gov/Archives/edgar/data/1262039/000119312510119089/d10q.htm,0.1038909810809603,0.0062785609026361,0.0324734672005477,0.0309641118768699,0.3693901549545258,0.224923713549962,0.2169497328113603,0.224923713549962,0.0003989223143448,1182385600.0,1008130600.0,70.07975343764818,16.940835303388496,54.1980931426476,56.83999615421594,7.824875253133562,7.824875253133562,14.444166487570742,150.37747613365156,46.21060689402274,48.463157388712624,0.003567364149225,0.0175932453845851,0.0,0.0,-25.99269093078759,1.7759993473649862,25.01492537313433,5.172119487908962,0.0,0.0,0.0724837022709363,0.1709864603481624,0.0132530448357161,0.0464796479647964,0.0145282613367719,0.7374545454545455,0.0307758435418009,0.1782538576422312,0.0190919680459546,0.0105753512581107,0.0572732617853262,142683000.0,145749000.0,73450000.0,154703000.0,52933000.0,10586500.0,10258000.0,66.17021276595744,47.315612903225805,45.8338064516129,1.360128617363344,1.902120557628117,1.963616094050877,0.0279141794501872,0.0015093553236778,2010-04-28,0.00399,amc,52350000.0,2025-04-25,2010-03-31,0.4110275689223058,1.75327868852459,3402672.131147541
2009-12-31,FTNT,USD,1262039,2010-03-05,2010-03-05 06:06:05,2009,Q4,70712000.0,20909000.0,49803000.0,0.704307614,10988000,4642000.0,26719000.0,31361000.0,0.0,42349000.0,63258000.0,304000.0,304000.0,1613000.0,9067000.0,0.1282243466,7454000.0,0.1054135083,354000.0,7808000.0,0.1104197307,-36132000.0,43940000.0,0.6213938228,0.065,0.059,671810000,748780000,https://www.sec.gov/Archives/edgar/data/1262039/000119312510048351/0001193125-10-048351-index.htm,https://www.sec.gov/Archives/edgar/data/1262039/000119312510048351/d10k.htm,0.1052559503431029,0.0654053973593724,0.0241362885339604,0.0236361471249311,0.3874815796132835,0.2120420952352599,0.2120420952352599,0.2120420952352599,0.0004525088938836,1182385600.0,969927600.0,6.727273554847519,16.721144925896596,72.91924761023743,74.46222054285535,8.300238676887654,8.300238676887654,13.71659124335332,106.97337597882432,59.81668825161887,61.082410731154354,0.0371621575905525,0.0134296290482563,0.0,0.0,-23.43200617624352,1.895256555810927,24.519736842105264,0.3690259444697314,0.0,0.0,0.0656465663536599,0.1553908813214164,0.0,0.0207215541165587,0.0047516687408077,0.208307501549907,0.0308575630727457,0.5586105026357467,0.2029917697616474,0.1134775950187622,0.0919765261011297,161652000.0,142452000.0,97456000.0,168039000.0,49330500.0,9669000.0,10724500.0,69.43078968209073,47.29207518293558,45.83719929217084,1.29625488075379,1.9030672613088195,1.9634707484270824,0.3084547777496981,0.0005001414090293,2010-03-05,,amc,,2025-04-25,2009-12-31,,1.7263333333333333,9966866.666666666
2009-09-30,FTNT,USD,1262039,2009-09-30,2009-09-29 20:00:00,2009,Q3,65864000.0,17433000.0,48431000.0,0.7353182315,10797000,4490000.0,23468000.0,27958000.0,0.0,38755000.0,56188000.0,428000.0,428000.0,1475000.0,11151000.0,0.1693034131,9676000.0,0.1469087817,364000.0,10040000.0,0.1524353213,2151000.0,7889000.0,0.1197771165,0.011,0.01,582880000,641670000,,,0.1129975295086467,0.0135345182541861,0.0272148641229755,0.0250840653307713,0.2614431786988745,0.0066703266538567,0.0066703266538567,0.0066703266538567,0.0007342849300027,967580800.0,893347800.0,30.662339967042715,14.69058666342767,60.99607892580218,66.17747076123383,248.8633744855967,248.8633744855967,13.563521802502123,80.11369383911757,56.316447078106286,61.100321455440806,0.0081533242495097,0.0151108827293803,0.0,0.0,-6.657071114698233,1.2704282582737787,22.60747663551402,2.010774496133857,0.0,0.0,0.0681707761447831,0.163928701566865,0.0,0.0782954044001765,0.0188570387465079,0.8420338983050848,0.0293939025871492,0.0450698602372491,0.1223426576901021,0.034228863492394,-0.0612776214658248,45522000.0,3888000.0,-12735000.0,51635000.0,43826500.0,8044000.0,10302500.0,60.27420138467144,43.11306143520908,55.75632421270005,1.493176150532759,2.0875344270147287,1.6141666666666667,2.0290637860082303,0.0021307987922042,2010-01-27,0.00538,amc,65629575.0,2025-04-25,2009-09-30,0.8587360594795539,,
2009-06-30,FTNT,USD,1262039,2009-06-30,2009-06-29 20:00:00,2009,Q2,61345000.0,16979000.0,44366000.0,0.7232211264,10534000,4516000.0,24341000.0,28857000.0,0.0,39391000.0,56370000.0,535000.0,535000.0,1494000.0,6469000.0,0.1054527671,4975000.0,0.0810987041,253000.0,5228000.0,0.0852229196,652000.0,4576000.0,0.0745945065,0.0222,0.0071,205740000,640320000,,,0.2981675901623408,0.0222416642364148,0.0696121318168562,0.0677359774472635,0.663079615048119,-0.0379556722076407,-0.0379556722076407,-0.0379556722076407,0.0026003693982696,341528400.0,289709400.0,18.65867569930069,5.567338821419838,23.846418098031,24.50691733639495,-43.73522858240492,-43.73522858240492,4.722624500774309,44.78426341010975,20.228278173439463,20.788561997703788,0.0133985929135029,0.0408048056911226,0.0,0.0,-8.010357087648787,1.193819777203152,9.299065420560748,3.1298076923076925,0.0,0.0,0.0736164316570217,0.1717173363762328,0.0,0.0269515430805753,0.006292281359524,0.2583668005354752,0.0292281359524003,,0.0919263755562479,0.0217316971239694,-0.2157832701467872,31631000.0,-7809000.0,-23548000.0,37334000.0,,,,63.88246800880268,41.0112491901761,51.97302550209081,1.408837241347633,2.194519839731162,1.731667516573177,-0.5859905237546421,0.0018761543695926,2009-06-29,,amc,,2025-04-25,2009-06-30,,,
2009-03-31,FTNT,USD,1262039,2009-03-31,2009-03-30 20:00:00,2009,Q1,54194000.0,14654000.0,39540000.0,0.7296010628,9876000,4672000.0,21763000.0,26435000.0,0.0,36311000.0,50965000.0,714000.0,714000.0,1353000.0,4582000.0,0.084548105,3229000.0,0.0595822416,1208000.0,4437000.0,0.081872532,663000.0,3774000.0,0.0696387054,-0.007,-0.007,209600000,209600000,,,0.2585591603053435,0.0180057251908396,0.0742891221374045,0.0617652671755725,,,,,,347936000.0,,23.04822469528352,6.420194117429974,22.34512876501188,26.8759462382203,0.0,0.0,,,,,0.0108468224041202,0.0372079922744412,0.0,0.0,,0.0,4.522408963585434,4.12586115527292,0.0,0.0,0.0862088054028121,0.182234195667417,0.0,0.1685826215400424,0.0484370963575303,1.9401330376940136,0.0286009521349226,,0.0,0.0,,,,,,,,,,,,0.0,0.0,0.0,0.0,0.012523854961832,2009-03-30,,amc,,2025-04-25,2009-03-31,,,
2008-12-31,FTNT,USD,1262039,2008-12-31,2008-12-30 19:00:00,2008,Q4,59066000.0,17854000.0,41212000.0,0.6977279653,8849000,4273000.0,21817000.0,26090000.0,0.0,34939000.0,52793000.0,742000.0,742000.0,928000.0,7201000.0,0.1219144686,6273000.0,0.1062032303,2281000.0,8554000.0,0.1448210476,611000.0,7943000.0,0.1344766871,0.038,0.038,209600000,209600000,,,0.2818034351145038,0.0378959923664122,0.0886450381679389,0.0798187022900763,0.5925095419847328,-0.0249475190839694,-0.0249475190839694,-0.0249475190839694,0.0035400763358778,347936000.0,291365000.0,10.95102606068236,5.890630819760945,18.72637244348762,20.797130902570235,-66.53968253968254,-66.53968253968254,4.93287170284089,40.46174142480211,15.681646932185146,17.415720263000598,0.0228289110641037,0.0480835555964315,0.0,0.0,-7.855992223302319,1.2310738147842522,8.454177897574125,2.3391665617524864,0.0,0.0,0.0723428029661734,0.1498154606711136,0.0,0.0995694294940796,0.0313208952696983,1.9935344827586208,0.0244472285240239,,0.1192728581081674,0.0398935235177419,-0.1903733301526717,34723000.0,-5229000.0,-19343000.0,38148000.0,,,,70.15660447634849,35.30637392181024,57.56189089279713,1.282844297721695,2.549114791547687,1.5635344601103425,-1.5190284949321091,0.0088263358778625,2008-12-30,,amc,,2025-04-25,2008-12-31,,,
2008-09-30,FTNT,USD,1262039,2008-09-30,2008-09-29 20:00:00,2008,Q3,54414000.0,15840000.0,38574000.0,0.7088984453,9957000,3963000.0,21434000.0,25397000.0,0.0,35354000.0,51194000.0,595000.0,595000.0,1215000.0,4435000.0,0.0815047598,3220000.0,0.0591759474,1470000.0,4690000.0,0.0861910538,183000.0,4507000.0,0.0828279487,0.022,0.022,209600000,209600000,,,0.2596087786259542,0.0215028625954198,0.015567748091603,0.0167414122137404,,,,,,347936000.0,,19.29975593521189,6.39423677729996,106.63070793748084,99.1553149045312,0.0,0.0,,,,,0.0129535316839878,0.0100851880805665,0.0,0.0,,0.0,5.411764705882353,0.7239849123585533,0.0,0.0,0.0728305215569522,0.1829859962509648,0.0,0.0,0.0,0.0,0.026335134340427,,0.0,0.0,,,,,,,,,,,,0.0,0.0,0.0,0.0,0.0,2008-09-29,,amc,,2025-04-25,2008-09-30,,,
