date,symbol,reportedCurrency,cik,fillingDate,acceptedDate,calendarYear,period,revenue,costOfRevenue,grossProfit,grossProfitRatio,researchAndDevelopmentExpenses,generalAndAdministrativeExpenses,sellingAndMarketingExpenses,sellingGeneralAndAdministrativeExpenses,otherExpenses,operatingExpenses,costAndExpenses,interestIncome,interestExpense,depreciationAndAmortization,ebitda,ebitdaratio,operatingIncome,operatingIncomeRatio,totalOtherIncomeExpensesNet,incomeBeforeTax,incomeBeforeTaxRatio,incomeTaxExpense,netIncome,netIncomeRatio,eps,epsdiluted,weightedAverageShsOut,weightedAverageShsOutDil,link,finalLink,revenuePerShare,netIncomePerShare,operatingCashFlowPerShare,freeCashFlowPerShare,cashPerShare,bookValuePerShare,tangibleBookValuePerShare,shareholdersEquityPerShare,interestDebtPerShare,marketCap,enterpriseValue,peRatio,priceToSalesRatio,pocfratio,pfcfRatio,pbRatio,ptbRatio,evToSales,enterpriseValueOverEBITDA,evToOperatingCashFlow,evToFreeCashFlow,earningsYield,freeCashFlowYield,debtToEquity,debtToAssets,netDebtToEBITDA,currentRatio,interestCoverage,incomeQuality,dividendYield,payoutRatio,salesGeneralAndAdministrativeToRevenue,researchAndDdevelopementToRevenue,intangiblesToTotalAssets,capexToOperatingCashFlow,capexToRevenue,capexToDepreciation,stockBasedCompensationToRevenue,grahamNumber,roic,returnOnTangibleAssets,grahamNetNet,workingCapital,tangibleAssetValue,netCurrentAssetValue,investedCapital,averageReceivables,averagePayables,averageInventory,daysSalesOutstanding,daysPayablesOutstanding,daysOfInventoryOnHand,receivablesTurnover,payablesTurnover,inventoryTurnover,roe,capexPerShare,report_date,epsEstimated,time,revenueEstimated,updatedFromDate,fiscalDateEnding,surprise(%),QuarterAvgPrice,QuarterAvgVolume
2025-03-28,FTV,USD,1659166,2025-05-01,2025-05-01 07:35:45,2025,Q1,1474200000.0,593300000.0,880900000.0,0.5975444309,105100000,0.0,0.0,542200000.0,0.0,647300000.0,1240600000.0,0.0,0.0,200000.0,233600000.0,0.1584588251,233600000.0,0.1584588251,-32200000.0,201400000.0,0.1366164699,29500000.0,171900000.0,0.1166056166,0.5,0.5,341100000,344600000,https://www.sec.gov/Archives/edgar/data/1659166/000165916625000080/0001659166-25-000080-index.htm,https://www.sec.gov/Archives/edgar/data/1659166/000165916625000080/ftv-20250328.htm,4.321899736147757,0.503957783641161,0.7085898563471122,0.6303136909997068,2.6153620639108768,30.030196423336264,-9.557021401348578,30.009967751392555,11.324831427733802,24774093000.0,27744893000.0,36.02980366492147,16.80510989010989,102.49935043442284,115.22833953488372,2.4201958696416708,2.4201958696416708,18.82030457197124,118.77094606164384,114.7906206040546,129.04601395348837,0.0069387000363646,0.0086784206388504,0.3773689969129772,0.2254128493902083,12.717465753424657,0.9920754301647284,0.0,1.4060500290866782,0.0010979211226824,0.1582315299592786,0.0,0.0712929046262379,0.7879558849273501,0.1104675217211419,0.0181115181115181,0.1979243884358784,0.0186541853208519,18.44680267120908,0.0129933017961599,0.0473058506246904,-14.71892406918792,-21600000.0,-3259900000.0,-4189600000.0,13915500000.0,937350000.0,673350000.0,556400000.0,56.733821733821735,101.52873756952638,86.16214394067083,1.5863553212095125,0.886448528313163,1.0445422535211268,0.0167930131686921,0.0782761653474054,2025-05-01,0.85,bmo,1567000000.0,2025-05-11,2025-03-28,0.0,77.92033333333333,2506608.5166666666
2024-12-31,FTV,USD,1659166,2025-02-25,2025-02-25 16:16:41,2024,Q4,1620300000.0,643100000.0,977200000.0,0.6030981917,107100000,0.0,0.0,563000000.0,0.0,670100000.0,1313200000.0,0.0,33100000.0,134800000.0,442600000.0,0.2731592915,307100000.0,0.1895328026,-32400000.0,274700000.0,0.1695365056,65900000.0,208800000.0,0.128865025,0.61,0.6,344500000,348000000,https://www.sec.gov/Archives/edgar/data/1659166/000165916625000024/0001659166-25-000024-index.htm,https://www.sec.gov/Archives/edgar/data/1659166/000165916625000024/ftv-20241231.htm,4.7033381712627,0.6060957910014514,1.457764876632801,1.3503628447024674,2.360812772133527,29.59535558490566,-9.580261251088537,29.575036284470247,11.34978229317852,25837500000.0,28901100000.0,30.935704022988507,15.94612108868728,51.44862604540024,55.54062768701634,2.535922501619457,2.535922501619457,17.836882058877986,65.29846362403977,57.548984468339306,62.12618228718831,0.0080812772133526,0.0180048379293662,0.3805135151051175,0.2278371659914926,6.921825576140985,1.1581040028591851,9.277945619335348,2.405172413793104,0.0010566037735849,0.1307471264367816,0.0,0.0660988705795223,0.793131211076165,0.0736758263639984,0.0228352774177621,0.2744807121661721,0.0174041844102943,20.082812620285136,0.0153664612237639,0.0593164967072857,-14.588534107402031,353900000.0,-3300400001.0,-4228200000.0,14283000000.0,928800000.0,650600000.0,554350000.0,52.51249768561378,94.80018659617475,76.2431970144612,1.7138777237148295,0.9493652199586656,1.1804331864904551,0.0204934927271656,0.1074020319303338,2025-02-07,1.12,bmo,1629023930.0,2025-05-07,2024-12-31,0.0446428571428569,76.15703125,2555682.6875
2024-09-27,FTV,USD,1659166,2024-10-30,2024-10-30 07:36:29,2024,Q3,1534600000.0,613300000.0,921300000.0,0.6003518832,101700000,0.0,0.0,524100000.0,0.0,625800000.0,1239100000.0,0.0,37000000.0,135800000.0,405000000.0,0.2639124202,295500000.0,0.1925583214,-63300000.0,232200000.0,0.1513097876,10600000.0,221600000.0,0.1444024501,0.63,0.63,349200000,352300000,https://www.sec.gov/Archives/edgar/data/1659166/000165916624000162/0001659166-24-000162-index.htm,https://www.sec.gov/Archives/edgar/data/1659166/000165916624000162/ftv-20240927.htm,4.394616265750287,0.6345933562428407,1.3144329896907216,1.2348224513172967,2.323310423825888,30.24484536082474,-9.36655211912944,30.22594501718213,11.15950744558992,27656640000.0,30705240000.0,31.201083032490978,18.022051348885704,60.25411764705883,64.13877551020408,2.6202654691186087,2.6202654691186087,20.008627655415093,75.8154074074074,66.8959477124183,71.20881261595547,0.0080125423768035,0.0155911925671375,0.3656974485783854,0.221152083237842,7.527407407407408,1.2543792840822543,7.986486486486487,2.07129963898917,0.001005183565321,0.1254512635379061,0.0,0.0662713410660758,0.792518448915983,0.0605664488017429,0.0181154698292714,0.2047128129602356,0.0181806333898084,20.774422678295213,0.0178930350371687,0.0611934940490983,-14.646907216494846,534400000.0,-3270800000.0,-4256900000.0,14791800000.0,977850000.0,629950000.0,567950000.0,53.49797992962336,91.54084461112018,82.75069297244416,1.682306511729884,0.9831676819493428,1.087604185139209,0.0209949881097878,0.0796105383734249,2024-10-30,0.931,bmo,1552842432.0,2025-04-25,2024-09-27,0.0418904403866809,73.00875,2264454.90625
2024-06-28,FTV,USD,1659166,2024-07-24,2024-07-24 07:46:34,2024,Q2,1552400000.0,624100000.0,928300000.0,0.5979773254,101100000,0.0,0.0,525400000.0,-8800000.0,626500000.0,1250600000.0,0.0,38700000.0,136500000.0,438500000.0,0.2824658593,301800000.0,0.1944086576,-73100000.0,228700000.0,0.1473202783,33600000.0,195100000.0,0.1256763721,0.56,0.55,351300000,354800000,https://www.sec.gov/Archives/edgar/data/1659166/000165916624000148/0001659166-24-000148-index.htm,https://www.sec.gov/Archives/edgar/data/1659166/000165916624000148/ftv-20240628.htm,4.419015086820381,0.5553657842300028,0.8793054369484771,0.7961855963563905,1.833475661827498,29.90549387987475,-9.398804440649018,29.88699117563336,11.34358098491318,26031330000.0,29333530000.0,33.35639415684264,16.768442411749547,84.27105859501457,93.068752234537,2.479339575019287,2.479339575019287,18.89560036073177,66.89516533637399,94.96124959533827,104.87497318555594,0.0074948149018893,0.0107447448900997,0.375863152781614,0.2283077813132774,7.530672748004561,1.2061296314400234,7.7984496124031,1.5832906201947718,0.0010756269464526,0.1435161455663762,0.0,0.0651249677918062,0.7988197859415679,0.0945289737779216,0.0188095851584643,0.2139194139194139,0.0155887657820149,19.325107414499485,0.0164794657307547,0.0561051360211652,-14.422075149444918,421700000.0,-3301800000.0,-4311700000.0,14806200000.0,1056549999.5,651650000.0,576400000.0,60.496650347848494,91.73049190834804,82.48678096458902,1.4876856732151411,0.9811350416601164,1.091083916083916,0.0185821911936986,0.0831198405920865,2024-07-24,0.919,bmo,1565690724.0,2025-04-25,2024-06-28,0.0119695321001088,77.03650793650795,1656501.5873015872
2024-03-29,FTV,USD,1659166,2024-04-24,2024-04-24 07:42:12,2024,Q1,1524500000.0,620300000.0,904200000.0,0.5931124959,104100000,0.0,0.0,561000000.0,-24200000.0,665100000.0,1285400000.0,0.0,44000000.0,136800000.0,375900000.0,0.2465726468,239100000.0,0.1568383076,-68200000.0,234000000.0,0.1534929485,26600000.0,207400000.0,0.1360446048,0.59,0.58,351700000,356000000,https://www.sec.gov/Archives/edgar/data/1659166/000165916624000108/0001659166-24-000108-index.htm,https://www.sec.gov/Archives/edgar/data/1659166/000165916624000108/ftv-20240329.htm,4.334660221779926,0.5897071367642878,0.7298834233721923,0.6548194483935172,2.003411998862667,29.80693773102076,-9.84987205004265,29.7887404037532,11.835939721353428,30253234000.0,33667334000.0,36.467254098360655,19.8446926861266,117.8544370860927,131.3644550586192,2.8876682543167216,2.8876682543167216,22.084181042964907,89.5646022878425,131.15439813011298,146.1890316977855,0.0068554654355299,0.0076124093047374,0.3931295159735413,0.2350842746331356,9.082468741686618,1.4734571806522114,5.4340909090909095,1.2377049180327868,0.0009288263198572,0.135486981677917,0.0,0.0682846835027878,0.7960742233206431,0.102843786521231,0.0173171531649721,0.1929824561403508,0.0189570350934732,19.88087619433608,0.0134284826709724,0.0580497089117778,-14.898493035968157,823200000.0,-3464200000.0,-4475100000.0,15363200000.0,1069199999.5,637900000.0,558850000.0,63.14463752705805,96.80477188457198,84.26890214412381,1.4252991785950817,0.9297062350119903,1.0680096418732783,0.0197963099067454,0.075063974978675,2024-04-24,0.797,bmo,1527671747.0,2025-04-25,2024-03-29,0.0414052697616059,80.55163934426228,1652649.1803278688
2023-12-31,FTV,USD,1659166,2024-02-27,2024-02-27 16:48:02,2023,Q4,947500000.0,636200000.0,311300000.0,0.3285488127,99200000,0.0,0.0,537400000.0,-4900000.0,636600000.0,636600000.0,28500000.0,28500000.0,115700000.0,423700000.0,0.447176781,310900000.0,0.3281266491,-33400000.0,277500000.0,0.2928759894,12300000.0,265200000.0,0.2798944591,0.75,0.75,351300000,354500000,https://www.sec.gov/Archives/edgar/data/1659166/000165916624000046/0001659166-24-000046-index.htm,https://www.sec.gov/Archives/edgar/data/1659166/000165916624000046/ftv-20231231.htm,2.6971249644178763,0.7549103330486764,1.2718474238542556,1.174779390834045,5.376601195559351,29.39168801594079,-5.56846000569314,29.373469968687733,10.92684315399943,25866219000.0,27787519000.0,24.383690610859727,27.299439577836413,57.8921642793196,62.67559728616428,2.50668375505141,2.50668375505141,29.327196833773087,65.58300448430494,62.19229856759176,67.33103707293434,0.010252754760949,0.0159551730386261,0.3692350928878078,0.2252923993897752,4.534576351191881,2.021213643722436,10.908771929824562,1.684766214177979,0.0010863590074761,0.1059577677224736,0.0,0.1046965699208443,0.7262089192161686,0.0763205013428827,0.0359894459102902,0.2947277441659464,0.0296569920844327,22.33657448959644,0.0196013727041759,0.0572749065935252,-10.326359237119272,1829300000.0,-1956200000.0,-2965900000.0,14705600000.0,997100000.0,591700000.0,544700000.0,101.52189973614776,86.09556743162527,75.95253065073877,0.8865082335329342,1.0453499835688465,1.1849506425777612,0.0257004138037969,0.0970680330202106,2024-01-31,0.93,bmo,1564700000.0,2025-04-25,2023-12-31,0.0537634408602149,69.97063492063492,2110131.746031746
2023-09-29,FTV,USD,1659166,2023-10-25,2023-10-25 07:53:07,2023,Q3,1494500000.0,601500000.0,893000000.0,0.5975242556,98400000,0.0,0.0,503500000.0,-4200000.0,601900000.0,1203400000.0,29800000.0,29800000.0,114800000.0,405900000.0,0.2715958515,291100000.0,0.1947808632,-34000000.0,257100000.0,0.1720307795,39100000.0,218000000.0,0.1458681833,0.62,0.61,352100000,356100000,https://www.sec.gov/Archives/edgar/data/1659166/000165916623000232/0001659166-23-000232-index.htm,https://www.sec.gov/Archives/edgar/data/1659166/000165916623000232/ftv-20230929.htm,4.244532803180914,0.6191422891224084,1.16841806305027,1.0891792104515765,2.0281170122124395,28.63845498437944,-6.252201079238852,28.62198239136609,7.843794376597557,26111736000.0,28129636000.0,29.944651376146787,17.471887587822014,63.47043266893534,68.08796870925684,2.5910154994145547,2.5910154994145547,18.82210505185681,69.30188716432619,68.3753913466213,73.34976792698826,0.0083487363689645,0.0146868825573297,0.2710909126992002,0.1744082122519853,4.971421532397142,1.0203719008264462,9.768456375838928,1.8871559633027524,0.000942105113195,0.1128440366972477,0.0,0.0658414185346269,0.7842624039222696,0.0678172095284394,0.0186684509869521,0.2430313588850174,0.0197390431582469,19.96808186037814,0.0176378417869654,0.0645084926318281,-11.066174382277762,49300000.0,-2201400000.0,-3111500000.0,12765100000.0,930300000.0,580200000.0,556850000.0,55.72833723653395,86.00498753117208,82.66832917705736,1.6149773071104387,1.0464509394572026,1.0886877828054298,0.021631705332513,0.0792388525986935,2023-10-25,0.86,bmo,1518960000.0,2025-04-25,2023-09-29,-0.0116279069767441,76.31904761904762,1752784.126984127
2023-06-30,FTV,USD,1659166,2023-07-26,2023-07-26 07:46:12,2023,Q2,1526400000.0,621000000.0,905400000.0,0.5931603774,100100000,0.0,0.0,514000000.0,-7800000.0,614100000.0,1235100000.0,33100000.0,33100000.0,113500000.0,404800000.0,0.2651991614,291300000.0,0.190841195,-40900000.0,250400000.0,0.1640461216,41400000.0,209000000.0,0.1369234801,0.59,0.59,353000000,355500000,https://www.sec.gov/Archives/edgar/data/1659166/000165916623000195/0001659166-23-000195-index.htm,https://www.sec.gov/Archives/edgar/data/1659166/000165916623000195/ftv-20230630.htm,4.324079320113315,0.5920679886685553,0.9093484419263456,0.8498583569405099,2.0192634560906515,28.24872521246459,-6.753824362606232,28.231728045325777,8.530311614730879,26393810000.0,28659110000.0,31.57154306220096,17.291542190775683,82.22370716510903,87.97936666666666,2.6484386602179453,2.6484386602179453,18.775622379454926,70.7981966403162,89.28071651090343,95.53036666666668,0.00791852332043,0.0113663014168852,0.2988320054586686,0.1893177035986955,5.596096837944664,0.9572920696324952,8.80060422960725,1.5358851674641147,0.0009320367161845,0.1177033492822966,0.0,0.0655791404612159,0.7854640925070085,0.0654205607476635,0.0137578616352201,0.185022026431718,0.0189989517819706,19.39303495871025,0.0171882266961256,0.0619295958279009,-11.513031161473087,-110400000.0,-2384100000.0,-3284300000.0,12671400000.0,937950000.0,589300000.0,565700000.0,55.14150943396226,84.8695652173913,81.33333333333333,1.632164242942686,1.0604508196721312,1.1065573770491803,0.0209717232936643,0.0594900849858356,2023-07-26,0.81,bmo,1507580000.0,2025-04-25,2023-06-30,0.0493827160493826,67.00935483870968,2195703.2258064514
2023-03-31,FTV,USD,1659166,2023-04-26,2023-04-26 07:42:55,2023,Q1,1460700000.0,612500000.0,848200000.0,0.5806804957,100100000,0.0,0.0,507700000.0,0.0,607800000.0,1220300000.0,0.0,32100000.0,112800000.0,350700000.0,0.2400903676,240400000.0,0.1645786267,-34600000.0,205800000.0,0.1408913535,32200000.0,173600000.0,0.1188471281,0.49,0.49,354285714,356500000,https://www.sec.gov/Archives/edgar/data/1659166/000165916623000148/0001659166-23-000148-index.htm,https://www.sec.gov/Archives/edgar/data/1659166/000165916623000148/ftv-20230331.htm,4.122943551712051,0.4900000003951613,0.4922580649131113,0.4222580648566597,1.899032259595994,27.87495969989916,-7.27717742522353,27.858588732144025,8.824798394213547,24151657123.38,26573257123.38,34.78061221684908,16.534303500636682,138.48427249644496,161.44155831136365,2.4470011979229778,2.4470011979229778,18.19213878508934,75.77204768571428,152.36959359736238,177.62872408676472,0.007187912577309,0.0061941919445013,0.3135188806370885,0.1957886211783762,6.905047048759624,0.933538648720581,7.489096573208723,1.0046082949308757,0.0010227041512646,0.1422811059907834,0.0,0.0685287875676045,0.7879821320105285,0.1422018348623853,0.0169781611556103,0.2198581560283688,0.0182789073731772,17.525436970859875,0.0143064231230606,0.0518069772299979,-12.040211703258237,-174800000.0,-2578200000.0,-3473800000.0,12704700000.0,949600000.0,608000000.0,553450000.0,57.96056685150955,87.13469387755102,83.78448979591836,1.5527798447964285,1.032883642495784,1.0741844966678358,0.017588830687241,0.0700000000564516,2023-04-26,0.73,bmo,1422190000.0,2025-04-25,2023-03-31,0.0273972602739726,66.76,1921029.0322580645
2022-12-31,FTV,USD,1659166,2023-02-28,2023-02-28 16:13:58,2022,Q4,1529900000.0,637400000.0,892500000.0,0.5833714622,101200000,0.0,0.0,499800000.0,-1800000.0,601000000.0,1238400000.0,32100000.0,32100000.0,116600000.0,408500000.0,0.2670109157,173100000.0,0.11314465,-33900000.0,257000000.0,0.1679848356,29800000.0,227200000.0,0.1485064383,0.64,0.64,353800000,356700000,https://www.sec.gov/Archives/edgar/data/1659166/000165916623000080/0001659166-23-000080-index.htm,https://www.sec.gov/Archives/edgar/data/1659166/000165916623000080/ftv-20221231.htm,4.324194460146976,0.6421707179197287,1.312040700960995,1.2100056529112493,2.0045223289994345,27.38439796495195,-8.047767100056529,27.369700395703788,9.280384397964951,22731650000.0,25273750000.0,25.01281910211268,14.858258709719587,48.96951744937527,53.09892548469983,2.34748642005907,2.34748642005907,16.519870579776455,61.86964504283966,54.44582076691081,59.03702405979912,0.0099948749870774,0.0188327728079571,0.3357601668835326,0.2046052383169924,6.223011015911872,0.9082908584210332,5.392523364485982,2.043133802816901,0.0010865907226268,0.1087147887323943,0.0,0.0661481142558337,0.788887770128252,0.0777682033606204,0.0235963134845414,0.3096054888507719,0.0169292110595463,19.88618750359234,0.0107754395624628,0.067725877127612,-12.734807801017524,-250100000.0,-2847300000.0,-3725000000.0,12707700000.0,929750000.0,597800000.0,548600000.0,56.38603830315707,87.96673988076562,75.7812990272984,1.5961398017736046,1.0231139646869984,1.1876280976336873,0.0234628333023524,0.1020350480497456,2023-02-01,0.84,bmo,1501584236.0,2025-04-25,2022-12-31,0.0476190476190476,64.27539682539683,1830000.0
2022-09-30,FTV,USD,1659166,2022-10-26,2022-10-26 07:37:54,2022,Q3,1456000000.0,610600000.0,845400000.0,0.5806318681,101100000,0.0,0.0,491300000.0,-8000000.0,592400000.0,1203000000.0,26400000.0,26400000.0,115000000.0,368000000.0,0.2527472527,251900000.0,0.1730082418,-34400000.0,217500000.0,0.1493818681,27600000.0,189900000.0,0.1304258242,0.53,0.53,355200000,357900000,https://www.sec.gov/Archives/edgar/data/1659166/000165916622000190/0001659166-22-000190-index.htm,https://www.sec.gov/Archives/edgar/data/1659166/000165916622000190/ftv-20220930.htm,4.099099099099099,0.5346283783783784,0.928490990990991,0.8648648648648649,1.985641891891892,26.45185810810811,-8.868524774774775,26.438063063063066,10.09375,20708160000.0,23561760000.0,27.261927330173773,14.222637362637364,62.79005457853244,67.409375,2.205153980491545,2.205153980491545,16.18252747252747,64.02652173913043,71.44257125530625,76.6984375,0.0091702980853924,0.0148347318158638,0.3789772969289091,0.2239273647054382,7.754347826086956,0.9443694301917364,9.541666666666666,1.7367035281727226,0.0011975955372181,0.1305950500263296,0.0,0.0694368131868131,0.78938658914875,0.0685263796240145,0.015521978021978,0.1965217391304347,0.0157280219780219,17.83331496426256,0.0153790851359487,0.0567322916977862,-13.615146396396396,-144200000.0,-3150100000.0,-4049500000.0,12806800000.0,920950000.0,577150000.0,554100000.0,55.69368131868132,84.39895185063872,82.61546020307894,1.6159822419533851,1.0663639538945162,1.089384478144514,0.0202219193252971,0.0636261261261261,2022-10-26,0.76,bmo,1442770240.0,2025-04-25,2022-09-30,0.0394736842105263,62.03375,1698992.1875
2022-07-01,FTV,USD,1659166,2022-07-28,2022-07-28 07:38:39,2022,Q2,1463300000.0,629800000.0,833500000.0,0.5696029522,100100000,0.0,0.0,484900000.0,-3100000.0,585000000.0,1214800000.0,21000000.0,21000000.0,116200000.0,364700000.0,0.2492311898,248500000.0,0.169821636,-24100000.0,208200000.0,0.1422811454,35200000.0,173000000.0,0.1182259277,0.48,0.48,357400000,359800000,https://www.sec.gov/Archives/edgar/data/1659166/000165916622000155/0001659166-22-000155-index.htm,https://www.sec.gov/Archives/edgar/data/1659166/000165916622000155/ftv-20220701.htm,4.09429210968103,0.4840514829322888,0.8237269166200336,0.7725237828763291,1.9107442641298265,26.43928371572468,-9.19781757134863,26.42501398992725,10.361219921656408,19610538000.0,22609738000.0,28.338927745664737,13.401584090753776,66.61188179347826,71.0269395146686,2.0764416632254377,2.0764416632254377,15.451197977174878,61.99544282972306,76.79938179347826,81.889670409272,0.0088217875511625,0.0140791649877224,0.3898753745645522,0.2291159798144472,8.223745544282972,0.936430130586298,11.833333333333334,1.7017341040462428,0.0012697254914679,0.1439306358381503,0.0,0.0684070252169753,0.792531843269512,0.0621603260869565,0.0125059796350714,0.1574870912220309,0.0171530103191416,16.96464005475631,0.0142803382832858,0.051886509507528,-13.875419697817572,-166000000.0,-3287300000.0,-4176200000.0,12978300000.0,934950000.0,578900000.0,550500000.0,57.86988314084604,83.12638932994601,78.26770403302636,1.5552130938463171,1.0826886711363246,1.1498995800620777,0.0183179272153574,0.0512031337437045,2022-07-28,0.72,bmo,1403453118.0,2025-04-25,2022-07-01,0.0833333333333334,58.688870967741934,2734625.806451613
2022-04-01,FTV,USD,1659166,2022-04-28,2022-04-28 07:46:25,2022,Q1,1376500000.0,584500000.0,792000000.0,0.5753723211,99100000,0.0,0.0,480600000.0,-2700000.0,579700000.0,1164200000.0,0.0,18800000.0,117800000.0,327400000.0,0.2378496186,212300000.0,0.1542317472,-21500000.0,190800000.0,0.1386124228,25700000.0,165100000.0,0.1199418816,0.46,0.45,359300000,368400000,https://www.sec.gov/Archives/edgar/data/1659166/000165916622000102/0001659166-22-000102-index.htm,https://www.sec.gov/Archives/edgar/data/1659166/000165916622000102/ftv-20220401.htm,3.831060395212914,0.4595045922627331,0.5978291121625383,0.5455051489006402,1.904536598942388,26.62593932646813,-9.337879209574172,26.611188421931537,10.457834678541609,21784359000.0,24838759000.0,32.98661265899455,15.825905557573556,101.41694134078212,111.1446887755102,2.278364988390821,2.278364988390821,18.04486669088267,75.8667043372022,115.63668063314712,126.72836224489797,0.0075788321336423,0.0089972810308533,0.3910201434936306,0.229841882653814,9.329260843005498,0.9555356027482824,11.29255319148936,1.301029678982435,0.0011522028258898,0.1520290732889158,0.0,0.0719941881583726,0.7943859735405499,0.0875232774674115,0.0136578278241917,0.1595925297113752,0.0144569560479476,16.587018234828836,0.0124929638099243,0.0493631525443999,-14.032841636515446,-113900000.0,-3355100000.0,-4252000000.0,13220500000.0,929600000.0,567000000.0,533000000.0,60.74100980748275,88.7065868263473,85.19589392643286,1.4817007534983853,1.014580801944107,1.0563889390927164,0.0172673457861819,0.0523239632618981,2022-04-28,0.68,bmo,1347020330.0,2025-04-25,2022-04-01,0.0294117647058822,65.62532258064516,3390000.0
2021-12-31,FTV,USD,1659166,2022-03-01,2022-02-28 20:47:40,2021,Q4,1374800000.0,580800000.0,794000000.0,0.5775385511,93000000,0.0,0.0,499400000.0,-4600000.0,592400000.0,1173200000.0,0.0,25200000.0,104000000.0,322100000.0,0.2342886238,201600000.0,0.1466395112,-25900000.0,175700000.0,0.1278004073,7800000.0,165000000.0,0.1200174571,0.46,0.45,359300000,362900000,https://www.sec.gov/Archives/edgar/data/1659166/000165916622000054/0001659166-22-000054-index.htm,https://www.sec.gov/Archives/edgar/data/1659166/000165916622000054/ftv-20211231.htm,3.826328973003061,0.4592262733092123,0.7642638463679376,0.703033676593376,2.28026718619538,26.487614806568327,-9.811299749512942,26.474255496799337,11.60228221541887,27410997000.000004,30735197000.000004,41.53181363636365,19.93817064300262,99.82154770575384,108.5154275534442,2.8816674376064424,2.8816674376064424,22.35612234506837,95.42128841974544,111.92715586307358,121.6753642121932,0.0060194818889659,0.0092152795463805,0.4355984945648746,0.2516473839239622,10.32039739211425,0.6769765000403779,8.0,1.6210153482880756,0.0009156908812911,0.1521212121212121,0.0,0.0676462030840849,0.7920925571649813,0.0801165331391114,0.0160023276112889,0.2115384615384615,0.016147803316846,16.53927622463267,0.0128506286364398,0.0481991061256682,-14.403562482605066,-1200000000.0,-3525200000.0,-4433600000.0,12413300000.0,880300000.0,526400000.0,509750000.0,60.89467558917661,86.45144628099175,79.44731404958678,1.4779617286605031,1.041046782577523,1.1328262141603276,0.0173461449506949,0.0612301697745616,2022-02-03,0.78,bmo,1437606094.0,2025-04-25,2021-12-31,0.0128205128205128,74.9890625,1761106.25
2021-10-01,FTV,USD,1659166,2021-10-28,2021-10-28 16:21:17,2021,Q3,1299500000.0,555300000.0,744200000.0,0.5726818007,87800000,0.0,0.0,455600000.0,-1600000.0,543400000.0,1098700000.0,0.0,25100000.0,98800000.0,299600000.0,0.2305502116,200800000.0,0.1545209696,-26700000.0,174100000.0,0.1339746056,23000000.0,150800000.0,0.1160446326,0.42,0.42,358900000,362200000,https://www.sec.gov/Archives/edgar/data/1659166/000165916621000235/0001659166-21-000235-index.htm,https://www.sec.gov/Archives/edgar/data/1659166/000165916621000235/ftv-20211001.htm,3.620785734187796,0.4201727500696572,0.7305656171635553,0.7001950404012259,2.3360267483978823,25.976037893563667,-6.382557815547506,25.962663694622456,8.400947339091669,25489078000.0,27640678000.0,42.25642904509284,19.614527125817624,97.21234935163996,101.42888181456426,2.735466623739,2.735466623739,21.27024086186995,92.25860480640854,105.41829900839056,109.99076004775168,0.0059162595053457,0.00985912475924,0.3208843099377549,0.1996514446351186,7.181575433911883,0.8453762766217017,8.0,1.7352746525479814,0.0009886587502301,0.1671087533156498,0.0,0.0675644478645633,0.7754689138026589,0.0415713196033562,0.0083878414774913,0.1103238866396761,0.0141592920353982,15.66678287279559,0.0128556676942047,0.0448462499256527,-10.974366118696016,-443600000.0,-2290700000.0,-3228000000.0,11745200000.0,824150000.0,492150000.0,497400000.0,57.51135051943055,80.21069692058347,82.13938411669368,1.564908477842004,1.1220448575469792,1.095698500394633,0.0161837304142519,0.0303705767623293,2021-10-28,0.65,amc,1317660000.0,2025-04-25,2021-10-01,0.0153846153846153,72.64046875,2490400.0
2021-07-02,FTV,USD,1659166,2021-07-29,2021-07-29 16:18:17,2021,Q2,1319700000.0,564200000.0,755500000.0,0.5724785936,87800000,0.0,0.0,456400000.0,-4600000.0,544200000.0,1108400000.0,0.0,25200000.0,95700000.0,307000000.0,0.2326286277,211300000.0,0.1601121467,-3800000.0,207500000.0,0.1572327044,25500000.0,180900000.0,0.1370766083,0.48,0.48,339400000,342400000,https://www.sec.gov/Archives/edgar/data/1659166/000165916621000199/0001659166-21-000199-index.htm,https://www.sec.gov/Archives/edgar/data/1659166/000165916621000199/ftv-20210702.htm,3.8883323512080143,0.5329994107248085,0.8235120801414261,0.797878609310548,4.613435474366529,27.135238656452564,-3.74572775486152,27.12139068945197,8.224808485562757,24002368000.0,25202868000.0,33.17076838032062,18.18774569978025,85.8760930232558,88.63503692762185,2.6075359043997826,2.6075359043997826,19.09742214139577,82.09403257328991,90.17126296958855,93.06819793205318,0.0075367563733711,0.0112822201542781,0.3005214557305812,0.1908385360974095,3.91042345276873,1.2010740553371988,8.384920634920634,1.5357142857142858,0.0017039985388108,0.2260917634051962,0.0,0.0665302720315223,0.7230519816494774,0.0311270125223613,0.0065924073653102,0.0909090909090909,0.0153065090550882,18.034769703245235,0.0140950514152008,0.0450616515132644,-8.4342221567472,516700000.0,-1271300000.0,-2199400000.0,11577800000.0,823700000.0,476950000.0,477300000.0,55.778586042282335,78.06806097128678,77.84473590925204,1.613522435505563,1.1528402125051085,1.1561475409836066,0.0196523628462791,0.025633470830878,2021-07-29,0.61,amc,1319700000.0,2025-04-25,2021-07-02,0.0819672131147541,71.51142857142858,2595465.0793650798
2021-04-02,FTV,USD,1659166,2021-04-29,2021-04-29 16:20:22,2021,Q1,1259200000.0,547300000.0,711900000.0,0.5653589581,86200000,0.0,0.0,428100000.0,-3300000.0,514300000.0,1061600000.0,0.0,27700000.0,97000000.0,294600000.0,0.2339580686,197600000.0,0.1569250318,-78900000.0,118700000.0,0.0942662008,7000000.0,110200000.0,0.0875158831,0.27,0.27,338600000,341700000,https://www.sec.gov/Archives/edgar/data/1659166/000165916621000150/0001659166-21-000150-index.htm,https://www.sec.gov/Archives/edgar/data/1659166/000165916621000150/ftv-20210402.htm,3.7188422917897226,0.325457767277023,0.4276432368576491,0.4028352037802717,3.8381571175428233,26.629356172474896,-4.5286473715298285,26.6066154754873,8.247194329592439,24006740000.000004,25471940000.000004,54.46175136116153,19.06507306226176,165.79240331491712,176.00249266862173,2.6647508047508053,2.6647508047508053,20.22866899618806,86.46279701289886,175.91118784530389,186.7444281524927,0.004590377535642,0.0056817377119925,0.3068931068931069,0.1936283607280673,4.973523421588594,1.131768223694844,7.133574007220217,1.29632945389436,0.0017078537110828,0.3720508166969147,0.0,0.0684561626429479,0.7388594359509486,0.0580110497237569,0.0066709021601016,0.0865979381443299,0.0131829733163913,13.958327891177856,0.0142824186794265,0.0295537438317957,-9.17653573538098,326100000.0,-1533400000.0,-2461300000.0,11472900000.0,819900000.0,472650000.0,461050000.0,59.28764294790343,76.38406723917413,76.72939886716608,1.5180229053646774,1.1782561894510226,1.172953279039863,0.0122322122322122,0.0248080330773774,2021-04-29,0.6,amc,1219330000.0,2025-04-25,2021-04-02,0.05,68.64573770491803,2314763.934426229
2020-12-31,FTV,USD,1659166,2021-02-26,2021-02-26 16:03:08,2020,Q4,1324900000.0,562800000.0,762100000.0,0.5752132236,83400000,0.0,0.0,494800000.0,-2200000.0,578200000.0,1141000000.0,0.0,36800000.0,31400000.0,1332300000.0,1.0055853272,183900000.0,0.1388029285,1080200000.0,1264100000.0,0.9541097441,12500000.0,1215600000.0,0.9175032078,3.55,3.37,338000000,360700000,https://www.sec.gov/Archives/edgar/data/1659166/000165916621000062/0001659166-21-000062-index.htm,https://www.sec.gov/Archives/edgar/data/1659166/000165916621000062/ftv-20201231.htm,3.9198224852071006,3.596449704142012,0.842603550295858,1.0976331360946745,8.710059171597633,26.546449704142013,-4.961834319526627,26.52130177514793,13.219526627218936,23937160000.0,26543760000.0,4.922910496873971,18.067144690165293,84.04901685393257,64.52064690026953,2.670306329622275,2.670306329622275,20.034538455732505,19.92326052690835,93.201404494382,71.5465229110512,0.0507829667345666,0.0154989146582134,0.494344169027911,0.2760738871756533,1.9564662613525483,1.5544253355704698,4.997282608695652,0.27026001138736,0.0024313661269757,0.0478775913129318,0.0,0.0629481470299645,0.6634769336199109,0.3026685393258427,0.065061514076534,2.745222929936306,0.0018114574684881,46.32609284475181,0.0124393859975108,0.2250402651017272,-9.761316568047338,1586100000.0,-1677100000.0,-2631900000.0,12846600000.0,1008950000.0,628950000.0,558650000.0,55.0433995018492,76.88699360341151,72.8411513859275,1.6350734295939775,1.1705490848585691,1.2355653128430295,0.1356060775083108,0.2550295857988165,2021-02-04,0.61,amc,1288020000.0,2025-04-25,2020-12-31,0.1475409836065573,68.2384375,2305533.078125
2020-09-25,FTV,USD,1659166,2020-10-27,2020-10-27 16:29:55,2020,Q3,1902300000.0,918900000.0,983400000.0,0.516953162,110700000,0.0,0.0,562300000.0,-1400000.0,673000000.0,1591900000.0,7000000.0,43900000.0,115900000.0,424900000.0,0.2233611943,310400000.0,0.1631708984,127500000.0,265100000.0,0.1393576197,39300000.0,225800000.0,0.1186984177,0.61,0.61,337600000,340800000,https://www.sec.gov/Archives/edgar/data/1659166/000165916620000185/0001659166-20-000185-index.htm,https://www.sec.gov/Archives/edgar/data/1659166/000165916620000185/ftv-20200925.htm,5.634774881516588,0.6688388625592417,1.4268364928909951,1.3477488151658767,4.410841232227488,22.77280805687204,-12.58441943127962,22.73726303317536,17.677725118483412,20954832000.0,25389832000.0,23.20065544729849,11.015524365242076,43.50183101515466,46.05457582417582,2.7298800171962325,2.7298800171962325,13.346912684644904,59.75484113909155,52.70880631098194,55.80182857142857,0.0107755576374938,0.0217133690215221,0.7717590964161488,0.3444304261120833,10.437750058837374,1.241269319302861,7.070615034168565,2.133303808680248,0.0019470449584134,0.1806908768821966,0.0,0.0581927140829522,0.6940004767525015,0.0554286900560514,0.0140356410660779,0.2303710094909404,0.0112495400304894,18.49784354346296,0.017317040910628,0.0429024719271911,-20.10041469194313,733700000.0,-4248500000.0,-5736900000.0,13399000000.0,1168400000.0,755050000.0,663150000.0,57.13294433054723,76.11165523996083,64.81880509304604,1.5752732692944684,1.182473298159825,1.3884859474161375,0.0294159794687406,0.0790876777251184,2020-10-27,0.88,amc,1749241379.0,2025-04-25,2020-09-25,0.0681818181818181,60.5146875,3293939.359375
2020-06-26,FTV,USD,1659166,2020-07-28,2020-07-28 16:25:13,2020,Q2,1571200000.0,756900000.0,814300000.0,0.5182662933,106600000,0.0,0.0,516600000.0,5300000.0,623200000.0,1380100000.0,7000000.0,43200000.0,119100000.0,315500000.0,0.2008019348,191100000.0,0.1216267821,-37900000.0,153200000.0,0.0975050916,22900000.0,130000000.0,0.0827393075,0.33,0.33,337300000,339700000,https://www.sec.gov/Archives/edgar/data/1659166/000165916620000136/0001659166-20-000136-index.htm,https://www.sec.gov/Archives/edgar/data/1659166/000165916620000136/ftv-20200626.htm,4.658167803142603,0.3854135784168396,1.4206937444411505,1.3445004447079751,3.151497183516158,21.95938333827453,-13.525348354580492,21.924992588200418,17.624073525051884,18733642000.0,23572042000.0,36.02623461538462,11.923142820773933,39.09357679465776,41.30902315325248,2.533182156234365,2.533182156234365,15.002572556008149,74.71328684627575,49.19040484140234,51.97804189636163,0.0069393874399863,0.0242077861848753,0.7979933200816735,0.3532566728721334,15.33565768621236,1.1300236406619386,4.423611111111111,3.6776669224865697,0.0021832380484264,0.3146153846153846,0.0,0.067846232179226,0.716462045888529,0.0536310517529215,0.0163569246435845,0.2157850545759865,0.0144475560081466,13.788737129595033,0.0108840504860088,0.0274452678024785,-20.92099021642455,374000000.0,-4562100000.0,-6048400000.0,13070600000.0,1223400000.0,739200000.0,657450000.0,64.68177189409369,87.15814506539833,79.01307966706302,1.3914275593340415,1.0326057298772169,1.1390519187358916,0.0175787324381701,0.0761932997331752,2020-07-28,0.58,amc,1340141176.0,2025-04-25,2020-06-26,0.1724137931034484,51.77,2846298.634920635
2020-03-27,FTV,USD,1659166,2020-04-30,2020-04-30 16:18:16,2020,Q1,1713500000.0,837700000.0,875800000.0,0.5111175956,113700000,0.0,0.0,557200000.0,-4600000.0,670900000.0,1508600000.0,0.0,38600000.0,117600000.0,232600000.0,0.13574555,119600000.0,0.0697986577,-44000000.0,71400000.0,0.0416690983,29100000.0,41900000.0,0.0244528742,0.07,0.07,336800000,340000000,https://www.sec.gov/Archives/edgar/data/1659166/000165916620000078/0001659166-20-000078-index.htm,https://www.sec.gov/Archives/edgar/data/1659166/000165916620000078/ftv-20200327.htm,5.087589073634204,0.1244061757719715,0.5671021377672208,0.4667458432304038,3.08937054631829,21.535926365795724,-14.15914489311164,21.502672209026127,18.772268408551067,13994039999.999998,19237440000.0,83.49665871121718,8.166933177706447,73.26722513089005,89.0206106870229,1.9323179740682952,1.9323179740682952,11.226985701779984,82.7061049011178,100.71958115183246,122.37557251908396,0.0029941317875324,0.0112333536276872,0.8676903108214468,0.3711322548828529,22.54256233877902,1.6244401489793032,3.098445595854922,4.515366430260047,0.0016792863247496,0.5608591885441527,0.0,0.066355412897578,0.7100350230632482,0.1769633507853403,0.0197257076159906,0.2874149659863945,0.0093959731543624,7.758154897530198,0.0046716244385828,0.0085343001466514,-21.747327790973877,1324500000.0,-4768800000.0,-6232800000.0,14066600000.0,1351050000.0,755450000.0,645350000.0,69.205719288007,80.08356213441566,69.87704428793124,1.3004705525197329,1.1238261336195332,1.2879766297662976,0.0057856146697781,0.1003562945368171,2020-04-30,0.72,amc,1644033783.0,2025-04-25,2020-03-27,0.0277777777777778,57.99774193548387,3040853.193548387
2019-12-31,FTV,USD,1659166,2020-02-27,2020-02-27 17:09:00,2019,Q4,2002400000.0,966500000.0,1035900000.0,0.517329205,111200000,0.0,0.0,629500000.0,-4600000.0,740700000.0,1707200000.0,0.0,47500000.0,117100000.0,412300000.0,0.2059029165,295200000.0,0.1474230923,-52500000.0,242700000.0,0.1212045545,63900000.0,192800000.0,0.0962844586,0.52,0.52,336400000,340100000,https://www.sec.gov/Archives/edgar/data/1659166/000165916620000071/0001659166-20-000071-index.htm,https://www.sec.gov/Archives/edgar/data/1659166/000165916620000071/a20191231-10k.htm,5.95243757431629,0.5731272294887039,1.4131985731272294,1.315398335315101,3.582639714625446,21.99821640903686,-14.399821640903689,21.9589774078478,19.58917954815696,21502688000.0,26839788000.0,27.882116182572616,10.738457850579303,45.230727808161554,48.59364519774011,2.9108823609042918,2.9108823609042918,13.403809428685577,65.09771525588164,56.45727387463189,60.65488813559322,0.0089663208618382,0.0205788225174452,0.885650467036686,0.3751533918229256,12.944700460829493,1.0639132441162895,6.214736842105263,2.6588366890380315,0.0026973371887272,0.3008298755186722,0.0,0.0555333599680383,0.7021216812890647,0.0692048801009676,0.0164302836596084,0.2809564474807856,0.0079404714342788,16.827625423502543,0.0140182274915295,0.0371147515737193,-22.2207936979786,221600000.0,-4844100000.0,-6350000000.0,13192200000.0,1358250000.0,729650000.0,660500000.0,62.22782660807032,71.28297982410761,59.62441800310399,1.4462983026363307,1.2625734813847158,1.5094486959237858,0.0260999052389332,0.0978002378121284,2020-02-06,0.97,amc,1885755339.0,2025-04-25,2019-12-31,0.0618556701030928,59.93125,2200251.078125
2019-09-27,FTV,USD,1659166,2019-10-25,2019-10-24 19:01:38,2019,Q3,1860000000.0,932300000.0,927700000.0,0.4987634409,119100000,0.0,0.0,566500000.0,-1200000.0,685600000.0,1617900000.0,0.0,47000000.0,116800000.0,358200000.0,0.1925806452,242100000.0,0.1301612903,-7000000.0,235100000.0,0.1263978495,27800000.0,207100000.0,0.111344086,0.56,0.56,336100000,339900000,https://www.sec.gov/Archives/edgar/data/1659166/000165916619000227/0001659166-19-000227-index.htm,https://www.sec.gov/Archives/edgar/data/1659166/000165916619000227/a20190927-10q.htm,5.534067241892294,0.6161856590300506,1.1335911930972924,1.0410592085688783,3.1553109193692355,21.313894674204107,-13.366557572151146,21.27848854507587,18.685212734305267,19295501000.0,24468101000.0,23.29249275712216,10.373925268817205,50.644359580052495,55.14575878822521,2.698029978886139,2.698029978886139,13.154893010752687,68.3084896705751,64.2207375328084,69.92883966847671,0.0107330719217915,0.0181337608181306,0.8715550148915643,0.3741266716285323,14.440536013400337,1.1884579775743236,5.151063829787234,1.837916063675832,0.0012179004836412,0.1134717527764365,0.0,0.0640322580645161,0.6996290605267581,0.0816272965879265,0.0167204301075268,0.2662671232876712,0.0089784946236559,17.175818421970366,0.0143766890339343,0.0413844094079091,-21.1155905980363,549600000.0,-4492500000.0,-6030900000.0,12935700000.0,1323600000.0,695850000.0,687200000.0,64.45161290322581,66.97629518395367,65.71168078944547,1.3963963963963963,1.343759008359758,1.3696195093286323,0.0289581498105345,0.0925319845284141,2019-10-24,0.87,amc,1860000000.0,2025-04-25,2019-09-27,0.0,61.15875,2348401.125
2019-06-28,FTV,USD,1659166,2019-07-25,2019-07-25 16:16:30,2019,Q2,1864700000.0,960700000.0,904000000.0,0.484796482,117400000,0.0,0.0,537100000.0,-800000.0,654500000.0,1615200000.0,0.0,44400000.0,110400000.0,359200000.0,0.1926315225,249500000.0,0.1338016839,-45200000.0,204300000.0,0.1095618598,29000000.0,174600000.0,0.0936343648,0.47,0.47,335600000,339700000,https://www.sec.gov/Archives/edgar/data/1659166/000165916619000189/0001659166-19-000189-index.htm,https://www.sec.gov/Archives/edgar/data/1659166/000165916619000189/a20190628-10q.htm,5.556317044100119,0.5202622169249106,0.7711561382598331,0.6981525625744934,3.254171632896305,20.926400476758044,-13.531585220500595,20.892729439809298,19.199046483909417,22894632000.0,28201332000.0,32.78154639175258,12.277917091221108,88.46457496136013,97.71503201024328,3.265250727366079,3.265250727366079,15.123790422051805,78.51150334075724,108.96959814528591,120.36419974391804,0.0076262418194797,0.0102338399673775,0.9126019738718696,0.3885572713306331,14.773663697104675,1.2311192318715964,5.61936936936937,1.4763262977752425,0.0017733414540141,0.2325315005727377,0.0,0.062959189145707,0.7022121556220815,0.0946676970633694,0.0131388427092829,0.2219202898550724,0.0085268407786775,15.638676384504842,0.0144851953840562,0.0356035889070146,-20.917312276519667,645100000.0,-4541200000.0,-6008900000.0,12921500000.0,1230900000.0,682850000.0,651000000.0,63.47830750254733,65.38045175392944,64.98698865410638,1.4178071776155718,1.376558246167073,1.3848926048724233,0.0249015916481259,0.0730035756853396,2019-07-25,0.89,amc,1864700000.0,2025-04-25,2019-06-28,0.0112359550561797,68.90539682539682,1782242.253968254
2019-03-29,FTV,USD,1659166,2019-04-25,2019-04-25 16:12:13,2019,Q1,1592900000.0,780200000.0,812700000.0,0.5102015192,109000000,0.0,0.0,486400000.0,400000.0,595400000.0,1375600000.0,0.0,25300000.0,81900000.0,299200000.0,0.1878335112,217300000.0,0.1364178542,-24900000.0,192400000.0,0.1207859878,28400000.0,164400000.0,0.1032079854,0.44,0.43,335100000,339500000,https://www.sec.gov/Archives/edgar/data/1659166/000165916619000117/0001659166-19-000117-index.htm,https://www.sec.gov/Archives/edgar/data/1659166/000165916619000117/a20190329-10q.htm,4.753506415995226,0.4905998209489705,0.4661295135780364,0.3945091017606684,11.127723067740972,20.47955834079379,-5.197851387645479,20.44374813488511,17.837660399880633,23524020000.0,25747220000.0,35.77253649635036,14.768045702806203,150.60192061459668,177.9426626323752,3.433812603091655,3.433812603091655,16.163739092221736,86.05354278074866,164.83495518565942,194.75960665658093,0.0069886014380195,0.0056197877743684,0.8688309223874933,0.3801752660287937,7.43048128342246,2.19590089407486,8.588932806324111,0.952439024390244,0.001730146463062,0.2475669099756691,0.0,0.0684286521438885,0.5495905775347786,0.1536491677336747,0.0150668591876451,0.293040293040293,0.0080984368133592,15.022257867120404,0.013058879300648,0.0233135272345675,-11.639809012235151,3156700000.0,-1741800000.0,-2997200000.0,12395900000.0,1170850000.0,687150000.0,591400000.0,64.78372779207734,77.0340938220969,70.1704691104845,1.3892377463806036,1.168313866427074,1.2825908268946244,0.0239975476958558,0.0716204118173679,2019-04-25,0.68,amc,1592900000.0,2025-04-25,2019-03-29,0.014705882352941,64.64540983606557,1819321.163934426
2018-12-31,FTV,USD,1659166,2019-02-28,2019-02-27 18:18:23,2018,Q4,1757500000.0,859200000.0,898300000.0,0.5111237553,108800000,0.0,0.0,495000000.0,-400000.0,603800000.0,1463000000.0,4000000.0,26700000.0,76000000.0,370100000.0,0.2105832148,294500000.0,0.1675675676,-27100000.0,267400000.0,0.1521479374,27300000.0,2112300000.0,1.2018776671,6.26,6.17,334600000,339300000,https://www.sec.gov/Archives/edgar/data/1659166/000165916619000085/0001659166-19-000085-index.htm,https://www.sec.gov/Archives/edgar/data/1659166/000165916619000085/a20181231-10k.htm,5.252540346682606,6.312910938433951,1.3293484757919904,1.273759713090257,3.5218170950388523,19.763598326359837,-5.96682606096832,19.711595935445303,10.331739390316796,18945052000.0,21196952000.0,2.2422302703214507,10.779545945945946,42.59229316546762,44.45108399812295,2.8724208930331288,2.8724208930331288,12.060854623044095,57.27358011348284,47.65501798561151,49.73475363679024,0.1114961310214403,0.0224966392280158,0.5200970358577818,0.2657993429209025,6.084571737368279,1.4466493316910725,11.02996254681648,3.808219178082192,0.0021483181993905,0.0192680963878237,0.0,0.0619061166429587,0.6671057525415324,0.0418165467625899,0.0105832147937411,0.2447368421052631,0.0058605974395448,52.9135603213809,0.0236754300770248,0.4916670546063963,-11.747534369396297,979100000.0,-1996500000.0,-3121500000.0,10164600000.0,1245350000.0,732600000.0,611850000.0,61.2,74.00488826815644,60.17807262569833,1.4705882352941178,1.216135881104034,1.49556135770235,0.3202638162383443,0.0555887627017334,2019-02-07,0.86,amc,948917582.0,2025-04-25,2018-12-31,0.0581395348837209,62.33396825396825,4087810.73015873
2018-09-28,FTV,USD,1659166,2018-10-25,2018-10-25 16:16:36,2018,Q3,1840100000.0,915800000.0,924300000.0,0.5023096571,112500000,0.0,0.0,490400000.0,-800000.0,602900000.0,1518700000.0,1300000.0,24400000.0,66600000.0,387200000.0,0.2104233466,321400000.0,0.1746644204,-25200000.0,296200000.0,0.1609695125,50900000.0,245300000.0,0.1333079724,0.65,0.64,349900000,355300000,https://www.sec.gov/Archives/edgar/data/1659166/000165916618000260/0001659166-18-000260-index.htm,https://www.sec.gov/Archives/edgar/data/1659166/000165916618000260/a20180928-10q.htm,5.25893112317805,0.7010574449842812,1.1054587024864246,1.0054301228922549,3.272649328379537,16.716490425835953,-9.700200057159188,16.6627607887968,14.366676193198057,24653954000.0,28511354000.0,25.126328984916427,13.398159882615074,63.73824715615305,70.0794599204093,4.228590981596144,4.228590981596144,15.49445899679365,73.63469524793388,73.71084281282316,81.04421262080727,0.0099497224664246,0.0142695163623652,0.8580175977222442,0.3608578353579363,9.962293388429751,0.9812616755280932,13.172131147540984,1.5768446799836937,0.00170763683586,0.1716265796983286,0.0,0.061137981631433,0.6667628473324292,0.0904860392967942,0.0190207053964458,0.5255255255255256,0.0076082821585783,16.212184657288123,0.0218032362590287,0.0530998354835916,-15.92540725921692,-65200000.0,-3394100000.0,-4599400000.0,9860300000.0,1241700000.0,761100000.0,645750000.0,63.36829520134775,74.56103952828128,63.79995632234112,1.4202686014201915,1.207064715961513,1.4106592729513248,0.0420733066909078,0.1000285795941697,2018-10-25,0.88,amc,1882491891.0,2025-04-25,2018-09-28,-0.0227272727272727,68.04825396825397,5881862.349206349
2018-06-29,FTV,USD,1659166,2018-07-26,2018-07-26 16:15:32,2018,Q2,1856000000.0,917100000.0,938900000.0,0.5058728448,111000000,0.0,0.0,445500000.0,-1100000.0,556500000.0,1473600000.0,1400000.0,25300000.0,58200000.0,439500000.0,0.236799569,382400000.0,0.2060344828,-26400000.0,356000000.0,0.1918103448,61000000.0,295000000.0,0.1589439655,0.84,0.83,349200000,355000000,https://www.sec.gov/Archives/edgar/data/1659166/000165916618000198/0001659166-18-000198-index.htm,https://www.sec.gov/Archives/edgar/data/1659166/000165916618000198/a20180629-10q.htm,5.315005727376861,0.8447880870561283,0.9788087056128292,0.9006300114547537,6.781786941580756,16.15664375715922,-1.9212485681557847,16.107101947308134,10.744558991981672,22533876000.0,23892376000.0,19.096505084745765,12.14109698275862,65.92708016383851,71.64984419713832,4.006307292963055,4.006307292963055,12.873047413793104,54.362630261660975,69.90162668227033,75.96939904610493,0.0130914006982198,0.0139567644731869,0.6625715606443124,0.3109184805733307,3.091012514220705,1.95910732152956,15.114624505928854,1.15864406779661,0.0010828141594459,0.0827118644067796,0.0,0.0598060344827586,0.526676733883415,0.0798712697483908,0.0147090517241379,0.4690721649484536,0.0078663793103448,17.497413421614656,0.0302169800313141,0.0519979553346376,-7.915234822451318,2204700000.0,-670900000.0,-1840800000.0,9207900000.0,1179950000.0,737600000.0,629100000.0,57.59806034482758,74.92639842983317,63.03238469087341,1.5625526182859066,1.201178781925344,1.427837459131247,0.0524481740923799,0.0781786941580756,2018-07-26,0.89,amc,1875792105.0,2025-04-25,2018-06-29,0.0224719101123595,63.3771875,2134893.90625
2018-03-30,FTV,USD,1659166,2018-04-26,2018-04-26 16:22:38,2018,Q1,1740700000.0,869900000.0,870800000.0,0.5002585167,108900000,0.0,0.0,423700000.0,-700000.0,532600000.0,1402500000.0,1300000.0,24600000.0,60000000.0,397500000.0,0.2283564083,338200000.0,0.1942896536,-25300000.0,312900000.0,0.1797552709,51700000.0,261200000.0,0.1500545757,0.75,0.74,348600000,354400000,https://www.sec.gov/Archives/edgar/data/1659166/000165916618000129/0001659166-18-000129-index.htm,https://www.sec.gov/Archives/edgar/data/1659166/000165916618000129/a20180330-10q.htm,4.993402180149168,0.7492828456683879,0.4905335628227194,0.4004589787722318,2.9136546184738954,11.789156626506024,-6.528112449799197,11.739529546758462,11.536144578313252,22613682000.0,25594882000.0,21.644029479326186,12.991142643764004,132.24375438596493,161.98912607449856,5.525775095298603,5.525775095298603,14.70378698224852,64.38964025157233,149.67767251461987,183.3444269340974,0.0115505294538058,0.0061732538734735,0.9766640602091682,0.3751055802691593,7.499874213836478,2.1073628027918434,13.747967479674797,0.6546707503828484,0.0010745706957407,0.0930321592649311,0.0,0.062561038662607,0.5992642228353698,0.183625730994152,0.0180387200551502,0.5233333333333333,0.0068363302119836,14.068231316554126,0.0307069522253629,0.0611709601873536,-12.458333333333334,1618300000.0,-2275700000.0,-3466000000.0,8713500000.0,1157850000.0,719600000.0,598250000.0,60.60148216234848,73.63260144844234,63.72111736981262,1.4851121917925092,1.222284670507236,1.4124046111381718,0.0638256279933535,0.0900745840504876,2018-04-26,0.75,amc,1721769230.0,2025-04-25,2018-03-30,0.04,63.15327868852459,2000610.508196721
2017-12-31,FTV,USD,1659166,2018-02-28,2018-02-27 20:44:26,2017,Q4,1806700000.0,896700000.0,910000000.0,0.5036807439,108700000,0.0,0.0,445500000.0,0.0,554200000.0,1450900000.0,0.0,17800000.0,60400000.0,416200000.0,0.2303647534,355800000.0,0.1969336359,-17800000.0,338000000.0,0.1870814192,1100000.0,336900000.0,0.1864725743,0.97,0.95,348100000,353900000,https://www.sec.gov/Archives/edgar/data/1659166/000165916618000100/0001659166-18-000100-index.htm,https://www.sec.gov/Archives/edgar/data/1659166/000165916618000100/a20171231-10k.htm,5.190175237000862,0.967825337546682,1.3312266590060329,1.1921861534041942,2.7638609594943984,10.939959781671933,-7.372306808388395,10.888537776501003,11.703533467394427,21073974000.0,24168074000.0,15.638152270703472,11.664346045275918,45.476853690116535,50.780660240963854,5.559975199852254,5.559975199852254,13.37691592406044,58.0684142239308,52.15380664652568,58.23632289156627,0.0159865434018282,0.0196925363958406,1.0701527583568582,0.38628268860827,7.434166266218164,1.832865256194221,19.98876404494382,1.375482338972989,0.0011578262362855,0.072425051944197,0.0,0.0601649416062434,0.607060548921014,0.1044454035390591,0.0267891736314828,0.8013245033112583,0.0063098466817955,15.398362310679904,0.0398550364683048,0.0816509536850779,-13.163746049985637,1334500000.0,-2566300000.0,-3755600000.0,8421500000.0,1109350000.0,686800000.0,578400000.0,56.967952620800354,73.01773168283707,58.27367012378722,1.579835606855544,1.2325773195876288,1.5444367895280744,0.0888847848455267,0.1390405056018385,2018-02-08,0.78,amc,862565853.0,2025-04-25,2017-12-31,0.0512820512820511,60.76492063492064,1374504.365079365
2017-09-29,FTV,USD,1659166,2017-10-26,2017-10-26 16:19:26,2017,Q3,1685300000.0,845900000.0,839400000.0,0.49807156,102000000,0.0,0.0,381500000.0,0.0,483500000.0,1329400000.0,0.0,22900000.0,39900000.0,395800000.0,0.2348543286,355900000.0,0.2111790186,-7600000.0,348300000.0,0.2066694357,80500000.0,267800000.0,0.1589034593,0.77,0.76,347700000,352900000,https://www.sec.gov/Archives/edgar/data/1659166/000165916617000246/0001659166-17-000246-index.htm,https://www.sec.gov/Archives/edgar/data/1659166/000165916617000246/a20170929-10q.htm,4.8469945355191255,0.7702041990221455,0.91745757837216,0.825136612021858,2.6197871728501583,10.003738855335058,-5.867414437733679,9.991947080816797,10.626402070750649,20597748000.0,23358748000.0,19.228666915608663,12.222006764374296,64.56974294670846,71.79417218543047,5.928774394105118,5.928774394105118,13.860290749421468,59.01654370894392,73.22491536050157,81.41773440223075,0.0130014213204278,0.0139287071576951,1.0569051868055956,0.3936850005360781,6.975745325922183,1.9541071558036684,15.541484716157203,1.1911874533233755,0.0011748857205166,0.0903659447348767,0.0,0.0605233489586423,0.5916586254958722,0.1006269592476489,0.0190470539369845,0.8045112781954887,0.0070610573785082,13.15889018710065,0.034430523078938,0.070314551278685,-11.053710094909404,1316000000.0,-2040100000.0,-3153400000.0,7507600000.0,1030050000.0,647350000.0,568400000.0,57.41351688126743,68.74216810497695,61.30511880836979,1.5675751092921588,1.309240055718929,1.4680666435265532,0.0770824938115249,0.0923209663503019,2017-10-26,0.73,amc,1597751948.0,2025-04-25,2017-09-29,0.0547945205479452,55.213968253968254,1513750.4126984128
2017-06-30,FTV,USD,1659166,2017-07-27,2017-07-27 16:14:50,2017,Q2,1628800000.0,823700000.0,805100000.0,0.494290275,99100000,0.0,0.0,357700000.0,0.0,456800000.0,1280500000.0,0.0,22700000.0,37100000.0,385400000.0,0.2366159136,348300000.0,0.2138384086,-22700000.0,325600000.0,0.1999017682,85500000.0,240100000.0,0.1474091356,0.69,0.68,347200000,352200000,https://www.sec.gov/Archives/edgar/data/1659166/000165916617000200/0001659166-17-000200-index.htm,https://www.sec.gov/Archives/edgar/data/1659166/000165916617000200/a20170630-10q.htm,4.691244239631336,0.6915322580645161,0.7076612903225806,0.6247119815668203,2.7891705069124426,9.138824884792626,-4.576324884792626,9.128744239631336,9.305299539170507,18405072000.0,20644772000.0,19.163965014577258,11.299774066797642,74.90871794871795,84.85510373443984,5.806932323710364,5.806932323710364,12.674835461689588,53.56713025428127,84.02430606430606,95.18106039649608,0.0130453170734675,0.0117847949739071,1.012178577062628,0.3788900568081161,5.811364815775818,1.9708929092500729,15.343612334801762,1.0233236151603498,0.0013257215185031,0.1016243231986672,0.0,0.0608423379174852,0.5624003495884069,0.1172161172161172,0.0176817288801571,0.7762803234501348,0.0081655206286836,11.917989559478071,0.0361933907073627,0.0648008204685307,-9.523761520737327,1330900000.0,-1588900000.0,-2592400000.0,6655600000.0,964550000.0,635950000.0,566100000.0,54.4265717092338,70.8680344785723,61.252883331309945,1.6536040609137057,1.2699660807893924,1.46931858722797,0.0757532733869695,0.0829493087557603,2017-07-27,0.69,amc,1582918309.0,2025-04-25,2017-06-30,0.0289855072463768,52.22476190476191,1670225.1904761903
2017-03-31,FTV,USD,1659166,2017-04-27,2017-04-27 16:17:45,2017,Q1,1535200000.0,791200000.0,744000000.0,0.4846274101,96200000,0.0,0.0,352900000.0,0.0,449100000.0,1240300000.0,0.0,22600000.0,36700000.0,331600000.0,0.2159979156,294900000.0,0.1920922355,-22600000.0,272300000.0,0.1773710266,72600000.0,199700000.0,0.1300807712,0.58,0.57,347000000,351500000,https://www.sec.gov/Archives/edgar/data/1659166/000165916617000121/0001659166-17-000121-index.htm,https://www.sec.gov/Archives/edgar/data/1659166/000165916617000121/a20170331-10q.htm,4.424207492795389,0.5755043227665706,0.4273775216138328,0.3501440922190201,2.3561959654178675,8.334005763688761,-5.312680115273775,8.323919308357349,9.46772334293948,17485330000.0,19930430000.0,21.889496745117675,11.389610474205316,117.90512474713418,143.91218106995885,6.053638692701842,6.053638692701842,12.98230198019802,60.10382991556092,134.39265003371546,164.0364609053498,0.0114210026347801,0.0069486821238146,1.1295873147763469,0.3962328309631662,7.373642943305187,1.796859386152748,13.048672566371682,0.7426139208813219,0.0013840173448256,0.1211817726589884,0.0,0.0626628452318916,0.5750822777892474,0.1807147673634524,0.0174570088587806,0.7302452316076294,0.0078165711307972,10.38196319330766,0.0316500724329285,0.057075080739661,-10.17557636887608,1116400000.0,-1843500000.0,-2825000000.0,6404700000.0,944750000.0,644750000.0,558100000.0,55.34718603439292,70.90116279069767,65.02022244691607,1.6260989301980722,1.2693726937269372,1.384184744576627,0.0691386234593546,0.0772334293948126,2017-04-27,0.57,amc,1458440000.0,2025-04-25,2017-03-31,0.0526315789473684,47.590806451612906,1785326.3709677418
2016-12-31,FTV,USD,1659166,2017-02-28,2017-02-27 20:25:43,2016,Q4,1627100000.0,830500000.0,796600000.0,0.4895826931,99200000,0.0,0.0,359700000.0,0.0,458900000.0,1289400000.0,0.0,22900000.0,42500000.0,380200000.0,0.2336672608,337700000.0,0.2075471698,-22900000.0,314800000.0,0.1934730502,90300000.0,224500000.0,0.1379755393,0.65,0.64,346200000,349700000,https://www.sec.gov/Archives/edgar/data/1659166/000165916617000091/0001659166-17-000091-index.htm,https://www.sec.gov/Archives/edgar/data/1659166/000165916617000091/a20161231-10k.htm,4.699884459849798,0.6484690930098209,0.9170999422299247,0.8027151935297516,2.320046216060081,7.772963604852686,-5.8789716926632005,7.764009243212016,9.76574234546505,15537456000.0,18092256000.0,17.302289532293987,9.54917091758343,48.93686929133859,55.91024109391868,5.7805186204843935,5.7805186204843935,11.119326408948435,47.5861546554445,56.98348346456693,65.10347607052897,0.0144489548353346,0.0178858109075256,1.249302429405856,0.4100222227649027,6.719621251972646,1.6970337538356632,14.746724890829697,1.414253897550111,0.0015575265345884,0.1077951002227171,0.0,0.0609673652510601,0.5770958997777723,0.1247244094488189,0.0243377788703828,0.9317647058823528,0.0066990350931104,10.643364163716054,0.0358203802660818,0.0648188248881189,-10.728625072212594,1022200000.0,-2035300000.0,-3010100000.0,6296100000.0,958700000.0,642800000.0,551350000.0,52.29303669104542,72.19506321493077,59.01745936183022,1.721070446371906,1.2466226358450916,1.5249724568490637,0.0835224524721901,0.1143847487001733,2017-02-07,0.67,amc,769514705.0,2025-04-25,2016-12-31,0.0149253731343283,43.895873015873015,1848327.619047619
2016-09-30,FTV,USD,1659166,2016-10-27,2016-10-27 16:17:33,2016,Q3,1567400000.0,794500000.0,772900000.0,0.4931096083,95200000,0.0,0.0,354500000.0,0.0,449700000.0,1244200000.0,0.0,23400000.0,45100000.0,368300000.0,0.234975118,323200000.0,0.2062013526,-23400000.0,299800000.0,0.1912721705,72900000.0,226900000.0,0.1447620263,0.66,0.65,346000000,349200000,https://www.sec.gov/Archives/edgar/data/1659166/000165916616000046/0001659166-16-000046-index.htm,https://www.sec.gov/Archives/edgar/data/1659166/000165916616000046/a2016930-10q.htm,4.530057803468208,0.6557803468208092,0.9583815028901734,0.8757225433526011,2.094797687861272,7.3976878612716765,-6.543930635838151,7.38728323699422,10.209537572254336,14736140000.000002,17520440000.0,16.236381665932132,9.401646038024756,44.43950542822678,48.63412541254126,5.765312989045384,5.765312989045384,11.178027306367232,47.571110507738254,52.83606755126659,57.823234323432345,0.0153975192960978,0.0205616939035595,1.372887323943662,0.4314484895429899,7.559869671463481,1.7233016800584369,13.811965811965813,1.4614367562802997,0.0016422210972479,0.1066549140590568,0.0,0.0607375271149674,0.5930925946417813,0.0862484921592279,0.0182467781038662,0.6341463414634146,0.007655990812811,10.440296507879529,0.0361619098311893,0.068560205469104,-11.1007225433526,990200000.0,-2264200000.0,-3214500000.0,6352300000.0,960100000.0,631800000.0,557800000.0,55.81217302539237,70.1648835745752,63.22089364380113,1.612551440329218,1.28269292864062,1.4235800035835873,0.0887715179968701,0.0826589595375722,2016-10-27,0.59,amc,1380247761.0,2025-04-25,2016-09-30,0.1355932203389832,42.58984126984127,2672037.3492063493
2016-07-01,FTV,USD,1659166,2016-08-02,2016-08-02 16:36:08,2016,Q2,1555100000.0,787000000.0,768100000.0,0.4939232204,96700000,0.0,0.0,349300000.0,0.0,446000000.0,1233000000.0,0.0,2700000.0,44900000.0,367000000.0,0.235997685,322100000.0,0.2071249437,-2700000.0,319400000.0,0.205388721,80500000.0,238900000.0,0.1536235612,0.69,0.69,345200000,345200000,https://www.sec.gov/Archives/edgar/data/1659166/000165916616000036/0001659166-16-000036-index.htm,https://www.sec.gov/Archives/edgar/data/1659166/000165916616000036/a7116-10q.htm,4.504924681344148,0.6920625724217845,0.8997682502896871,0.8041714947856315,1.41135573580533,6.872537659327926,-6.710892236384704,6.863557358053303,9.784183082271149,14039284000.0,16926884000.0,14.69159062369192,9.027897884380426,45.20052801030264,50.57378962536023,5.925498670493394,5.925498670493394,10.884755964246672,46.12229972752044,54.49737282678687,60.975806916426514,0.0170165373105921,0.0197730881432414,1.4243869497319883,0.4333834161626279,7.868119891008174,1.6012442601096133,119.29629629629628,1.3001255755546253,0.0,0.0,0.0,0.0621824963024885,0.6021497091343375,0.1062459755312298,0.0212205002893704,0.734966592427617,0.0070091955501253,10.338048709815784,0.0374278775998508,0.0771117781866305,-11.406720741599074,811800000.0,-2316600000.0,-3252700000.0,6034800000.0,938900000.0,634900000.0,555550000.0,54.87621374831201,73.66963151207116,63.75476493011436,1.6400548407508964,1.221670288730208,1.411659192825112,0.1008314692103152,0.0955967555040556,2016-08-02,0.61,amc,1478619672.0,2025-04-25,2016-07-01,0.0491803278688525,,
2016-04-01,FTV,USD,1659166,2016-04-01,2016-03-31 20:00:00,2016,Q1,1474700000.0,779500000.0,695200000.0,0.4714179155,93700000,0.0,0.0,338500000.0,0.0,432200000.0,1211700000.0,0.0,0.0,43900000.0,306900000.0,0.2081101241,263000000.0,0.1783413576,0.0,263000000.0,0.1783413576,81000000.0,182000000.0,0.1234149319,0.53,0.53,345200000,345200000,,,4.272016222479722,0.5272305909617613,0.5133256083429896,0.4310544611819235,0.0,15.241309385863268,1.5585168018539977,15.232039397450754,0.0,14039284000.0,14039284000.0,19.28473076923077,9.520094934562962,79.22846501128669,94.35002688172042,2.670029858694205,2.670029858694205,9.520094934562962,45.745467579015965,79.22846501128669,94.35002688172042,0.0129636240708571,0.010598831108481,0.0,0.0,0.0,1.262937962070074,0.0,0.9736263736263736,0.0,0.0,0.0,0.0635383467823964,0.6548678701161855,0.1602708803611738,0.0192581542008544,0.6469248291571754,0.0077981962433037,13.442207240408578,0.0304949566033309,0.0731129233117744,-2.831112398609502,327200000.0,538000000.0,-379700000.0,5569600000.0,954450000.0,641350000.0,538250000.0,56.73289482606632,72.23091725465041,63.9178960872354,1.586381239242685,1.2460038363171355,1.408056358381503,0.0346132633460755,0.082271147161066,2016-03-31,,amc,,2025-04-25,2016-04-01,,,
2015-12-31,FTV,USD,1659166,2015-12-31,2015-12-30 19:00:00,2015,Q4,1561400000.0,823200000.0,738200000.0,0.4727808377,91000000,0.0,0.0,309100000.0,0.0,400100000.0,1223300000.0,0.0,0.0,44700000.0,382800000.0,0.2451645959,338100000.0,0.2165364417,0.0,338100000.0,0.2165364417,102000000.0,236100000.0,0.1512104522,0.69,0.69,344000000,344000000,,,4.538953488372093,0.6863372093023256,1.1276162790697677,1.0313953488372094,0.0,15.065406976744184,1.379360465116279,15.056686046511627,0.0,13990480000.0,13990480000.0,14.814146548072852,8.960215191494813,36.067233823150296,39.43201803833146,2.701125591273289,2.701125591273289,8.960215191494813,36.54775339602926,36.067233823150296,39.43201803833146,0.0168757612319234,0.0253601020122254,0.0,0.0,0.0,1.2044578768417076,0.0,1.6429479034307497,0.0,0.0,0.0,0.0582810298450108,0.6529276343161456,0.0853312709461201,0.0211989240425259,0.7404921700223713,0.0069809145638529,15.248415896621564,0.0401046355591038,0.0943418844401822,-3.0005087209302324,270600000.0,474500000.0,-434000000.0,5493400000.0,974850000.0,633400000.0,537400000.0,56.44741898296401,71.84037900874637,57.16836734693878,1.5944041662411927,1.2527773550448942,1.57429718875502,0.045583550535766,0.0962209302325581,2016-06-15,,bmo,,2025-04-25,2015-12-31,,,
2015-09-30,FTV,USD,1659166,2015-09-30,2015-09-29 20:00:00,2015,Q3,1524600000.0,777400000.0,747200000.0,0.4900957628,95700000,0.0,0.0,349700000.0,0.0,445400000.0,1222800000.0,0.0,0.0,43600000.0,345400000.0,0.2265512266,301800000.0,0.1979535616,0.0,301800000.0,0.1979535616,105200000.0,196600000.0,0.1289518562,0.57,0.57,345200000,345200000,,,4.41657010428737,0.5695249130938587,0.6845307068366164,0.5842989571263036,0.0,15.223928157589803,1.5692352259559676,15.214368482039395,0.0,14039284000.0,14039284000.0,17.852599186164802,9.20850321395776,59.41296656792214,69.60477937530986,2.6731309977151563,2.6731309977151563,9.20850321395776,40.64645049218298,59.41296656792213,69.60477937530986,0.0140035631446731,0.0143668295334719,0.0,0.0,0.0,1.3707671854226948,0.0,1.2019328585961342,0.0,0.0,0.0,0.0627705627705627,0.6424249032328408,0.1464240372407956,0.0226944772399317,0.7935779816513762,0.0055752328479601,13.962866556298788,0.0324502764710737,0.0749352035371245,-3.123261877172653,474100000.0,541700000.0,-329100000.0,5691100000.0,,,,57.28453364817001,70.58528428093645,63.89374839207615,1.5711046990931574,1.275053304904051,1.4085885124116688,0.0374333587204874,0.1002317497103128,2015-09-29,,amc,,2025-04-25,2015-09-30,,,
2015-06-30,FTV,USD,1659166,2015-06-30,2015-06-29 20:00:00,2015,Q2,1564900000.0,800100000.0,764800000.0,0.488721324,95900000,0.0,0.0,333200000.0,0.0,429100000.0,1229200000.0,0.0,0.0,44900000.0,380600000.0,0.2432104288,335700000.0,0.2145184996,0.0,335700000.0,0.2145184996,108300000.0,227400000.0,0.1453127995,0.66,0.66,345200000,345200000,,,4.533314020857474,0.6587485515643106,0.8406720741599073,0.7586906141367323,,,,,,14039284000.0,,15.434569041336852,8.971361748354527,48.3779600275672,53.60551355479191,0.0,0.0,,,,,0.0161974072182028,0.0186547974953708,0.0,0.0,,0.0,0.0,1.2761653474054528,0.0,0.0,0.0,0.0612818710460732,0.0,0.0975189524465885,0.0180842226340341,0.6302895322939867,0.0044092274266726,,0.0,0.0,,,,,,,,,,,,0.0,0.0,0.0,0.0,0.0819814600231749,2015-06-29,,amc,,2025-04-25,2015-06-30,,,
2015-03-31,FTV,USD,1659166,2015-03-31,2015-03-30 20:00:00,2015,Q1,1513500000.0,782800000.0,730700000.0,0.4827882392,95100000,0.0,0.0,341500000.0,0.0,436600000.0,1219400000.0,0.0,0.0,43700000.0,337800000.0,0.2231912785,294100000.0,0.1943178064,0.0,294100000.0,0.1943178064,90400000.0,203700000.0,0.1345887017,0.59,0.59,345200000,345200000,,,,,,,,,,,,,,,,,,,,,,,,,,,,,,,,,,,,,,,,,,,,,,,,,,,,,,,,,,,,2015-03-30,,amc,,2025-04-25,2015-03-31,,,
2014-12-31,FTV,USD,1659166,2014-12-31,2014-12-30 19:00:00,2014,Q4,1687400000.0,882000000.0,805400000.0,0.4773023587,97100000,0.0,0.0,389300000.0,0.0,486400000.0,1368400000.0,0.0,0.0,42200000.0,361200000.0,0.2140571293,319000000.0,0.1890482399,0.0,319000000.0,0.1890482399,90100000.0,228900000.0,0.1356524831,0.66,0.66,345200000,345200000,,,4.888180764774044,0.6630938586326767,1.1723638470451911,1.081981460023175,0.0,15.157879490150638,1.100521436848204,15.148609501738123,0.0,14039284000.0,14039284000.0,15.3334250764526,8.320068744814508,34.69059550284162,37.58844444444444,2.6847348593502,2.6847348593502,8.320068744814508,38.868449612403104,34.69059550284161,37.58844444444444,0.0163042502737319,0.0266039208267316,0.0,0.0,0.0,1.3100389105058363,0.0,1.7680209698558322,0.0,0.0,0.0,0.0575441507644897,0.6597150470389908,0.0770941438102298,0.0184899845916795,0.7393364928909952,0.004681758919047,15.033674646177198,0.0377063222745692,0.0914502596883739,-3.332198725376593,398400000.0,379900000.0,-439700000.0,5731800000.0,,,,51.00568922602821,63.61224489795919,52.16326530612245,1.7645090452786782,1.4148219441770933,1.7253521126760565,0.043772589065458,0.0903823870220162,2014-12-30,,amc,,2025-04-25,2014-12-31,,,
