date,symbol,reportedCurrency,cik,fillingDate,acceptedDate,calendarYear,period,revenue,costOfRevenue,grossProfit,grossProfitRatio,researchAndDevelopmentExpenses,generalAndAdministrativeExpenses,sellingAndMarketingExpenses,sellingGeneralAndAdministrativeExpenses,otherExpenses,operatingExpenses,costAndExpenses,interestIncome,interestExpense,depreciationAndAmortization,ebitda,ebitdaratio,operatingIncome,operatingIncomeRatio,totalOtherIncomeExpensesNet,incomeBeforeTax,incomeBeforeTaxRatio,incomeTaxExpense,netIncome,netIncomeRatio,eps,epsdiluted,weightedAverageShsOut,weightedAverageShsOutDil,link,finalLink,revenuePerShare,netIncomePerShare,operatingCashFlowPerShare,freeCashFlowPerShare,cashPerShare,bookValuePerShare,tangibleBookValuePerShare,shareholdersEquityPerShare,interestDebtPerShare,marketCap,enterpriseValue,peRatio,priceToSalesRatio,pocfratio,pfcfRatio,pbRatio,ptbRatio,evToSales,enterpriseValueOverEBITDA,evToOperatingCashFlow,evToFreeCashFlow,earningsYield,freeCashFlowYield,debtToEquity,debtToAssets,netDebtToEBITDA,currentRatio,interestCoverage,incomeQuality,dividendYield,payoutRatio,salesGeneralAndAdministrativeToRevenue,researchAndDdevelopementToRevenue,intangiblesToTotalAssets,capexToOperatingCashFlow,capexToRevenue,capexToDepreciation,stockBasedCompensationToRevenue,grahamNumber,roic,returnOnTangibleAssets,grahamNetNet,workingCapital,tangibleAssetValue,netCurrentAssetValue,investedCapital,averageReceivables,averagePayables,averageInventory,daysSalesOutstanding,daysPayablesOutstanding,daysOfInventoryOnHand,receivablesTurnover,payablesTurnover,inventoryTurnover,roe,capexPerShare,report_date,epsEstimated,time,revenueEstimated,updatedFromDate,fiscalDateEnding,surprise(%),QuarterAvgPrice,QuarterAvgVolume
2025-03-31,GDDY,USD,1609711,2025-05-02,2025-05-01 19:03:26,2025,Q1,1194300000.0,440500000.0,753800000.0,0.631164699,205300000,97100000.0,100100.0,197200000.0,104000000.0,506500000.0,947000000.0,0.0,-37200000.0,30800.0,212600.0,0.0001780122,247300000.0,0.2070669011,-27300000.0,220000000.0,0.1842083229,-500000.0,219500000.0,0.1837896676,1.55,1.51,141684000,145173000,https://www.sec.gov/Archives/edgar/data/1609711/000160971125000077/0001609711-25-000077-index.htm,https://www.sec.gov/Archives/edgar/data/1609711/000160971125000077/gddy-20250331.htm,8.429321588887948,1.5492222128116089,2.8563563987465064,2.8309477428644025,5.077496400440417,1.4094746054600378,-31.040202139973463,1.4094746054600378,0.3677197142937805,25522955760.0,24892855760.0,29.06942569476082,21.370640341622703,63.06635967383247,63.632400299177256,127.8064885327992,127.8064885327992,20.843050958720585,117087.75051740356,61.5094039041265,62.06147035651957,0.0086001011036505,0.0157152644768757,0.4471707561342013,0.0113920498035413,-2963.7817497648166,0.5562875966771699,-6.647849462365591,1.8437357630979496,0.0,0.0,0.0813028552290044,0.171899857657205,0.5865183446445884,8.895478131949593e-06,3.014318010550113e-06,0.0001168831168831,0.0673197689022858,7.009333831498027,0.0489671748102543,0.0677218314204615,-48.28897405493916,-1239200000.0,-4397900000.0,-6085500000.0,3556400000.0,97500000.0,72100000.0,0.0,7.829691032403918,12.7900113507378,0.0,11.49470644850818,7.036741214057508,0.0,1.0991487230846269,2.540865588210384e-05,2025-05-01,1.35,amc,1189344690.0,2025-05-12,2025-03-31,-0.0592592592592593,191.09066666666664,1471235.433333333
2024-12-31,GDDY,USD,1609711,2025-02-20,2025-02-20 16:55:56,2024,Q4,1192600000.0,421800000.0,770800000.0,0.646318967,200500000,112100000.0,91800000.0,203900000.0,110800000.0,515200000.0,937000000.0,0.0,38100000.0,32200000.0,297500000.0,0.2494549723,255600000.0,0.2143216502,-29300000.0,226300000.0,0.1897534798,27700000.0,198600000.0,0.166526916,1.4,1.36,141694000,145582000,https://www.sec.gov/Archives/edgar/data/1609711/000160971125000023/0001609711-25-000023-index.htm,https://www.sec.gov/Archives/edgar/data/1609711/000160971125000023/gddy-20241231.htm,8.416729007579715,1.401611924287549,2.40306576142956,2.3014383107259304,7.685575959461939,4.884469349443166,-27.401301395965955,4.884469349443166,27.59326435840614,27966144780.0,30748844780.0,35.204109743202416,23.449727301693777,82.13258378854626,85.75941361545539,40.40766475942783,40.40766475942783,25.78303268489016,103.35746144537816,90.30497732745962,94.29268561790862,0.0071014436048414,0.0116605274901247,5.594133795694264,0.470128955484858,9.353613445378151,0.7233175214942188,6.708661417322834,1.7145015105740182,0.0,0.0,0.0939963105819218,0.1681200737883615,0.5554921436724385,0.0422907488986784,0.0120744591648499,0.4472049689440994,0.0649840684219352,12.411202032435186,0.0403957510603015,0.0542519190318791,-45.06877496577131,-746600000.0,-3882600000.0,-5591500000.0,4033900000.0,90900000.0,77650000.0,0.0,6.874895186986416,17.41109530583215,0.0,13.091108671789245,5.169117647058823,0.0,0.2869527524924143,0.1016274507036289,2025-02-13,1.43,amc,1177303961.0,2025-05-12,2024-12-31,-0.006993006993007,182.7421875,1162296.234375
2024-09-30,GDDY,USD,1609711,2024-10-31,2024-10-30 18:19:42,2024,Q3,1146900000.0,440200000.0,706700000.0,0.6161827535,205100000,94800000.0,84400000.0,248000000.0,0.0,453100000.0,893300000.0,0.0,62800000.0,32800000.0,293200000.0,0.2556456535,253600000.0,0.2211177958,-32600000.0,221000000.0,0.1926933473,30500000.0,190500000.0,0.1660999215,1.36,1.32,140523000,144138000,https://www.sec.gov/Archives/edgar/data/1609711/000160971124000167/0001609711-24-000167-index.htm,https://www.sec.gov/Archives/edgar/data/1609711/000160971124000167/gddy-20240930.htm,8.161653252492474,1.3556499647744498,2.527700091799919,2.4921187278950776,5.458892850280737,2.538374500971371,-30.802786732421023,2.538374500971371,28.28362616795827,22031195940.0,25175795940.0,28.91233062992126,19.20934339523934,62.02476334459459,62.91032535693889,61.76393591253154,61.76393591253154,21.951169186502742,85.86560688949523,70.87780388513514,71.88976567675614,0.0086468297281186,0.0158956418414024,10.966358284272498,0.4891336967938778,10.725102319236017,0.5581612497755432,4.038216560509555,1.8645669291338585,0.0,0.0,0.0826575987444415,0.1788298892667189,0.5858550492672435,0.0140765765765765,0.0043595779928502,0.1524390243902439,0.0648705205336123,8.799193958175346,0.0415804509876506,0.0575181159420289,-48.428904876781736,-1230300000.0,-4328500000.0,-6086300000.0,3667100000.0,91800000.0,84200000.0,-71600000.0,7.117447031127386,15.068150840527034,0.0,12.644983461962514,5.9728629579375845,0.0,0.5340622371740958,0.0355813639048412,2024-10-30,1.23,amc,1143770260.0,2025-04-25,2024-09-30,0.0731707317073171,152.873125,1219701.78125
2024-06-30,GDDY,USD,1609711,2024-08-02,2024-08-01 18:09:40,2024,Q2,1123200000.0,441400000.0,681800000.0,0.6070156695,205900000,95600000.0,93200000.0,261300000.0,8300000.0,467200000.0,908600000.0,0.0,39500000.0,33100000.0,247400000.0,0.2202635328,214600000.0,0.1910612536,-39700000.0,174900000.0,0.155715812,28600000.0,146300000.0,0.130252849,1.04,1.01,141269000,144644000,https://www.sec.gov/Archives/edgar/data/1609711/000160971124000133/0001609711-24-000133-index.htm,https://www.sec.gov/Archives/edgar/data/1609711/000160971124000133/gddy-20240630.htm,7.950788920428402,1.0356129087060857,2.086798943858879,2.066978601108524,4.162979846958639,1.111354932787802,-31.820852416312142,1.111354932787802,28.057110901896383,19989563500.0,23468763500.0,34.15851589200274,17.7969760505698,67.80720318860244,68.45740924657534,127.32206050955412,127.32206050955412,20.89455439814815,94.8616147938561,79.60910278154681,80.37247773972602,0.0073188191427991,0.014607622622675,24.994267515923568,0.5081780390836452,14.063055780113178,0.4791666666666667,5.432911392405063,2.0150375939849625,0.0,0.0,0.0851139601139601,0.183315527065527,0.6024812546135019,0.0094979647218453,0.0024928774928774,0.0845921450151057,0.0678418803418803,5.088811656699206,0.0354563040413662,0.047660933020589,-49.40025766445576,-1410000000.0,-4495300000.0,-6267700000.0,3464100000.0,93400000.0,107750000.0,-71599999.5,7.443910256410256,19.30901676483915,-29.198006343452658,12.090419806243272,4.6610348468849,-3.082402234636872,0.9318471337579618,0.0198203427503557,2024-08-01,1.07,amc,1113983387.0,2025-04-25,2024-06-30,-0.0560747663551402,131.94619047619048,1851140.4603174604
2024-03-31,GDDY,USD,1609711,2024-05-03,2024-05-02 19:05:22,2024,Q1,1106900000.0,451700000.0,655200000.0,0.5919233896,202900000,91700000.0,87500000.0,254700000.0,9600000.0,457600000.0,909300000.0,0.0,41300000.0,37200000.0,224600000.0,0.2029090252,197600000.0,0.1785165778,-54400000.0,143200000.0,0.1293703135,-258300000.0,401500000.0,0.3627247267,2.82,2.76,142528000,145676000,https://www.sec.gov/Archives/edgar/data/1609711/000160971124000072/0001609711-24-000072-index.htm,https://www.sec.gov/Archives/edgar/data/1609711/000160971124000072/gddy-20240331.htm,7.766193309384823,2.816990345756623,2.0852043107319265,2.054333183655141,5.700634261338123,2.9103053435114505,-29.87202514593624,2.9103053435114505,27.81348226313426,17261566080.0,20520466080.0,10.74817315068493,15.594512675038397,58.08063956931359,58.95343606557377,41.61419016393442,41.61419016393442,18.53868107326769,91.36449723953696,69.04598277254374,70.08355901639344,0.0232597667059419,0.0169625397048562,9.457328833172614,0.4916654133453652,14.509795191451468,0.5494618521103478,4.784503631961259,0.7402241594022416,0.0,0.0,0.0828439786791941,0.183304724907399,0.5856018448889557,0.0148048452220726,0.0039750654982383,0.1182795698924731,0.0648658415394344,13.581671335192976,0.1045192407917453,0.1214311638035325,-46.87552620888527,-1226500000.0,-4257600000.0,-6068200000.0,3666500000.0,85250000.0,134450000.0,-63599999.5,7.634836028548198,24.069072393181315,1.9924728802302413e-07,11.788072417465388,3.7392384105960255,451700000.0,0.9679363548698168,0.0308711270767849,2024-05-02,0.951,amc,1096600665.0,2025-04-25,2024-03-31,0.135646687697161,111.24737704918032,1541017.1475409835
2023-12-31,GDDY,USD,1609711,2024-02-29,2024-02-29 16:50:35,2023,Q4,1100300000.0,515200000.0,585100000.0,0.5317640643,203800000,95600000.0,84600000.0,180200000.0,124200000.0,384000000.0,899200000.0,0.0,43600000.0,38700000.0,243200000.0,0.221030628,201100000.0,0.1827683359,-42400000.0,147500000.0,0.1340543488,-984800000.0,1113900000.0,1.0123602654,8.01,7.85,141418000,144253000,https://www.sec.gov/Archives/edgar/data/1609711/000160971124000022/0001609711-24-000022-index.htm,https://www.sec.gov/Archives/edgar/data/1609711/000160971124000022/gddy-20231231.htm,7.78048056117326,7.876649365710164,2.105106846370335,2.0768219038594804,3.527132331103537,0.4398308560437851,-32.99226406822328,0.4398308560437851,28.13856793336068,15012934880.0,18489834880.0,3.369453020917497,13.644401417795146,50.42974430634867,51.11656411304052,241.36551254019287,241.36551254019287,16.804357793329093,76.02728157894737,62.10895156197514,62.95483445692883,0.0741960188932758,0.0195631302172143,63.27491961414791,0.5202580338140623,14.296463815789474,0.4680779695128769,4.612385321100917,0.2629626358095575,0.0018517365340093,0.024957357033845,0.0868853948923021,0.1852222121239662,0.6249785192137371,0.0134363453140745,0.003635372171226,0.1033591731266149,0.062437517040807,8.828864720264626,0.3132134201194501,0.3926330630948185,-49.56971531205363,-1427200000.0,-4665700000.0,-6246800000.0,3546800000.0,75950000.0,136650000.0,171150000.0,6.265563937108062,25.87150621118013,-22.22049689440994,14.364229765013055,3.4787305874409182,-4.050314465408805,17.908360128617364,0.0282849425108543,2024-02-13,1.03,amc,1102100000.0,2025-04-25,2023-12-31,0.0485436893203883,89.42793650793651,1469439.7301587302
2023-09-30,GDDY,USD,1609711,2023-11-03,2023-11-02 17:59:13,2023,Q3,1069700000.0,396900000.0,672800000.0,0.628961391,201600000,91600000.0,86400000.0,178000000.0,6300000.0,495900000.0,892800000.0,44000000.0,44000000.0,40600000.0,216500000.0,0.2023931944,167100000.0,0.1562120221,-39200000.0,127900000.0,0.1195662335,-3100000.0,130700000.0,0.1221837898,0.9,0.89,145484000,147291000,https://www.sec.gov/Archives/edgar/data/1609711/000160971123000167/0001609711-23-000167-index.htm,https://www.sec.gov/Archives/edgar/data/1609711/000160971123000167/gddy-20230930.htm,7.352698578537846,0.8983805779329685,1.9356080393720272,1.8709961232850347,3.715185175002062,-6.690770119050892,-39.07165049077562,-6.7107035825245385,27.22979846581067,10835648320.0,14423948320.0,20.726182708492733,10.129614209591477,38.47886477272728,39.80767200587803,-11.09868720680119,-11.09868720680119,13.484106123212117,66.62331787528868,51.22140738636364,52.99025833945628,0.0120620378347605,0.0251207857583919,-4.012598586500051,0.6027664943377646,16.574133949191687,0.452976280404895,3.797727272727273,2.149618320610687,0.0,0.0,0.0856314854632139,0.1884640553426194,0.7248430576070901,0.0333806818181818,0.0087875105169673,0.2315270935960591,0.0712349256800972,,0.043882395076951,0.0730861712240675,-45.646772153638885,-1448300000.0,-5684300000.0,-6273300000.0,3528800000.0,71250000.0,135500000.0,466850000.0,6.335421146115733,28.39002267573696,106.4625850340136,14.205843293492697,3.1701277955271565,0.8453674121405751,-0.1338727850046092,0.0646119160869923,2023-11-02,0.72,amc,1065360000.0,2025-04-25,2023-09-30,0.25,73.78190476190477,1883540.0
2023-06-30,GDDY,USD,1609711,2023-08-04,2023-08-03 18:10:39,2023,Q2,1048100000.0,388400000.0,659700000.0,0.6294246732,219200000,92700000.0,89500000.0,182200000.0,6800000.0,522600000.0,911000000.0,45600000.0,45600000.0,43500000.0,184800000.0,0.1763190535,119600000.0,0.1141112489,-38800000.0,80800000.0,0.0770918805,-2300000.0,82900000.0,0.0790955062,0.54,0.54,152328000,154064000,https://www.sec.gov/Archives/edgar/data/1609711/000160971123000129/0001609711-23-000129-index.htm,https://www.sec.gov/Archives/edgar/data/1609711/000160971123000129/gddy-20230630.htm,6.880547240165957,0.5442203665773856,1.2998266897746966,1.029357701801376,4.965600546189801,-4.36229714825902,-35.7524552281918,-4.37936557953889,26.092379601911663,11444402640.0,14790802640.0,34.5126738238842,10.919189619311137,57.80001333333333,72.98726173469387,-17.155452915604855,-17.155452915604855,14.112014731418755,80.03681082251082,74.70102343434344,94.32909846938776,0.0072437157803458,0.0137010209210884,-5.889671713386299,0.5783128983352713,18.10822510822511,0.5395551479018573,2.62280701754386,2.3826714801444044,0.0,0.0,0.0884457589924625,0.2091403492033202,0.703807827610062,0.2080808080808081,0.0393092262188722,0.9471264367816092,0.0739433260185096,,0.0290886949452642,0.0411966406599413,-42.142613308124574,-1204800000.0,-5446100000.0,-6046600000.0,3859200000.0,67950000.0,142900000.0,232100000.0,5.770441751741246,33.784757981462405,107.56436663233778,15.59672619047619,2.663923182441701,0.8367083153813012,-0.1242692250037475,0.2704689879733207,2023-08-03,0.57,amc,1055490000.0,2025-04-25,2023-06-30,-0.0526315789473682,73.8366129032258,1343812.064516129
2023-03-31,GDDY,USD,1609711,2023-05-05,2023-05-04 18:09:49,2023,Q1,1036000000.0,386100000.0,649900000.0,0.6273166023,215000000,94100000.0,92400000.0,186500000.0,177600000.0,579100000.0,965200000.0,0.0,45800000.0,48500000.0,141900000.0,0.136969112,70800000.0,0.0683397683,-23200000.0,47600000.0,0.0459459459,200000.0,47300000.0,0.0456563707,0.31,0.3,154124000,156644000,https://www.sec.gov/Archives/edgar/data/1609711/000160971123000082/0001609711-23-000082-index.htm,https://www.sec.gov/Archives/edgar/data/1609711/000160971123000082/gddy-20230331.htm,6.721860320261608,0.3068957462822143,1.7537826685006876,1.6058498351976331,5.790143001738859,-2.3065843087384184,-33.142145285614184,-2.322156185928214,26.03293452025642,11978517280.0,15052617280.0,63.3114021141649,11.562275366795369,44.31563921568628,48.398049616161614,-33.46889432802458,-33.46889432802458,14.52955335907336,106.0790505990134,55.68855819459859,60.81865567676768,0.0039487357987932,0.0206619896448485,-11.082704666107851,0.5592685024604148,21.66384778012685,0.6656022775362598,1.5458515283842795,5.7025316455696204,0.0,0.0,0.0908301158301158,0.2075289575289575,0.6700929176712773,0.0843507214206437,0.022007722007722,0.4701030927835051,0.0713320463320463,,0.015529189649428,0.0202154030258996,-42.19897614907477,-869200000.0,-5108000000.0,-5717700000.0,4174400000.0,64400000.0,135450000.0,238350000.0,5.968146718146718,32.63403263403264,0.0,15.080058224163029,2.757857142857143,0.0,-0.1321598211791003,0.1479328333030546,2023-05-04,0.5,amc,1040090000.0,2025-04-25,2023-03-31,-0.4,77.18661290322581,979178.9838709678
2022-12-31,GDDY,USD,1609711,2023-02-16,2023-02-16 17:07:41,2022,Q4,1039900000.0,379500000.0,660400000.0,0.6350610636,206300000,98600000.0,94900000.0,193500000.0,124800000.0,524600000.0,904100000.0,42200000.0,42200000.0,49500000.0,193200000.0,0.1857870949,134900000.0,0.1297240119,-39000000.0,95900000.0,0.0922204058,2100000.0,93600000.0,0.0900086547,0.6,0.6,154745000,157083000,https://www.sec.gov/Archives/edgar/data/1609711/000160971123000031/0001609711-23-000031-index.htm,https://www.sec.gov/Archives/edgar/data/1609711/000160971123000031/gddy-20221231.htm,6.72008788652299,0.6048660699861061,1.344146822191347,1.2336424440208085,6.119745387573104,-2.128017060325051,-33.07635141684707,-2.144172671168697,25.783062457591523,11578020899.999998,14751620899.999998,30.92420112179487,11.133782959899987,55.66356201923077,60.649664222105805,-34.89457775768535,-34.89457775768535,14.185614866814117,76.35414544513456,70.92125432692306,77.27407490832896,0.0080842832128589,0.0164881374501578,-11.897528631705846,0.5660858966085897,16.426501035196686,0.6433856411090333,3.1966824644549763,2.2174840085287846,0.0,0.0,0.0948168093085873,0.198384460044235,0.6867570086757009,0.0822115384615384,0.0164438888354649,0.3454545454545454,0.0683719588421963,,0.0289025640500875,0.0428492950009155,-39.24117095867395,-877200000.0,-5118400000.0,-5720200000.0,4221600000.0,62050000.0,127600000.0,456200000.0,5.201461679007597,31.043478260869563,113.05138339920948,17.302828618968388,2.899159663865546,0.7960981749528006,-0.2820976491862568,0.1105043781705386,2023-02-14,0.62,amc,1044258963.0,2025-04-25,2022-12-31,0.0,75.00190476190475,859813.0793650794
2022-09-30,GDDY,USD,1609711,2022-11-04,2022-11-03 18:23:02,2022,Q3,1033200000.0,374300000.0,658900000.0,0.6377274487,199500000,101600000.0,100400000.0,202000000.0,122500000.0,524000000.0,898300000.0,35600000.0,35600000.0,48500000.0,192300000.0,0.1861207898,129700000.0,0.1255323268,-32500000.0,97200000.0,0.0940766551,-2800000.0,99800000.0,0.0965931088,0.64,0.63,156393000,158418000,https://www.sec.gov/Archives/edgar/data/1609711/000160971122000133/0001609711-22-000133-index.htm,https://www.sec.gov/Archives/edgar/data/1609711/000160971122000133/gddy-20220930.htm,6.606433791793751,0.6381359779529774,1.7257805656263387,1.6439354702576203,7.217074933021299,-1.7647848688879937,-31.9784133560965,-1.7801308242696283,25.72237887885008,11085135840.0,14246135840.0,27.76837635270541,10.72893519163763,41.07127024824009,43.116047607934654,-39.81729827586207,-39.81729827586207,13.788362214479289,74.0828696827873,52.78301533901445,55.4108745235317,0.009003047093016,0.0231932205171786,-14.32183908045977,0.5637291634266001,16.43785751430057,0.714926277519693,3.643258426966292,2.699,0.0,0.0,0.0983352690669763,0.1930894308943089,0.6680710882382049,0.0474249722119303,0.0123886953155245,0.2639175257731959,0.0632984901277584,,0.0286639057380498,0.0425096903352217,-38.07299559443197,-705700000.0,-5001200000.0,-5579100000.0,4320500000.0,62250000.0,110850000.0,435700000.0,5.574912891986063,29.887790542345712,104.7635586427999,16.14375,3.011263073209976,0.8590773467982556,-0.3584770114942529,0.0818450953687185,2022-11-03,0.58,amc,1036051525.0,2025-04-25,2022-09-30,0.0862068965517242,75.28796875,861396.328125
2022-06-30,GDDY,USD,1609711,2022-08-04,2022-08-03 18:25:45,2022,Q2,1015500000.0,360500000.0,655000000.0,0.6450024618,198100000,94700000.0,100700000.0,195400000.0,127300000.0,520800000.0,881300000.0,0.0,34900000.0,48400000.0,193200000.0,0.1902511078,124600000.0,0.1226981782,-36100000.0,88500000.0,0.0871491876,-2000000.0,90400000.0,0.0890201871,0.57,0.56,159822000,161739000,https://www.sec.gov/Archives/edgar/data/1609711/000160971122000103/0001609711-22-000103-index.htm,https://www.sec.gov/Archives/edgar/data/1609711/000160971122000103/gddy-20220630.htm,6.353943762435709,0.565629262554592,1.5698714820237514,1.457871882469247,5.734504636408004,-2.786224674950883,-32.60314599992492,-2.7981129006019194,25.236200272803497,11117218320.0,14345218320.0,30.744519690265488,10.947531580502217,44.30935958549223,47.713383347639486,-24.85961162790698,-24.85961162790698,14.126261270310192,74.25061242236025,57.1750431247509,61.56746060085837,0.0081315305140108,0.0209584801965101,-8.940966010733453,0.5791341376863024,16.70807453416149,0.6313883463541666,3.5702005730659025,2.772375690607735,0.0,0.0,0.0932545544066962,0.1950763170851797,0.6902275459509567,0.0713431646074133,0.0176267848350566,0.3698347107438016,0.0656819300837026,,0.02827002267734,0.0422686678823584,-38.60341504924228,-905900000.0,-5210700000.0,-5797700000.0,4175400000.0,60100000.0,105800000.0,434500000.0,5.361890694239291,24.31622746185853,108.7739251040222,16.785123966942148,3.7012320328542097,0.8274041771861372,-0.2021466905187835,0.1119995995545043,2022-08-03,0.49,amc,1016516250.0,2025-04-25,2022-06-30,0.142857142857143,76.00870967741936,1576888.661290323
2022-03-31,GDDY,USD,1609711,2022-05-05,2022-05-04 18:03:53,2022,Q1,1002700000.0,370200000.0,632500000.0,0.6307968485,190100000,90600000.0,116300000.0,206900000.0,125900000.0,522900000.0,893100000.0,0.0,33600000.0,48200000.0,165500000.0,0.1650543532,109600000.0,0.1093048768,-34700000.0,74900000.0,0.0746983146,6300000.0,68400000.0,0.0682158173,0.42,0.41,164323000,166811000,https://www.sec.gov/Archives/edgar/data/1609711/000160971122000061/0001609711-22-000061-index.htm,https://www.sec.gov/Archives/edgar/data/1609711/000160971122000061/gddy-20220331.htm,6.10200641419643,0.4162533546734176,1.52687085800527,1.4520182810683837,4.920187679144124,-2.852309171570626,-32.41725138903258,-2.8632632072199264,24.628323484843875,13753835100.0,17024535100.0,50.26986513157895,13.71679974070011,54.81799561578318,57.64390234702431,-29.23238065887354,-29.23238065887354,16.97869262989927,102.86728157099698,67.8538664806696,71.35178164291702,0.0049731583593,0.0173478886627047,-8.530074388947927,0.5815426079144509,19.76253776435045,0.5835489086499596,3.261904761904762,3.6574344023323615,0.0,0.0,0.090356038695522,0.1895881120973372,0.7039543274455538,0.0490235153447588,0.012266879425551,0.2551867219917012,0.061035204946644,,0.0223840580691749,0.033478537516519,-38.33958119070368,-1030300000.0,-5326900000.0,-5926300000.0,4151300000.0,61650000.0,99700000.0,446950000.0,5.358531963698015,27.763371150729338,105.34035656401944,16.79564489112228,3.2416812609457093,0.8543734133394877,-0.1453772582359192,0.0748525769368865,2022-05-04,0.42,amc,989197090.0,2025-04-25,2022-03-31,-0.0238095238095238,79.02822580645162,1762481.4193548388
2021-12-31,GDDY,USD,1609711,2022-02-17,2022-02-17 17:09:21,2021,Q4,1019300000.0,373200000.0,646100000.0,0.6338663789,175500000,84900000.0,120700000.0,205600000.0,-1100000.0,506200000.0,879400000.0,0.0,32200000.0,49900000.0,123900000.0,0.1215540077,124800000.0,0.1224369665,-33300000.0,91500000.0,0.0897674875,4100000.0,87200000.0,0.0855489061,0.52,0.52,166481000,168304000,https://www.sec.gov/Archives/edgar/data/1609711/000160971122000024/0001609711-22-000024-index.htm,https://www.sec.gov/Archives/edgar/data/1609711/000160971122000024/gddy-20211231.htm,6.122620599347673,0.523783494813222,1.0343522684270277,0.9280338296862704,7.690967738060199,0.4997567289961017,-29.086202029060377,0.4907466918146815,24.370348568305097,14127577660.0,16896877660.0,40.50337631880734,13.860078151672717,82.04168211382114,91.44063210355986,172.92016719706243,172.92016719706243,16.576942666535857,136.3751223567393,98.12356364692218,109.36490394822006,0.0061723249447704,0.010936057384943,49.265605875153,0.5426649229483221,22.351089588377725,0.7755571059219436,3.875776397515528,1.97025171624714,0.0,0.0,0.0832924556067889,0.1721769842048464,0.6640735597470709,0.102787456445993,0.0173648582360443,0.3547094188376753,0.0519964681644265,2.4048935297433074,0.023645786656972,0.0349975919088136,-34.69164649419453,-546900000.0,-4842300000.0,-5444100000.0,4707800000.0,63700000.0,80100000.0,457750000.0,5.615618561758069,20.54662379421222,111.07717041800645,16.02672955974843,4.380281690140845,0.8102475032566218,1.0673194614443084,0.1063184387407572,2022-02-10,0.41,amc,973100609.0,2025-04-25,2021-12-31,0.2682926829268294,71.5525,1614963.640625
2021-09-30,GDDY,USD,1609711,2021-11-04,2021-11-03 17:58:05,2021,Q3,964000000.0,345800000.0,618200000.0,0.6412863071,172400000,81200000.0,124000000.0,205200000.0,-1200000.0,502300000.0,848100000.0,0.0,32500000.0,50700000.0,176900000.0,0.1835062241,131300000.0,0.1362033195,-33700000.0,97600000.0,0.1012448133,-100000.0,97500000.0,0.1011410788,0.58,0.57,167542000,169823000,https://www.sec.gov/Archives/edgar/data/1609711/000160971121000115/0001609711-21-000115-index.htm,https://www.sec.gov/Archives/edgar/data/1609711/000160971121000115/gddy-20210930.htm,5.75378114144513,0.5819436320445023,1.3513029568705162,0.1301166274725143,6.938558689761373,-0.6034307815353762,-29.905337169187423,-0.6135774910171777,24.28406011626935,11677677400.0,14570377400.0,29.94276256410257,12.113773236514524,51.57984717314488,535.6732752293578,-113.59608365758756,-113.59608365758756,15.11449937759336,82.36505031091012,64.3567906360424,668.3659357798165,0.0083492630135509,0.0018668095763631,-39.261673151750976,0.5530419292956974,16.35217637083098,0.7120724346076459,4.04,2.317297850562948,0.0,0.0,0.0842323651452282,0.1788381742738589,0.6726911482597973,0.9037102473498232,0.2122406639004149,4.035502958579881,0.0528008298755186,,0.0269553996490001,0.0408171808933729,-35.58092896109632,-715500000.0,-5010400000.0,-5629600000.0,4544500000.0,59200000.0,76200000.0,456200000.0,5.956431535269709,19.519953730480047,118.39502602660498,15.109717868338558,4.610666666666667,0.7601670696856452,-0.9484435797665368,1.2211863293980016,2021-11-03,0.4,amc,818022856.0,2025-04-25,2021-09-30,0.4499999999999998,77.40390625,1128941.125
2021-06-30,GDDY,USD,1609711,2021-08-05,2021-08-04 18:04:32,2021,Q2,931300000.0,332000000.0,599300000.0,0.6435090733,172000000,84500000.0,126500000.0,211000000.0,-900000.0,511300000.0,843300000.0,0.0,32600000.0,50000000.0,146700000.0,0.1575217438,88000000.0,0.0944915709,-33500000.0,54500000.0,0.0585203479,7600000.0,46800000.0,0.0502523354,0.28,0.27,168204000,171129000,https://www.sec.gov/Archives/edgar/data/1609711/000160971121000102/0001609711-21-000102-index.htm,https://www.sec.gov/Archives/edgar/data/1609711/000160971121000102/gddy-20210630.htm,5.53672920976909,0.2782335735178711,1.2449168866376543,1.1147178426196762,8.270314617963901,-0.1866780813773751,-28.530831609236404,-0.1979738888492545,24.252693158307768,14627019839.999998,17298619840.0,78.13578974358974,15.706023665843444,69.85205272206304,78.01077247999999,-439.249845045045,-439.249845045045,18.574701857618383,117.9183356509884,82.61040993314231,92.25930581333331,0.0031995581131309,0.0128187424404286,-121.52552552552552,0.5496801184444656,18.21131561008861,0.8104213311622227,2.6993865030674846,4.464818763326226,0.0,0.0,0.0907333834424997,0.184688070439171,0.6475869656755545,0.1045845272206303,0.0235155159454525,0.438,0.0551916675614732,,0.0152322070092067,0.018038157641164,-34.081829207391024,-465700000.0,-4799000000.0,-5402700000.0,4671900000.0,51450000.0,73950000.0,450100000.0,5.276495221733061,20.98192771084337,124.0210843373494,17.05677655677656,4.289405684754522,0.7256830601092896,-1.4054054054054057,0.1301990440179781,2021-08-04,0.32,amc,919770000.0,2025-04-25,2021-06-30,-0.1562499999999999,83.53269841269842,1018058.9206349206
2021-03-31,GDDY,USD,1609711,2021-05-06,2021-05-05 18:08:14,2021,Q1,901100000.0,321200000.0,579900000.0,0.6435467762,186400000,95200000.0,132700000.0,227900000.0,700000.0,541900000.0,863100000.0,0.0,28700000.0,49000000.0,133900000.0,0.1485961602,38000000.0,0.0421706803,-28000000.0,10000000.0,0.0110975474,-800000.0,10800000.0,0.0119853512,0.0637,0.0624,169435000,173053000,https://www.sec.gov/Archives/edgar/data/1609711/000160971121000060/0001609711-21-000060-index.htm,https://www.sec.gov/Archives/edgar/data/1609711/000160971121000060/gddy-20210331.htm,5.318263640924248,0.0637412577094461,1.306105586213002,1.2529878714551304,7.777023637383067,-0.4190397497565438,-28.505326526396555,-0.4296632927081181,24.125475846194707,13151544700.0,15917444700.0,304.4339050925926,14.594989124403506,59.42857975598735,61.94792604804522,-180.6530865384616,-180.6530865384616,17.664459771390522,118.8756138909634,71.92699819249887,74.97618794159209,0.0008211963116393,0.0161425904593549,-55.7554945054945,0.5591448211260038,20.65646004480956,0.7898538622129436,1.32404181184669,20.49074074074074,0.0,0.0,0.1056486516479858,0.2068582843191654,0.6555453005110685,0.0406687754179846,0.0099877926978137,0.1836734693877551,0.0583730995450005,,0.0083221803139068,0.0043191361727654,-33.96597515271343,-503300000.0,-4829800000.0,-5438600000.0,4636100000.0,45050000.0,60750000.0,433100000.0,4.8241038730440575,19.754047322540472,124.0442092154421,18.65631469979296,4.556028368794326,0.7255477750169415,-0.1483516483516483,0.0531177147578717,2021-05-05,0.32,amc,885380000.0,2025-04-25,2021-03-31,-0.8125,80.4755737704918,1539941.4098360655
2020-12-31,GDDY,USD,1609711,2021-02-19,2021-02-19 16:10:07,2020,Q4,873900000.0,301900000.0,572000000.0,0.6545371324,148600000,79700000.0,125600000.0,205300000.0,-300000.0,479600000.0,781500000.0,0.0,26800000.0,51400000.0,133800000.0,0.1531067628,92500000.0,0.105847351,-27100000.0,65400000.0,0.0748369379,-5400000.0,70500000.0,0.0806728459,0.42,0.41,168345000,172423000,https://www.sec.gov/Archives/edgar/data/1609711/000160971121000017/0001609711-21-000017-index.htm,https://www.sec.gov/Archives/edgar/data/1609711/000160971121000017/gddy-20201231.htm,5.191125367548784,0.4187828566336986,0.9854762541210016,0.7336125219044225,4.557307909352817,-0.070094151890463,-26.98030829546467,-0.0766283524904214,19.64952924054769,13964217750.0,16480117750.0,49.51850265957447,15.979194129763131,84.1725,113.07058906882592,-1082.4975000000002,-1082.4975000000002,18.85812764618377,123.16978886397608,99.33765973478,133.44224898785424,0.0050486179220457,0.0088440328137965,-254.34883720930236,0.510049899734179,18.80343796711509,0.5579898020914354,3.451492537313433,2.343220338983051,0.0,0.0,0.0912003661746195,0.1700423389403822,0.7042236005534052,0.2555756479807112,0.0485181370866231,0.8249027237354085,0.05652820688866,,0.0239306045355237,0.0370526094497293,-32.28132703674003,-1022900000.0,-4542000000.0,-5153400000.0,3906600000.0,40250000.0,50300000.0,418150000.0,4.304840370751802,15.2037098376946,126.25041404438556,20.906698564593302,5.919607843137255,0.7128689492325856,-5.465116279069767,0.251863732216579,2021-02-11,0.36,amc,752525000.0,2025-04-25,2020-12-31,0.1388888888888888,78.5190625,1159701.171875
2020-09-30,GDDY,USD,1609711,2020-11-05,2020-11-04 18:14:24,2020,Q3,844400000.0,290200000.0,554200000.0,0.6563240171,141400000,76400000.0,115400000.0,191800000.0,1200000.0,457500000.0,747700000.0,0.0,23900000.0,50700000.0,147400000.0,0.174561819,92400000.0,0.1094268119,-22700000.0,69700000.0,0.0825438181,4600000.0,64700000.0,0.0766224538,0.39,0.38,167258000,171405000,https://www.sec.gov/Archives/edgar/data/1609711/000160971120000145/0001609711-20-000145-index.htm,https://www.sec.gov/Archives/edgar/data/1609711/000160971120000145/gddy-20200930.htm,5.04848796470124,0.3868275359026175,1.1796147269487858,1.129392913941336,3.7176099200038255,-0.9793253536452666,-27.74037714190053,-0.9817168685503832,19.835224623037465,12706590260.0,15378490260.0,49.09810765069551,15.048069943154903,64.40238347693867,67.26622689253573,-77.3848371498173,-77.3848371498173,18.21232858834675,104.3316842605156,77.94470481500254,81.41074780307041,0.0050918459379046,0.0148663013550261,-20.05907429963459,0.5305744386094913,18.12686567164179,0.5076194306654154,3.8661087866108783,3.0307219662058373,0.0,0.0,0.0904784462340123,0.1674561819043107,0.7210283836463803,0.0425747592498732,0.0099478919943154,0.165680473372781,0.0569635243960208,,0.021191372654708,0.0373599722831735,-32.96927501225652,-1101800000.0,-4639800000.0,-5235700000.0,3767500000.0,36050000.0,62800000.0,421100000.0,4.12482235907153,15.38249483115093,128.02205375603032,21.819121447028422,5.850806451612903,0.7030038759689923,-0.3940316686967113,0.0502218130074495,2020-11-04,0.33,amc,732947368.0,2025-04-25,2020-09-30,0.1515151515151514,75.3878125,1623347.125
2020-06-30,GDDY,USD,1609711,2020-08-06,2020-08-05 18:10:05,2020,Q2,806400000.0,289400000.0,517000000.0,0.6411210317,135900000,82200000.0,104400000.0,186600000.0,-1100000.0,1129400000.0,1418800000.0,0.0,19400000.0,48400000.0,-603400000.0,-0.7482638889,22900000.0,0.0283978175,-695200000.0,-672300000.0,-0.8337053571,900000.0,-673200000.0,-0.8348214286,-4.06,-4.06,165812807,165845000,https://www.sec.gov/Archives/edgar/data/1609711/000160971120000108/0001609711-20-000108-index.htm,https://www.sec.gov/Archives/edgar/data/1609711/000160971120000108/gddy-20200630.htm,4.8633155338839416,-4.0600000215906125,1.0137938259497652,0.9100623934314072,4.660074296914834,-1.5348633474373303,-26.75004470553351,-1.5758734486655184,15.601328068705817,12159053137.31,13953853137.31,-4.515394064657605,15.078190894481644,72.33226137602617,80.57689289138501,-46.53292436781477,-46.53292436781477,17.30388533892609,-23.125378086360623,83.00923936531827,92.47086240762094,-0.0553661533013856,0.012410505842512,-9.82587064676617,0.4214474483347286,-2.9744779582366587,0.4388857114019446,1.1804123711340206,-0.2497029114676173,0.0,0.0,0.1019345238095238,0.1685267857142857,0.6862986490701072,0.1023200475907198,0.021329365079365,0.3553719008264462,0.0602678571428571,,0.0072120320670426,-0.3522578619643137,-32.16971050975574,-1667800000.0,-4435500000.0,-5042100000.0,2916400000.0,32500000.0,84100000.0,421200000.0,3.727678571428571,23.635107118175537,133.5383552176918,24.14371257485029,3.807894736842105,0.6739636702375408,2.5763490241102183,0.1037314325183578,2020-08-05,0.17,amc,29793103.0,2025-04-25,2020-06-30,0.1764705882352941,71.81746031746032,1642682.2063492064
2020-03-31,GDDY,USD,1609711,2020-05-07,2020-05-06 21:47:43,2020,Q1,792000000.0,277100000.0,514900000.0,0.6501262626,134500000,85500000.0,93100000.0,178600000.0,-1400000.0,450500000.0,727600000.0,0.0,21200000.0,52200000.0,116600000.0,0.1472222222,64400000.0,0.0813131313,-22600000.0,41800000.0,0.0527777778,-1400000.0,42900000.0,0.0541666667,0.25,0.24,173113000,177857000,https://www.sec.gov/Archives/edgar/data/1609711/000160971120000060/0001609711-20-000060-index.htm,https://www.sec.gov/Archives/edgar/data/1609711/000160971120000060/gddy-20200331.htm,4.575046357003807,0.2478150110043728,1.347674640263874,1.269690895542218,4.9181748337790925,2.825322188397174,-21.127240588517328,2.776798969459255,15.026601121810607,9886483430.0,11615183430.0,57.6135398018648,12.482933623737374,42.3766970852979,44.97945145586897,20.56684716039109,20.56684716039109,14.665635643939394,99.6156383361921,49.78646990998714,52.84432861692448,0.0043392577657918,0.0222323742872039,5.367380902850011,0.4186978676446724,14.82590051457976,0.6429378531073446,3.037735849056604,5.400462962962963,0.0,0.0,0.1079545454545454,0.1698232323232323,0.6728927980266788,0.057865409344192,0.0170454545454545,0.2586206896551724,0.0573232323232323,3.93484186612413,0.0162401331769375,0.0212829290072927,-26.5231380658876,-758400000.0,-3657400000.0,-4307500000.0,3834400000.0,30900000.0,82250000.0,411400000.0,3.590909090909091,29.945867917719237,134.13929989173582,25.063291139240505,3.005422993492408,0.6709443099273608,0.0892448512585812,0.0779837447216558,2020-05-06,0.17,amc,561000000.0,2025-04-25,2020-03-31,0.4117647058823528,66.17370967741937,1907897.2741935484
2019-12-31,GDDY,USD,1609711,2020-02-21,2020-02-20 17:43:18,2019,Q4,780400000.0,270800000.0,509600000.0,0.6529984623,125000000,92100000.0,85400000.0,177500000.0,5000000.0,436100000.0,706900000.0,0.0,21700000.0,48800000.0,122300000.0,0.1567145054,73500000.0,0.0941824705,-17000000.0,56500000.0,0.0723987699,-4600000.0,60500000.0,0.0775243465,0.35,0.34,171870000,177642000,https://www.sec.gov/Archives/edgar/data/1609711/000160971120000022/0001609711-20-000022-index.htm,https://www.sec.gov/Archives/edgar/data/1609711/000160971120000022/gddy-20191231.htm,4.540641182288939,0.3520102402978995,0.9437365450631292,0.8203875021818816,6.321056612556002,4.550532379123756,-19.15459358817711,4.491767033222785,15.184732646767904,11673410400.0,13198710400.0,48.23723305785124,14.95823987698616,71.96923797780518,82.79014468085106,15.12099792746114,15.12099792746114,16.912750384418246,107.9207718724448,81.37306041923551,93.60787517730496,0.0051827184967299,0.0120787323642797,3.352461139896373,0.4107312892782327,12.471790678659035,0.7872170306331517,3.3870967741935485,2.6546644844517187,0.0,0.0,0.1180164018452075,0.1601742696053306,0.6465752555068875,0.1307028360049321,0.027165556125064,0.4344262295081967,0.0522808815991799,5.964547747847782,0.0182386578238779,0.0271665918275707,-24.46703904113574,-425800000.0,-3292100000.0,-3943800000.0,4103600000.0,29600000.0,71850000.0,407500000.0,3.4828293182983083,24.02880354505169,136.19645494830132,25.841059602649008,3.7455048409405256,0.6608101512933138,0.0783678756476684,0.1233490428812474,2020-02-13,0.31,amc,711541176.0,2025-04-25,2019-12-31,0.0967741935483871,66.1103125,1620605.328125
2019-09-30,GDDY,USD,1609711,2019-11-07,2019-11-06 17:48:13,2019,Q3,760500000.0,265000000.0,495500000.0,0.6515450362,116400000,72200000.0,79600000.0,151800000.0,5600000.0,404100000.0,669100000.0,0.0,22900000.0,49900000.0,141300000.0,0.1857988166,91400000.0,0.1201840894,-17300000.0,74100000.0,0.0974358974,-2700000.0,76200000.0,0.1001972387,0.44,0.42,174820000,181654000,https://www.sec.gov/Archives/edgar/data/1609711/000160971119000228/0001609711-19-000228-index.htm,https://www.sec.gov/Archives/edgar/data/1609711/000160971119000228/gddy10q-20190930xq3.htm,4.350188765587461,0.4358769019562979,1.1451778972657591,1.001029630477062,5.664111657705068,3.889143118636312,-19.224917057544904,3.82050108683217,14.924493765015445,11534623600.0,13154123600.0,37.843253280839896,15.16715792241946,57.6155024975025,65.91213485714286,17.269985926036835,17.269985926036835,17.296677975016436,93.09358527954706,65.70491308691308,75.16642057142857,0.0066061973621748,0.0151717131021076,3.8721365473873335,0.4193203190868409,11.461429582448693,0.7538719341898137,3.991266375545852,2.606770833333333,0.0,0.0,0.0949375410913872,0.1530571992110453,0.655165704650107,0.1258741258741259,0.0331360946745562,0.5050100200400801,0.0232741617357001,6.1211546294064645,0.0222680154139464,0.0358284747037803,-24.443141516988906,-484700000.0,-3360900000.0,-4003100000.0,4001900000.0,26900000.0,77150000.0,407550000.0,3.4319526627218937,24.249056603773585,137.61509433962263,26.224137931034484,3.711484593837535,0.6539980256663376,0.1140889354693816,0.1441482667886969,2019-11-06,0.21,amc,380250000.0,2025-04-25,2019-09-30,0.4761904761904762,67.77015625,1664305.984375
2019-06-30,GDDY,USD,1609711,2019-08-02,2019-08-01 20:17:48,2019,Q2,737200000.0,254600000.0,482600000.0,0.6546391753,127200000,104800000.0,90300000.0,195100000.0,5200000.0,463700000.0,718300000.0,0.0,23100000.0,53800000.0,90800000.0,0.1231687466,18900000.0,0.0256375475,-32400000.0,-13500000.0,-0.0183125339,-800000.0,-12600000.0,-0.0170916983,-0.0716,-0.0716,176007000,176007000,https://www.sec.gov/Archives/edgar/data/1609711/000160971119000192/0001609711-19-000192-index.htm,https://www.sec.gov/Archives/edgar/data/1609711/000160971119000192/gddy10q-20190630xq2.htm,4.188469776770242,-0.0715880618384496,0.916440823376343,0.8226945519212304,6.945178316771492,5.4355792667337095,-17.966330884567093,5.369672797104661,14.569306902566376,12461295600.0,13803695600.0,-247.24792857142856,16.90354801953337,77.25539739615623,86.05867127071824,13.185160935350757,13.185160935350757,18.72449213239284,152.0230792951542,85.5777780533168,95.32938950276242,-0.0010111308169272,0.01161997954691,2.6888159983070574,0.3940516987393199,14.784140969162996,0.8516410078708975,0.8181818181818182,-12.700787401574804,0.0,0.0,0.1421595225176342,0.1725447639717851,0.6386980725395028,0.1022938623682579,0.0223819858925664,0.3066914498141264,0.0564297341291372,,0.003963971998038,-0.0054077253218884,-22.989142477287835,-299700000.0,-3162200000.0,-3771800000.0,4227600000.0,30100000.0,91200000.0,407900000.0,3.0276722734671733,29.30479183032207,144.897879025923,29.725806451612904,3.0711700844390832,0.6211271041717492,-0.0133319225478785,0.0937462714551125,2019-08-01,0.16,amc,1685028571.0,2025-04-25,2019-06-30,-0.1875,75.41412698412698,1465582.4444444445
2019-03-31,GDDY,USD,1609711,2019-05-03,2019-05-02 18:10:19,2019,Q1,710000000.0,236400000.0,473600000.0,0.6670422535,124000000,93000000.0,90300000.0,183300000.0,6200000.0,446100000.0,682500000.0,0.0,24400000.0,57200000.0,76000000.0,0.1070422535,18800000.0,0.0264788732,-9500000.0,9300000.0,0.0130985915,-3900000.0,12900000.0,0.0181690141,0.0754,0.0704,171001000,183148000,https://www.sec.gov/Archives/edgar/data/1609711/000160971119000089/0001609711-19-000089-index.htm,https://www.sec.gov/Archives/edgar/data/1609711/000160971119000089/gddy10q-20190331xq1.htm,4.152022502792382,0.0754381553324249,1.1678294278980823,0.9959006087683696,6.485342190981339,5.399968421237303,-18.741410868942285,5.323945474003076,14.911023912140864,12924255580.0,14359355580.0,250.47006937984497,18.203176873239435,64.71835543314972,75.89110733998825,14.196238554481546,14.196238554481546,20.22444447887324,188.93888921052636,71.90463485227842,84.31800105695831,0.000998123251289,0.0131767743949241,2.773945518453427,0.397663212924763,18.882894736842104,0.8179649835067242,0.7704918032786885,15.12878787878788,0.0,0.0,0.1309859154929577,0.1746478873239436,0.6500488142852644,0.1472208312468703,0.0414084507042253,0.513986013986014,0.066056338028169,3.0061011421951704,0.0060174704509611,0.005804535637149,-23.9103864889679,-358700000.0,-3204800000.0,-3815400000.0,4176300000.0,30900000.0,80550000.0,398700000.0,4.487323943661972,37.88071065989848,154.5304568527919,20.05649717514124,2.375879396984925,0.5824094604582409,0.0141695957820738,0.1719288191297127,2019-05-02,0.1,amc,1115714285.0,2025-04-25,2019-03-31,-0.3,70.32213114754097,1540110.524590164
2018-12-31,GDDY,USD,1609711,2019-02-22,2019-02-21 17:42:14,2018,Q4,695800000.0,230400000.0,465400000.0,0.668870365,114700000,86900000.0,79400000.0,166300000.0,5000000.0,408600000.0,639000000.0,0.0,24900000.0,58000000.0,111700000.0,0.1605346364,41800000.0,0.0600747341,-4900000.0,36900000.0,0.0530324806,-6600000.0,42500000.0,0.0610807703,0.25,0.23,167753000,182244000,https://www.sec.gov/Archives/edgar/data/1609711/000160971119000012/0001609711-19-000012-index.htm,https://www.sec.gov/Archives/edgar/data/1609711/000160971119000012/a201810-kx10kdocument.htm,4.1477648685865525,0.2533486733471234,0.7660071652965967,0.5174274081536545,5.670837481296907,4.914964262934195,-19.88041942618016,4.7253998438179945,14.519561498155026,11007951860.0,12486351860.0,64.752658,15.82056892785283,85.66499501945526,126.81972188940092,13.886655556957235,13.886655556957235,17.945317418798506,111.7847077887198,97.170053385214,143.85197995391704,0.0038608453725559,0.0078852089020672,3.041251419200202,0.3962915474898905,13.235452103849598,0.7567066058742445,1.678714859437751,2.954022988505747,0.0,0.0,0.1248922104052888,0.1648462201782121,0.683745931551435,0.3245136186770428,0.0599310146593848,0.7189655172413794,0.0505892497844208,5.1900298730339545,0.0116940582761943,0.0220905452466344,-24.39330444164933,-458900000.0,-3335000000.0,-3831600000.0,3999600000.0,24450000.0,53650000.0,393350000.0,3.414774360448405,24.0625,152.9296875,26.35606060606061,3.74025974025974,0.5885057471264368,0.0536142298473571,0.2485797571429423,2019-02-20,0.13,amc,596113268.0,2025-04-25,2018-12-31,0.846153846153846,68.40539682539682,1715725.5555555555
2018-09-30,GDDY,USD,1609711,2018-11-07,2018-11-06 18:19:45,2018,Q3,679500000.0,226900000.0,452600000.0,0.6660779985,112200000,89700000.0,70100000.0,159800000.0,700000.0,415100000.0,642000000.0,0.0,25000000.0,61300000.0,98800000.0,0.1454010302,37500000.0,0.055187638,-24300000.0,13200000.0,0.0194260486,-900000.0,13200000.0,0.0194260486,0.0813,0.0724,162359000,182392000,https://www.sec.gov/Archives/edgar/data/1609711/000160971118000228/0001609711-18-000228-index.htm,https://www.sec.gov/Archives/edgar/data/1609711/000160971118000228/gddy10q-20180930xq3.htm,4.185169901268178,0.08130131375532,0.9485153271454,0.8290270326868237,5.248862089566948,4.4949771801994345,-21.493110945497325,4.284948786331524,15.029040582905782,13487162129.999998,15051062129.999998,255.43867670454543,19.848656556291388,87.57897487012987,100.20179888558692,19.38646274256145,19.38646274256145,22.150201810154524,152.33868552631577,97.73416967532468,111.82066961367012,0.0009787084838728,0.0099798607522188,3.471467586603421,0.4000298146522452,15.828947368421051,0.7076647903624599,1.5,10.921985815602836,0.0,0.0,0.132008830022075,0.165121412803532,0.6988885760190814,0.1259740259740259,0.0285504047093451,0.3164763458401305,0.0450331125827814,2.799708775626115,0.009634832996228,0.0072611254744485,-26.12004878078825,-555700000.0,-3489600000.0,-3962300000.0,3936800000.0,23050000.0,48800000.0,407400000.0,2.980132450331126,18.126928162185987,156.7562802996915,30.2,4.964989059080962,0.5741396761133604,0.0189736955584303,0.1194882944585763,2018-11-06,0.17,amc,1443937500.0,2025-04-25,2018-09-30,-0.5294117647058824,78.07698412698413,1757091.761904762
2018-06-30,GDDY,USD,1609711,2018-08-03,2018-08-02 19:54:19,2018,Q2,651600000.0,221300000.0,430300000.0,0.6603744629,105100000,81000000.0,67400000.0,148400000.0,200000.0,386800000.0,608100000.0,0.0,24700000.0,57000000.0,100500000.0,0.1542357274,43500000.0,0.0667587477,-24500000.0,19000000.0,0.0291589932,-1200000.0,18100000.0,0.0277777778,0.12,0.1,152577000,180881000,https://www.sec.gov/Archives/edgar/data/1609711/000160971118000186/0001609711-18-000186-index.htm,https://www.sec.gov/Archives/edgar/data/1609711/000160971118000186/gddy10q-20180630xq2.htm,4.270630566861323,0.1186286268572589,0.8448193371215845,0.7150487950346383,5.430045157527019,4.419407905516559,-22.378864442216063,4.139549211217942,16.017486252842826,10771936200.0,12381436200.0,148.7836491712707,16.531516574585634,83.5681629169899,98.7345206232814,17.054997150094994,17.054997150094994,19.00159023941068,123.19837014925372,96.0545865011637,113.48704124656278,0.0016802921651169,0.0101281699013404,3.830272324255858,0.408104050338231,16.01492537313433,0.7285475432824551,1.7611336032388665,6.381188118811881,0.0,0.0,0.1243093922651933,0.1612952731737262,0.6897552252905751,0.1536074476338246,0.0303867403314917,0.3473684210526316,0.0432780847145488,3.324011638296979,0.011292515608012,0.0098417704311891,-27.51135492243261,-503300000.0,-3414500000.0,-3902800000.0,3866500000.0,23800000.0,54900000.0,413350000.0,3.2596685082872927,21.107094441934024,170.64618165386352,27.610169491525426,4.263969171483622,0.5274070543374643,0.028657378087397,0.1297705420869462,2018-08-02,0.08,amc,473890909.0,2025-04-25,2018-06-30,0.375,68.0153125,1868572.359375
2018-03-31,GDDY,USD,1609711,2018-05-09,2018-05-08 18:02:21,2018,Q1,633200000.0,215300000.0,417900000.0,0.6599810486,102000000,76400000.0,74500000.0,150900000.0,1000000.0,391200000.0,606500000.0,0.0,23800000.0,57800000.0,84600000.0,0.1336070752,26800000.0,0.0423246999,-22900000.0,3900000.0,0.0061591914,-300000.0,3300000.0,0.0052116235,0.0239,0.0185,137841000,178787000,https://www.sec.gov/Archives/edgar/data/1609711/000160971118000129/0001609711-18-000129-index.htm,https://www.sec.gov/Archives/edgar/data/1609711/000160971118000129/gddy10q-20180331xq1.htm,4.593698536719844,0.0239406272444338,1.0766027524466597,0.9598015104359372,5.292329568125594,4.325998795713902,-26.257789772273853,3.97777149034032,17.753063312076957,8466194220.0,10178794220.0,641.37835,13.370489924194567,57.04982628032346,63.99239773242631,15.440806529272296,15.440806529272296,16.0751645925458,120.31671654846336,68.59025754716981,76.9372201058201,0.000389785529867,0.0156268562428514,4.41966076965165,0.4085820266396898,20.243498817966906,0.6385882352941177,1.1260504201680672,35.333333333333336,0.0,0.0,0.1206569804169298,0.1610865445356917,0.7107907604113978,0.1084905660377358,0.025426405559065,0.2785467128027681,0.0497473152242577,1.463790542242948,0.0071435915206025,0.0019238617151518,-31.802221400018865,-691200000.0,-3619400000.0,-4113400000.0,3819800000.0,21200000.0,58750000.0,396650000.0,3.41124447252053,24.20343706456108,170.1764979098932,26.383333333333333,3.718480138169258,0.5288626873004176,0.0060186029545869,0.1168012420107225,2018-05-08,0.01385,amc,316600000.0,2025-04-25,2018-03-31,0.4440433212996391,56.55327868852459,1380667.9016393442
2017-12-31,GDDY,USD,1609711,2018-02-27,2018-02-27 16:09:16,2017,Q4,602200000.0,202000000.0,400200000.0,0.664563268,94500000,84200000.0,64500000.0,148700000.0,900000.0,291000000.0,493000000.0,0.0,23800000.0,58700000.0,100300000.0,0.1665559615,23000000.0,0.0381932913,63000000.0,86000000.0,0.1428096978,-12300000.0,92600000.0,0.1537695118,0.72,0.52,128388000,176732000,https://www.sec.gov/Archives/edgar/data/1609711/000160971118000035/0001609711-18-000035-index.htm,https://www.sec.gov/Archives/edgar/data/1609711/000160971118000035/a12312017-10k.htm,4.690469514284824,0.7212512072779388,0.8123812194286071,0.228214474873041,4.63438950680749,4.256628345328224,-28.34688600180702,3.789294949683771,19.09290587905412,6455348640.0,8300148640.0,17.42804708423326,10.719609166389905,61.892125023969314,220.3190662116041,13.268959177800618,13.268959177800618,13.783043241448024,82.75322671984048,79.57956510067115,283.28152354948804,0.014344693859943,0.0045388718152951,4.98972250770812,0.4230346966871721,18.39282153539381,0.5851328215607223,0.9663865546218487,1.100210970464135,0.0015491030086331,0.1079913606911447,0.1398206575888409,0.1569246097641979,0.7294669152885,0.7190795781399808,0.1245433410826967,1.2776831345826236,0.0352042510793756,7.841763515741301,0.0066570952580894,0.0596495748518423,-34.192447892326385,-751200000.0,-3639400000.0,-4132300000.0,3732600000.0,17850000.0,54550000.0,384700000.0,2.749916971105945,26.554455445544555,172.06930693069307,32.72826086956522,3.389261744966443,0.523045054375971,0.190339157245632,0.5841667445555659,2018-02-22,0.09,amc,602200000.0,2025-04-25,2017-12-31,0.2222222222222222,47.41571428571429,1450993.111111111
2017-09-30,GDDY,USD,1609711,2017-11-08,2017-11-08 08:31:40,2017,Q3,582200000.0,200300000.0,381900000.0,0.6559601512,91000000,65400000.0,58800000.0,124200000.0,1700000.0,349800000.0,550100000.0,0.0,24400000.0,60000000.0,92100000.0,0.1581930608,32100000.0,0.0551356922,-28000000.0,4100000.0,0.0070422535,-3000000.0,22400000.0,0.0384747509,0.2,0.13,114836000,175219000,https://www.sec.gov/Archives/edgar/data/1609711/000160971117000249/0001609711-17-000249-index.htm,https://www.sec.gov/Archives/edgar/data/1609711/000160971117000249/gddy10q-20170930xq3.htm,5.069838726531749,0.1950607823330662,1.1442404820787906,0.9378592079138944,4.818175485039535,4.085826744226549,-32.47762025845554,3.440558709812254,21.3896339127103,4996514360.0,6891514360.0,55.76466919642857,8.58212703538303,38.02522343987823,46.39289099350047,12.646201872943555,12.646201872943555,11.83702226039162,74.82643170466883,52.44683683409437,63.98806276694522,0.0044831253121826,0.0215550266125923,6.1551505947861305,0.4270237050043898,20.57546145494028,0.5733219080262782,1.3155737704918034,4.38,0.0,0.0,0.1123325317760219,0.1563036757128134,0.7372783143107989,0.1803652968036529,0.0407076605977327,0.395,0.0340089316386121,3.885892002613238,0.0140164413822962,0.0149712605266675,-38.90700651363684,-746900000.0,-3729600000.0,-4222200000.0,3748200000.0,17350000.0,57950000.0,662050000.0,2.674338715218138,22.241637543684472,172.18172740888667,33.653179190751445,4.046464646464647,0.5227035490605428,0.0566945077195646,0.206381274164896,2017-11-06,0.07,amc,582200000.0,2025-04-25,2017-09-30,0.0,43.095238095238095,1440931.7301587302
2017-06-30,GDDY,USD,1609711,2017-08-09,2017-08-09 17:04:26,2017,Q2,557800000.0,196400000.0,361400000.0,0.647902474,90100000,71800000.0,62500000.0,134300000.0,2700000.0,323300000.0,519700000.0,0.0,22000000.0,55500000.0,61600000.0,0.1104338473,6100000.0,0.0109358193,12700000.0,18800000.0,0.0337038365,-4600000.0,20800000.0,0.037289351,0.2,0.12,101800000,176716000,https://www.sec.gov/Archives/edgar/data/1609711/000160971117000164/0001609711-17-000164-index.htm,https://www.sec.gov/Archives/edgar/data/1609711/000160971117000164/gddy10q-20170630xq2.htm,5.479371316306484,0.2043222003929273,1.112966601178782,0.948919449901768,5.807465618860511,4.862475442043222,-35.93516699410609,3.7858546168958735,29.68467583497053,4318356000.0,6739456000.0,51.90331730769231,7.741764073144496,38.114351279788174,44.703478260869566,11.204867669953297,11.204867669953297,12.08220867694514,109.40675324675324,59.48328331862312,69.76662525879917,0.0048166478169006,0.0223696239957984,7.78386092371562,0.4796846767617007,39.30357142857143,0.6905899057699755,0.2772727272727273,6.259668508287293,0.0006947088197452,0.1442307692307692,0.1287199713158838,0.1615274291860882,0.6640976030956683,0.147396293027361,0.0299390462531373,0.3009009009009009,0.0340623879526712,4.171872274898583,0.0016817403573857,0.0099014614176226,-46.01375245579568,-719100000.0,-3658200000.0,-4153900000.0,3731100000.0,12900000.0,68200000.0,641450000.0,2.807457870204374,30.427698574338088,431.1659877800408,32.05747126436781,2.9578313253012047,0.208736316292911,0.0539699014011416,0.1640471512770137,2017-08-08,0.01462,amc,42907692.0,2025-04-25,2017-06-30,7.891928864569085,40.03809523809524,1284195.2857142857
2017-03-31,GDDY,USD,1609711,2017-05-08,2017-05-08 16:34:09,2017,Q1,489700000.0,176800000.0,312900000.0,0.6389626302,80200000,61000000.0,67400000.0,128400000.0,1700000.0,302200000.0,479000000.0,0.0,12800000.0,31600000.0,37300000.0,0.0761690831,5700000.0,0.0116397795,-7800000.0,-2100000.0,-0.0042883398,1000000.0,600000.0,0.0012252399,0.0067,0.006,89600000,100242000,https://www.sec.gov/Archives/edgar/data/1609711/000160971117000091/0001609711-17-000091-index.htm,https://www.sec.gov/Archives/edgar/data/1609711/000160971117000091/gddy10q-20170331xq1.htm,5.465401785714286,0.0066964285714285,1.4129464285714286,1.1919642857142858,7.484375,8.252232142857142,-18.751116071428573,6.680803571428571,11.720982142857142,3395840000.0,3775040000.0,1414.9333333333334,6.934531345721871,26.82338072669826,31.79625468164794,5.672970263949215,5.672970263949215,7.708882989585461,101.20750670241289,29.81864139020537,35.34681647940075,0.0001766867696946,0.0314502450056539,1.7330437687938522,0.2666906604282886,10.16621983914209,0.7907785336356765,0.4453125,-40.83870967741935,0.0020613456464379,11.666666666666666,0.1245660608535838,0.1637737390238921,0.6219954240468907,0.1563981042654028,0.0404329181131304,0.6265822784810127,0.0334898917704717,1.0032917263218446,0.0032703508547886,0.0004080522306855,-25.698660714285715,-276800000.0,-1680100000.0,-2104300000.0,2370800000.0,8200000.0,65850000.0,334800000.0,1.5438023279558917,35.633484162895925,174.0950226244344,58.29761904761905,2.525714285714286,0.5169590643274854,0.0010023387905111,0.2209821428571428,2017-05-02,-0.06,amc,2938199999.0,2025-04-25,2017-03-31,-1.1666666666666663,36.22967741935484,823691.1612903225
2016-12-31,GDDY,USD,1609711,2017-02-28,2017-02-28 16:12:05,2016,Q4,485900000.0,172100000.0,313800000.0,0.6458118955,73600000,67400000.0,57900000.0,125300000.0,-1100000.0,299000000.0,471100000.0,0.0,14200000.0,38500000.0,52200000.0,0.1074295122,17900000.0,0.0368388557,-18400000.0,-500000.0,-0.0010290183,300000.0,-1900000.0,-0.0039102696,-0.0216,-0.0216,87774000,87774000,https://www.sec.gov/Archives/edgar/data/1609711/000160971117000042/0001609711-17-000042-index.htm,https://www.sec.gov/Archives/edgar/data/1609711/000160971117000042/gddy-12312016x10k.htm,5.535807870212135,-0.0216465012418255,1.015106979287716,0.7872490714790257,6.524711190101852,8.136805887848338,-19.603755098320686,6.182924328388816,12.006972451978946,3067701300.0000005,3541301300.0000005,-403.6449078947369,6.313441654661454,34.429868686868694,44.39509840810421,5.652665008291875,5.652665008291875,7.288127804074914,67.84102107279695,39.74524466891134,51.24893342981187,-0.0006193562587074,0.0225250091982553,1.9157914133038512,0.2745517441706937,9.0727969348659,0.7390270955474568,1.2605633802816902,-111.375,0.0026078158261366,-4.2105263157894735,0.1387116690677094,0.1514714961926322,0.6429797459663577,0.2244668911335578,0.0411607326610413,0.5194805194805194,0.0339576044453591,,0.0112951569648209,-0.0014053254437869,-26.54772483879053,-329400000.0,-1720700000.0,-2139900000.0,2336500000.0,9400000.0,62450000.0,330150000.0,1.4817863757974892,32.266124346310285,171.3190005810575,60.7375,2.789303079416531,0.5253357753357754,-0.0035010134512622,0.2278579078086905,2017-02-15,0.08,amc,2186550000.0,2025-04-25,2016-12-31,0.25,35.086507936507935,887581.6349206349
2016-09-30,GDDY,USD,1609711,2016-11-03,2016-11-02 19:01:23,2016,Q3,472100000.0,169200000.0,302900000.0,0.6416013556,72300000,52800000.0,53400000.0,106200000.0,-700000.0,280400000.0,449600000.0,0.0,14400000.0,43400000.0,65200000.0,0.1381063334,21200000.0,0.0449057403,-13800000.0,7400000.0,0.0156746452,-900000.0,4800000.0,0.0101673374,0.0573,0.0496,83733000,96743000,https://www.sec.gov/Archives/edgar/data/1609711/000160971116000295/0001609711-16-000295-index.htm,https://www.sec.gov/Archives/edgar/data/1609711/000160971116000295/gddy10q-20160930xq3.htm,5.63815938757718,0.0573250689692236,1.190689453381582,0.9972173456104524,6.757192504747232,8.387374153559529,-20.07929967874076,6.02032651403867,12.601960995067657,2891300490.0,3375900490.0,150.5885671875,6.124339101885194,29.000004914744235,34.626353173652696,5.7355693116445154,5.7355693116445154,7.150816543105274,51.77761487730061,33.86058665997994,40.42994598802395,0.0016601525910577,0.0288797377819418,2.064669708391192,0.2781995081791938,7.432515337423313,0.7614961139896373,1.4722222222222223,12.012048192771084,0.0,0.0,0.1118407117136199,0.1531455200169455,0.6371217791083075,0.1624874623871615,0.0343147638212243,0.3732718894009216,0.0370684177081126,2.786593212917258,0.0094730801077161,0.0035356511490866,-27.452139538772048,-294600000.0,-1681300000.0,-2098300000.0,2319800000.0,9100000.0,64750000.0,332150000.0,2.058885829273459,33.61702127659574,176.96808510638297,43.71296296296296,2.6772151898734178,0.5085662759242561,0.0095219202539178,0.1934721077711296,2016-11-02,0.03273,amc,389482499.0,2025-04-25,2016-09-30,0.5276504735716467,31.89046875,950735.953125
2016-06-30,GDDY,USD,1609711,2016-08-04,2016-08-03 18:38:03,2016,Q2,456200000.0,162100000.0,294100000.0,0.6446733889,70200000,52800000.0,60000000.0,112800000.0,-800000.0,290500000.0,452600000.0,0.0,14300000.0,39300000.0,49000000.0,0.1074090311,9700000.0,0.0212626041,-21200000.0,-11500000.0,-0.025208242,-400000.0,-8900000.0,-0.0195089873,-0.11,-0.11,79872000,79872000,https://www.sec.gov/Archives/edgar/data/1609711/000160971116000172/0001609711-16-000172-index.htm,https://www.sec.gov/Archives/edgar/data/1609711/000160971116000172/a6302016-2qx2016x10xq.htm,5.711638621794871,-0.1114282852564102,1.1568509615384617,0.9740584935897436,6.030899439102564,8.186848958333334,-21.768579727564106,5.523838141025641,13.222405849358974,2491207680.0,3060907680.0,-69.97774382022472,5.460779658044717,26.96112207792208,32.02066426735219,5.6464362647325474,5.6464362647325474,6.709574046470846,62.46750367346939,33.1267064935065,39.34328637532133,-0.0035725644519528,0.0312298330743745,2.36128739800544,0.2838150761435148,11.626530612244895,0.6979969183359014,0.6783216783216783,-8.324324324324325,0.0022880468961945,-0.6404494382022472,0.1157387110916264,0.1538798772468215,0.6518102814177132,0.158008658008658,0.0320035072336694,0.371501272264631,0.0236738272687417,,0.0038344631591318,-0.0069634613879978,-29.59422576121795,-372400000.0,-1738700000.0,-2156100000.0,2253500000.0,6750000.0,63600000.0,331600000.0,1.459886014905743,36.810610734114746,184.10857495373227,61.648648648648646,2.444947209653092,0.4888419782870928,-0.020172257479601,0.1827924679487179,2016-08-03,-0.1,amc,290309090.0,2025-04-25,2016-06-30,0.0999999999999999,31.32921875,1029420.375
2016-03-31,GDDY,USD,1609711,2016-05-06,2016-05-06 16:33:40,2016,Q1,433700000.0,154400000.0,279300000.0,0.6439935439,71700000,48200000.0,57500000.0,105700000.0,700000.0,282600000.0,437000000.0,0.0,14300000.0,38900000.0,40200000.0,0.0926908001,1300000.0,0.0029974637,-18200000.0,-16900000.0,-0.0389670279,1400000.0,-10500000.0,-0.0242102836,-0.15,-0.15,67834000,67834000,https://www.sec.gov/Archives/edgar/data/1609711/000160971116000114/0001609711-16-000114-index.htm,https://www.sec.gov/Archives/edgar/data/1609711/000160971116000114/a1q201610-q.htm,6.393548957749801,-0.1547896335171153,1.552318896128785,1.3754164578235104,6.487896924845948,9.940442845770557,-25.06854969484329,6.439248754311997,15.585104814694697,2193073220.0,2804273220.0,-52.216029047619045,5.056659488125432,20.826906172839504,23.50560793140407,5.020772023809523,5.020772023809523,6.465928568134656,69.75804029850747,26.631274643874644,30.05651897106109,-0.0047878018409253,0.0425430392150791,2.3875915750915757,0.2899521797153025,15.203980099502488,0.6794442584532976,0.0909090909090909,-5.754098360655738,0.0023255037513065,-0.4857142857142857,0.1111367304588425,0.1653216509107678,0.6602535587188612,0.1139601139601139,0.0276688955499193,0.3084832904884318,0.0276688955499193,,0.0005850271414231,-0.0085924713584288,-34.08357166022938,-383000000.0,-1700500000.0,-2110700000.0,2215600000.0,5450000.0,50150000.0,321450000.0,1.265851971408808,35.49870466321244,193.2901554404145,71.09836065573771,2.535303776683087,0.4656212303980699,-0.0240384615384615,0.1769024383052746,2016-05-04,-0.18,amc,491526666.0,2025-04-25,2016-03-31,-0.1666666666666666,30.06081967213115,564263.9508196721
2015-12-31,GDDY,USD,1609711,2016-03-03,2016-03-02 17:59:12,2015,Q4,425400000.0,145000000.0,280400000.0,0.6591443347,69000000,50500000.0,51400000.0,101900000.0,300000.0,267600000.0,412600000.0,0.0,14500000.0,42400000.0,57600000.0,0.1354019746,12800000.0,0.0300893277,-14200000.0,-1400000.0,-0.0032910202,-900000.0,100000.0,0.0002350729,0.0015,0.0015,66244000,66244000,https://www.sec.gov/Archives/edgar/data/1609711/000160971116000048/0001609711-16-000048-index.htm,https://www.sec.gov/Archives/edgar/data/1609711/000160971116000048/gddy-12312015x10k.htm,6.421713664633778,0.0015095706780991,0.925366825674778,0.5857134231024697,5.321236640299499,10.064307710887023,-26.14576414467725,6.427751947346175,15.978805627679488,2123782640.0,2819782640.0,5309.4566,4.992436859426423,34.64572006525285,54.73666597938145,4.987746923438235,4.987746923438235,6.628544052656324,48.95455972222222,45.99971680261011,72.67481030927836,4.708579781968648e-05,0.0182692895540383,2.451855331141381,0.2983880187492854,12.083333333333334,0.6152141147264828,0.8827586206896552,-122.6,0.0003766863825574,8.0,0.118711800658204,0.1622002820874471,0.6855779124271179,0.367047308319739,0.0528913963328631,0.5306603773584906,0.0279736718382698,0.4672480946785026,0.0019150553271453,9.09008271975275e-05,-35.02732322927359,-434000000.0,-1732000000.0,-2138200000.0,2189700000.0,5500000.0,34150000.0,313850000.0,1.0155148095909732,24.455172413793104,193.22068965517244,88.625,3.6802030456852792,0.4657886283327979,0.0002348520432127,0.3396534025723084,2016-02-17,0.00075,amc,784990620.0,2025-04-25,2015-12-31,1.0133333333333334,30.40140625,532395.515625
2015-09-30,GDDY,USD,1609711,2015-11-05,2015-11-04 19:00:39,2015,Q3,411100000.0,144000000.0,267100000.0,0.6497202627,67500000,44600000.0,49300000.0,93900000.0,95400000.0,256800000.0,400800000.0,0.0,14600000.0,40600000.0,50900000.0,0.1238141571,10300000.0,0.0250547312,-14600000.0,-4300000.0,-0.0104597422,900000.0,-2500000.0,-0.0060812454,-0.04,-0.0385,62500000,64999000,https://www.sec.gov/Archives/edgar/data/1609711/000160971115000027/0001609711-15-000027-index.htm,https://www.sec.gov/Archives/edgar/data/1609711/000160971115000027/gddy-9302015x10q.htm,6.5776,-0.04,1.2592,0.7184,5.3296,10.0992,-28.1488,5.8208,17.0016,1575625000.0,2295925000.0,-157.5625,3.832704937971296,20.02064803049555,35.09187082405345,4.331019791094008,4.331019791094008,5.58483337387497,45.106581532416506,29.17312579415502,51.13418708240535,-0.0015866719555731,0.0284966283220944,2.880703683342496,0.3020085876487709,14.151277013752456,0.6140098787606646,0.7054794520547946,-15.134615384615383,0.0,0.0,0.108489418632936,0.1641936268547798,0.6888850465404455,0.4294790343074968,0.0822184383361712,0.8325123152709359,0.0243249817562636,,0.0052747581745948,-0.0023156724712856,-37.4872,-429800000.0,-1759300000.0,-2155200000.0,2182200000.0,5750000.0,34350000.0,315300000.0,1.3573339819995134,18.0625,197.75,66.30645161290323,4.982698961937716,0.4551201011378002,-0.0068719076415612,0.5408,2015-11-04,-0.09,amc,719425000.0,2025-04-25,2015-09-30,-0.5555555555555556,26.135,625159.328125
2015-06-30,GDDY,USD,1609711,2015-08-06,2015-08-05 19:17:33,2015,Q2,394500000.0,139700000.0,254800000.0,0.6458808619,67700000,75800000.0,50800000.0,126600000.0,500000.0,288400000.0,428100000.0,0.0,16600000.0,38400000.0,-16100000.0,-0.0408111534,-33600000.0,-0.0851711027,-37500000.0,-71100000.0,-0.1802281369,200000.0,-29800000.0,-0.0755386565,-0.46,-0.46,64635000,64635000,https://www.sec.gov/Archives/edgar/data/1609711/000160971115000018/0001609711-15-000018-index.htm,https://www.sec.gov/Archives/edgar/data/1609711/000160971115000018/gddy-2015630x10q.htm,6.103504293339522,-0.4610505144271679,0.7318016554498337,0.5028235476135221,4.560996364198964,9.672777906706893,-27.350506691421057,5.478455944921482,16.487970913591706,1822060650.0,2581760650.0,-15.285743708053692,4.618658174904943,38.521366807611,56.06340461538461,5.14561042078509,5.14561042078509,6.544386945500634,-160.3578043478261,54.58267758985201,79.43878923076923,-0.0163551087061783,0.0178369474144562,2.962722394803728,0.3049709302325581,-47.18633540372671,0.5889335281227173,-2.0240963855421685,-0.6633941093969145,0.0,0.0,0.1921419518377693,0.1716096324461343,0.6956395348837209,0.3128964059196617,0.0375158428390367,0.3854166666666667,0.0248415716096324,,-0.0143405323322831,-0.0284622731614135,-36.49609344782239,-450200000.0,-1767800000.0,-2169800000.0,2172800000.0,5150000.0,37800000.0,310550000.0,1.2091254752851712,25.640658554044386,202.41947029348603,74.43396226415095,3.510050251256281,0.4446212603437301,-0.0841570177915843,0.2289781078363116,2015-08-05,-0.17,amc,145793478.0,2025-04-25,2015-06-30,0.4117647058823528,27.109841269841272,1047651.253968254
2015-03-31,GDDY,USD,1609711,2015-05-14,2015-05-13 19:27:41,2015,Q1,376300000.0,137200000.0,239100000.0,0.6353972894,67600000,47200000.0,50700000.0,97900000.0,200000.0,259600000.0,396800000.0,0.0,23500000.0,37400000.0,16900000.0,0.0449109753,-20500000.0,-0.0544778103,-23300000.0,-43800000.0,-0.1163964922,-400000.0,-43400000.0,-0.1153335105,-0.7,-0.7,61825912,61825912,https://www.sec.gov/Archives/edgar/data/1609711/000160971115000009/0001609711-15-000009-index.htm,https://www.sec.gov/Archives/edgar/data/1609711/000160971115000009/gddy-2015331x10q.htm,6.086444790333219,-0.7019710441149659,1.166177702320024,1.0335472285471503,3.20092326337216,6.083209900729002,-32.552694087229966,6.083209900729002,23.31546682238994,1236518240.0,2457718240.0,-7.122800921658986,3.285990539463194,17.150044937586685,19.35083317683881,3.287737942036693,3.287737942036693,6.531273558331119,145.4271147928994,34.08763162274619,38.46194428794992,-0.0350985522057483,0.0516773614273575,3.77027386333422,0.4259025650267315,72.2603550295858,0.5116145683969028,-0.8723404255319149,-1.6612903225806452,0.0,0.0,0.1254318363008238,0.1796439011427053,0.7174565987865682,0.1137309292649098,0.0217911241031092,0.2192513368983957,0.0231198511825671,,-0.0088771896635468,-0.0461358562772403,-42.02445084837568,-510900000.0,-2012600000.0,-2418100000.0,2100300000.0,4250000.0,33850000.0,299179000.0,1.1958543715120915,23.48396501457725,201.3192419825073,75.26,3.832402234636872,0.4470511567285761,-0.1153948417973943,0.1326304737728737,2015-05-12,0.22,amc,1026272727.0,2025-04-25,2015-03-31,-2.545454545454546,20.0,0.0
2014-12-31,GDDY,USD,1609711,2014-12-31,2014-12-30 19:00:00,2014,Q4,371661000.0,133764000.0,237897000.0,0.6400913736,67058000,40813000.0,42989000.0,83802000.0,-267000.0,240503000.0,374267000.0,0.0,23721000.0,39737000.0,36864000.0,0.0991871625,-2606000.0,-0.0070117661,-23894000.0,-26594000.0,-0.0715544542,178000.0,-26772000.0,-0.0720333853,-0.21,-0.21,128567000,128567000,,,2.890796238537105,-0.2082338391655712,0.1991879720301477,-0.0072102483529988,1.104256924405174,3.192039948042655,-15.559505938537884,3.192039948042655,11.220943165820156,2571340000.0,3851294000.0,-24.011467204542058,6.918509071438757,100.40766917880433,-2773.829557713053,6.265585746276112,6.265585746276112,10.36238400047355,104.47303602430556,150.38830098793392,-4154.578209277239,-0.0104116919582785,-0.0003605124176499,3.4574881028092723,0.4346115617931239,34.720974392361114,0.4737933423730068,-0.1098604611947219,-0.9565590915882264,5.83353426618028e-06,-0.0005602868668758,0.1098124366021724,0.1804278630257142,0.7384300134311238,1.0361982115662465,0.0713983980024807,0.6677907240103682,0.0213743169178364,,-0.0011391136737592,-0.0313498638718932,-19.94360139071457,-511867000.0,-2000439000.0,-2393532000.0,2119868000.0,4342500.0,33249000.0,292544500.0,0.8475465545214591,21.46317394814748,196.1007445949583,106.18885714285716,4.193228840125392,0.4589477729209697,-0.0652353487284077,0.2063982203831465,2015-03-31,,bmo,,2025-04-25,2014-12-31,,,
2014-09-30,GDDY,USD,1609711,2014-09-30,2014-09-29 20:00:00,2014,Q3,356900000.0,131700000.0,225200000.0,0.6309890726,62400000,41800000.0,40200000.0,82000000.0,1100000.0,231800000.0,363500000.0,0.0,23100000.0,38531000.0,33000000.0,0.0924628748,-6600000.0,-0.018492575,-22000000.0,-28600000.0,-0.0801344915,-1000000.0,-27600000.0,-0.0773325862,-0.21,-0.21,128567000,128567000,,,2.775984506132989,-0.2146740609954343,0.3915934882201498,0.2144251635334106,1.1512829886362752,2.756204935947794,-16.188726500579463,2.756204935947794,11.22308990643011,2571340000.0,3846143000.0,-23.2911231884058,7.2046511627906975,51.07337226393358,93.27263493905978,7.256354467387409,7.256354467387409,10.776528439338753,116.54978787878788,76.39421205259603,139.51476349390597,-0.0107337030497717,0.0107212581766705,4.006747432673829,0.4318746479164563,38.63039393939394,0.4742178420861191,-0.2857142857142857,-1.8214246951991608,0.0001882287056554,-0.0175362318840579,0.1171196413561221,0.1748388904455029,0.7408789830306378,0.4524291900051642,0.0638217988231997,0.5911603643819262,0.0265088260016811,,-0.0027624603392601,-0.0323989674589935,-20.491212752883712,-518937000.0,-2081336000.0,-2465171000.0,2131395000.0,4362000.0,33975000.0,293745500.0,1.3075091061922106,23.64328018223235,200.65899772209568,68.83317261330762,3.80657841493728,0.4485221247075411,-0.0778875540768208,0.1771683246867392,2014-09-29,,amc,,2025-04-25,2014-09-30,,,
2014-06-30,GDDY,USD,1609711,2014-06-30,2014-06-29 20:00:00,2014,Q2,338500000.0,127100000.0,211400000.0,0.6245199409,63400000,42900000.0,40500000.0,83400000.0,700000.0,229900000.0,357000000.0,0.0,20600000.0,37765000.0,20000000.0,0.059084195,-18500000.0,-0.0546528804,-19900000.0,-38400000.0,-0.1134416544,-800000.0,-37600000.0,-0.1110782866,-0.29,-0.29,128567000,128567000,,,2.6328684654693664,-0.292454517877838,0.4833899834327627,0.4040150271842697,1.3034060062068804,2.9279519627898294,-15.87238560439304,2.9279519627898294,11.210738369877184,2571340000.0,3827496000.0,-17.096675531914894,7.596277695716396,41.374460964150096,49.5031091773675,6.830713158607792,6.830713158607792,11.30722599704579,191.3748,61.58679281714617,73.68646400862484,-0.0146227258938919,0.0202007513592134,3.774143418039624,0.4342328943724864,62.8078,0.5089672532137081,-0.8980582524271845,-1.655117313377187,0.1355324461175885,-9.268617021276595,0.1267355982274741,0.1872968980797636,0.7387645034045293,0.1642048014417197,0.0301477104874446,0.270223752151463,0.0176632200886262,,-0.0078527436176656,-0.0439912719444493,-20.05351878786936,-476371000.0,-2040665000.0,-2401610000.0,2137063000.0,4314500.0,28093500.0,291316000.0,0.9409453471196456,23.616679779701023,208.08339889850512,95.6484882735236,3.810865915087551,0.432518886544613,-0.0998836461781222,0.079374956248493,2014-06-29,,amc,,2025-04-25,2014-06-30,,,
2014-03-31,GDDY,USD,1609711,2014-03-31,2014-03-30 20:00:00,2014,Q1,320194000.0,125858000.0,194336000.0,0.6069320474,61586000,42780000.0,40996000.0,83776000.0,-801000.0,228487000.0,354345000.0,0.0,17617000.0,36726000.0,2600000.0,0.0081200772,-34151000.0,-0.1066572141,-18400000.0,-52569000.0,-0.1641785917,-1226000.0,-51343000.0,-0.160349663,-0.4,-0.4,128567000,128567000,,,2.490483561100438,-0.3993481997713254,0.3302947101511274,0.2650991311922966,1.0387424455731251,5.829030777726788,-13.15678206693786,5.829030777726788,8.579783303647126,2571340000.0,3523252000.0,-12.52040200222036,8.030568967563415,60.551983986812665,75.44347621981633,3.431102144188647,3.431102144188647,11.003491633197374,1355.096923076923,82.96837395502179,103.37270780154329,-0.0199674099885662,0.0132549565596148,1.448398163382131,0.3343488919876211,366.12,0.5042556546342475,-1.9385252880740191,-0.8270845100597939,0.0,0.0,0.1336065010587331,0.1923396440907699,0.7518734854792362,0.1973860826563052,0.0261778796604558,0.2282306812612318,0.0212402480995896,,-0.0142489191367918,-0.0637373687216029,-17.230832950912752,-449596000.0,-1691528000.0,-2039753000.0,2174302000.0,5186500.0,23431000.0,279498500.0,1.4306951410707258,16.329116941314815,206.49843474391776,62.90648330058939,5.511626888548281,0.4358386547172163,-0.0685102232256635,0.0651955789588308,2014-03-30,,amc,,2025-04-25,2014-03-31,,,
2013-12-31,GDDY,USD,1609711,2013-12-31,2013-12-30 19:00:00,2013,Q4,305929000.0,123059000.0,182870000.0,0.5977530734,62055000,54409000.0,35611000.0,90020000.0,834000.0,233475000.0,356534000.0,0.0,18113000.0,37894000.0,-11877000.0,-0.0388227334,-50605000.0,-0.1654141974,-17279000.0,-67884000.0,-0.2218946226,-2433000.0,-65451000.0,-0.213941797,-0.52,-0.51,126118086,128567000,,,2.425734561179433,-0.5189660109494526,0.1966014612686082,0.0693794227102368,0.7819734910978589,6.4424304694887295,-13.091667122192131,6.4424304694887295,8.750267586522048,2522361720.0,3512385720.0,-9.634542329376174,8.2449251950616,101.72864367816092,288.26991085714286,3.104418448087217,3.104418448087217,11.481048609317847,-295.7300429401364,141.6570163339383,401.41551085714286,-0.0259483005474726,0.0034689711355118,1.3359318750484612,0.3378182644337453,-83.35640313210406,0.4727563075912404,-2.793849721194722,-0.3788330201219232,0.0399470857811781,-1.539487555575927,0.1778484550336843,0.2028411821043444,0.7667299486793251,0.6471062714256907,0.0524468095538507,0.4234179553491318,0.0192136083862595,,-0.0207083120475862,-0.087323071750584,-17.150016453627437,-452654000.0,-1651096000.0,-1994748000.0,2194197000.0,,,,1.5541841407646872,17.572302716583103,197.6308112368864,57.90819610070036,5.121696424855371,0.4553945785919141,-0.0805543829160856,0.1272220385583714,2013-12-30,,amc,,2025-04-25,2013-12-31,,,
2013-09-30,GDDY,USD,1609711,2013-09-30,2013-09-29 20:00:00,2013,Q3,286126000.0,119774000.0,166352000.0,0.5813942109,53567000,32784000.0,37452000.0,70236000.0,1540000.0,197446000.0,317220000.0,0.0,17156000.0,34067000.0,4513000.0,0.0157727714,-31094000.0,-0.1086724031,-15616000.0,-46710000.0,-0.1632497571,618000.0,-47328000.0,-0.1654096447,-0.37,-0.37,126399790,128567000,,,2.263658824116717,-0.374431001823658,0.3670654832575276,0.2399450188959966,,,,,,2527995800.0,,-13.353595123394186,8.835253699419138,54.48619091751622,83.35242836888786,0.0,0.0,,,,,-0.0187215500911829,0.0119972509447998,0.0,0.0,,0.0,-1.812427139193285,-0.98032876943881,0.0,0.0,0.1145788918168918,0.1872147235833164,0.0,0.3463154945362847,0.0561570776511047,0.4716587900314087,0.0181039122624298,,0.0,0.0,,,,,,,,,,,,0.0,0.0,0.0,0.0,0.127120464361531,2013-09-29,,amc,,2025-04-25,2013-09-30,,,
2013-06-30,GDDY,USD,1609711,2013-06-30,2013-06-29 20:00:00,2013,Q2,276018000.0,116498000.0,159520000.0,0.5779333232,45347000,30638000.0,34626000.0,65264000.0,56000.0,177485000.0,293983000.0,0.0,17079000.0,33486000.0,15577000.0,0.0564347253,-17965000.0,-0.0650863349,-17023000.0,-34988000.0,-0.126759849,351000.0,-35339000.0,-0.1280315052,-0.28,-0.27,126243627,128567000,,,2.186391555432735,-0.2799270017804542,0.3259412057291415,0.2418339897664695,,,,,,2524872540.0,,-17.861799569880304,9.147492337456251,61.36075969670458,82.70136062888962,0.0,0.0,,,,,-0.0139963500890227,0.0120916994883234,0.0,0.0,,0.0,-1.0518765735698812,-1.1643792976598093,0.0,0.0,0.1110000072459042,0.1642900100718069,0.0,0.2580441333722174,0.0384685056771659,0.3170877381592307,0.0085066915925772,,0.0,0.0,,,,,,,,,,,,0.0,0.0,0.0,0.0,0.0841072159626719,2013-06-29,,amc,,2025-04-25,2013-06-30,,,
2013-03-31,GDDY,USD,1609711,2013-03-31,2013-03-30 20:00:00,2013,Q1,262772000.0,114537000.0,148235000.0,0.5641202259,46972000,26149000.0,37793000.0,63942000.0,-553000.0,180496000.0,295033000.0,0.0,18630000.0,35120000.0,2306000.0,0.0087756686,-32261000.0,-0.1227718326,-19183000.0,-51444000.0,-0.1957742834,322000.0,-51766000.0,-0.1969996803,-0.42,-0.4,123252380,128567000,,,2.131983171440584,-0.4200000032453734,0.3324317145032007,0.2565062029633829,0.5081930263740141,0.0,0.0,8.224895941157484,0.1511532677908532,2465047600.0,2527683600.0,-11.90476181277286,9.38093708614312,60.16273155492641,77.97082397596078,2.43164170623968,2.43164170623968,9.619303426544684,1096.1333911535123,61.69144558611769,79.95203542622173,-0.0210000001622686,0.0128253101481691,0.0,0.0,27.16218560277537,0.0,-1.7316693505099303,-0.7915040760344628,0.0,0.0,0.0995121245794833,0.1787557273986574,0.0,0.2283943084470261,0.0356126223494131,0.2664578587699316,0.0115765758908863,,0.0,0.0,0.5081930263740141,62636000.0,0.0,62636000.0,62636000.0,,,,0.0,0.0,0.0,0.0,0.0,0.0,-0.0510644762256125,0.0759255115398177,2013-03-30,,amc,,2025-04-25,2013-03-31,,,
