date,symbol,reportedCurrency,cik,fillingDate,acceptedDate,calendarYear,period,revenue,costOfRevenue,grossProfit,grossProfitRatio,researchAndDevelopmentExpenses,generalAndAdministrativeExpenses,sellingAndMarketingExpenses,sellingGeneralAndAdministrativeExpenses,otherExpenses,operatingExpenses,costAndExpenses,interestIncome,interestExpense,depreciationAndAmortization,ebitda,ebitdaratio,operatingIncome,operatingIncomeRatio,totalOtherIncomeExpensesNet,incomeBeforeTax,incomeBeforeTaxRatio,incomeTaxExpense,netIncome,netIncomeRatio,eps,epsdiluted,weightedAverageShsOut,weightedAverageShsOutDil,link,finalLink,revenuePerShare,netIncomePerShare,operatingCashFlowPerShare,freeCashFlowPerShare,cashPerShare,bookValuePerShare,tangibleBookValuePerShare,shareholdersEquityPerShare,interestDebtPerShare,marketCap,enterpriseValue,peRatio,priceToSalesRatio,pocfratio,pfcfRatio,pbRatio,ptbRatio,evToSales,enterpriseValueOverEBITDA,evToOperatingCashFlow,evToFreeCashFlow,earningsYield,freeCashFlowYield,debtToEquity,debtToAssets,netDebtToEBITDA,currentRatio,interestCoverage,incomeQuality,dividendYield,payoutRatio,salesGeneralAndAdministrativeToRevenue,researchAndDdevelopementToRevenue,intangiblesToTotalAssets,capexToOperatingCashFlow,capexToRevenue,capexToDepreciation,stockBasedCompensationToRevenue,grahamNumber,roic,returnOnTangibleAssets,grahamNetNet,workingCapital,tangibleAssetValue,netCurrentAssetValue,investedCapital,averageReceivables,averagePayables,averageInventory,daysSalesOutstanding,daysPayablesOutstanding,daysOfInventoryOnHand,receivablesTurnover,payablesTurnover,inventoryTurnover,roe,capexPerShare,report_date,epsEstimated,time,revenueEstimated,updatedFromDate,fiscalDateEnding,surprise(%),QuarterAvgPrice,QuarterAvgVolume
2024-12-27,GEN,USD,849399,2025-01-31,2025-01-31 16:31:53,2025,Q3,986000000.0,193000000.0,793000000.0,0.8042596349,84000000,108000000.0,182000000.0,290000000.0,45000000.0,419000000.0,567000000.0,6000000.0,141000000.0,104000000.0,456000000.0,0.462474645,374000000.0,0.3793103448,-166000000.0,208000000.0,0.2109533469,49000000.0,159000000.0,0.1612576065,0.26,0.26,616000000,623000000,https://www.sec.gov/Archives/edgar/data/849399/000084939925000006/0000849399-25-000006-index.htm,https://www.sec.gov/Archives/edgar/data/849399/000084939925000006/gen-20241227.htm,1.6006493506493509,0.2581168831168831,0.5292207792207793,0.5162337662337663,1.4334415584415583,3.491883116883117,-16.81168831168831,3.491883116883117,14.07792207792208,17032400000.0,24680400000.0,26.780503144654084,17.27423935091278,52.24662576687116,53.561006289308175,7.918363551836355,7.918363551836355,25.030831643002028,54.12368421052632,75.70674846625766,77.61132075471698,0.0093351494798149,0.0186702989596298,3.9660622966062298,0.555295189741587,16.771929824561404,0.3506907545164718,2.652482269503546,0.0,0.0045207956600361,0.4842767295597484,0.1095334685598377,0.0851926977687626,0.8140988088264011,0.0245398773006134,0.0081135902636916,0.0769230769230769,0.0334685598377281,4.503283767720238,0.021980028505361,0.055672268907563,-19.691964285714285,-2444000000.0,-10356000000.0,-11892000000.0,10124000000.0,221500000.0,100500000.0,63500000.0,24.188640973630832,47.56476683937824,0.0,3.720754716981132,1.892156862745098,0.0,0.0739191073919107,0.0129870129870129,2025-01-30,0.55,amc,999474880.0,2025-04-30,2024-12-27,0.0181818181818181,,
2024-09-27,GEN,USD,849399,2024-10-31,2024-10-31 16:37:28,2025,Q2,974000000.0,238000000.0,736000000.0,0.7556468172,83000000,64000000.0,184000000.0,248000000.0,0.0,331000000.0,569000000.0,6000000.0,149000000.0,105000000.0,516000000.0,0.5297741273,402000000.0,0.4127310062,-144000000.0,258000000.0,0.2648870637,97000000.0,161000000.0,0.1652977413,0.26,0.26,616000000,622000000,https://www.sec.gov/Archives/edgar/data/849399/000084939924000081/0000849399-24-000081-index.htm,https://www.sec.gov/Archives/edgar/data/849399/000084939924000081/gen-20240927.htm,1.5811688311688312,0.2613636363636363,0.2564935064935065,0.2532467532467532,1.1964285714285714,3.405844155844156,-17.1737012987013,3.405844155844156,14.183441558441558,16921520000.0,24772520000.0,26.275652173913045,17.37322381930185,107.09822784810126,108.47128205128205,8.06554814108675,8.06554814108675,25.433798767967147,48.00875968992248,156.78810126582275,158.79820512820513,0.0095145116987126,0.0092190299689389,4.093422306959009,0.5551030961153125,15.215116279069768,0.3197278911564626,2.697986577181208,0.9813664596273292,0.0045504186385147,0.4782608695652174,0.0657084188911704,0.0852156057494866,0.8194040462801371,0.0126582278481012,0.002053388090349,0.019047619047619,0.0338809034907597,4.475341976076637,0.0192186060764789,0.0576234788833214,-20.193181818181817,-2600000000.0,-10579000000.0,-12151000000.0,10191000000.0,170500000.0,91000000.0,63500000.0,16.4476386036961,37.436974789915965,48.02521008403361,5.47191011235955,2.404040404040404,1.874015748031496,0.0767397521448999,0.0032467532467532,2024-10-30,0.539,amc,970010000.0,2025-04-25,2024-09-27,0.0018552875695732,25.39035714285714,4243586.928571428
2024-06-28,GEN,USD,849399,2024-08-07,2024-08-06 21:55:00,2025,Q1,965000000.0,233000000.0,732000000.0,0.7585492228,81000000,52000000.0,183000000.0,235000000.0,43000000.0,316000000.0,549000000.0,8000000.0,153000000.0,106000000.0,539000000.0,0.5585492228,416000000.0,0.4310880829,-140000000.0,276000000.0,0.2860103627,95000000.0,181000000.0,0.1875647668,0.29,0.29,621000000,627000000,https://www.sec.gov/Archives/edgar/data/849399/000084939924000042/0000849399-24-000042-index.htm,https://www.sec.gov/Archives/edgar/data/849399/000084939924000042/gen-20240628.htm,1.5539452495974235,0.2914653784219002,0.4251207729468599,0.4219001610305958,1.037037037037037,3.1723027375201287,-17.34621578099839,3.1723027375201287,14.05636070853462,15512580000.0,23444580000.0,21.426215469613258,16.075212435233162,58.759772727272725,59.20832061068703,7.874406091370559,7.874406091370559,24.294901554404145,43.49643784786642,88.80522727272728,89.48312977099236,0.0116679494964731,0.0168895180556683,4.353299492385787,0.5558724397199897,14.716141001855288,0.2961087420042644,2.718954248366013,1.4585635359116025,0.0052860323685679,0.4530386740331492,0.0538860103626943,0.0839378238341968,0.8259009592947887,0.0075757575757575,0.0020725388601036,0.0188679245283018,0.0321243523316062,4.561125891910134,0.0209516622535057,0.0673864482501861,-20.437600644122384,-2641000000.0,-10772000000.0,-12347000000.0,10219000000.0,163000000.0,74500000.0,0.0,15.202072538860104,32.06008583690987,0.0,5.920245398773006,2.8072289156626504,0.0,0.0918781725888324,0.003220611916264,2024-08-01,0.527,amc,965443451.0,2025-04-25,2024-06-28,0.0056925996204933,27.3985,3730855.3333333335
2024-03-29,GEN,USD,849399,2024-05-16,2024-05-15 19:45:16,2024,Q4,967000000.0,240000000.0,727000000.0,0.7518097208,80000000,45000000.0,181000000.0,226000000.0,6000000.0,306000000.0,546000000.0,8000000.0,161000000.0,111000000.0,482000000.0,0.4984488108,421000000.0,0.4353671148,-185000000.0,215000000.0,0.2223371251,81000000.0,134000000.0,0.1385729059,0.21,0.21,630000000,637000000,https://www.sec.gov/Archives/edgar/data/849399/000084939924000036/0000849399-24-000036-index.htm,https://www.sec.gov/Archives/edgar/data/849399/000084939924000036/gen-20240329.htm,1.534920634920635,0.2126984126984127,2.219047619047619,2.2142857142857144,0.7126984126984127,3.487301587301588,-16.906349206349205,3.487301587301588,13.912698412698411,14112000000.0,21870000000.0,26.328358208955223,14.59358841778697,10.094420600858369,10.116129032258064,6.423304506144742,6.423304506144742,22.61633919338159,45.37344398340249,15.643776824034337,15.67741935483871,0.0094954648526077,0.0988520408163265,3.9162494310423295,0.5455237129089526,16.095435684647303,0.5128398791540786,2.6149068322981366,10.432835820895525,0.0055272108843537,0.582089552238806,0.046535677352637,0.0827300930713547,0.8146081663707837,0.0021459227467811,0.0031023784901758,0.027027027027027,0.0320579110651499,4.085245283326731,0.0197108396690518,0.0458276333789329,-20.640873015873016,-1290000000.0,-10651000000.0,-12217000000.0,11630000000.0,181500000.0,64000000.0,73000000.0,15.170630816959669,24.75,0.0,5.932515337423313,3.636363636363636,0.0,0.0609922621756941,0.0047619047619047,2024-05-09,0.517,amc,965032198.0,2025-04-25,2024-03-29,0.0251450676982592,28.7521875,3284153.921875
2023-12-29,GEN,USD,849399,2024-02-05,2024-02-05 17:05:52,2024,Q3,951000000.0,182000000.0,769000000.0,0.8086225026,77000000,110000000.0,184000000.0,294000000.0,2000000.0,432000000.0,614000000.0,5000000.0,165000000.0,124000000.0,474000000.0,0.4984227129,335000000.0,0.3522607781,-154000000.0,181000000.0,0.1903259727,37000000.0,144000000.0,0.1514195584,0.23,0.22,639000000,645000000,https://www.sec.gov/Archives/edgar/data/849399/000084939924000008/0000849399-24-000008-index.htm,https://www.sec.gov/Archives/edgar/data/849399/000084939924000008/gen-20231229.htm,1.488262910798122,0.2253521126760563,0.4929577464788732,0.4804381846635367,0.7668231611893583,3.784037558685446,-16.522691705790297,3.784037558685446,14.812206572769954,14581980000.0,23391980000.0,25.3159375,15.333312302839117,46.292,47.498306188925085,6.03059553349876,6.03059553349876,24.597245005257623,49.350168776371305,74.26025396825396,76.19537459283387,0.0098752021330436,0.0210533823253083,3.8461538461538463,0.5711829013634688,18.58649789029536,0.6710885680842762,2.0303030303030303,2.1875,0.005554801199837,0.5625,0.1156677181913775,0.0809674027339642,0.7969536911927282,0.0253968253968253,0.0084121976866456,0.064516129032258,0.0368033648790746,4.380259046180319,0.0191382548482388,0.043557168784029,-20.580594679186227,-843000000.0,-10558000000.0,-12144000000.0,12243000000.0,188000000.0,64000000.0,84000000.0,18.92744479495268,30.65934065934066,72.19780219780219,4.755,2.935483870967742,1.2465753424657535,0.0595533498759305,0.0125195618153364,2024-02-01,0.5,amc,965020000.0,2025-04-25,2023-12-29,-0.02,25.6675,3175979.953125
2023-09-29,GEN,USD,849399,2023-11-07,2023-11-07 16:08:23,2024,Q2,948000000.0,180000000.0,768000000.0,0.8101265823,85000000,393000000.0,187000000.0,580000000.0,7000000.0,726000000.0,906000000.0,6000000.0,173000000.0,125000000.0,161000000.0,0.1698312236,25000000.0,0.026371308,-163000000.0,-141000000.0,-0.1487341772,-290000000.0,149000000.0,0.1571729958,0.23,0.23,640000000,644000000,https://www.sec.gov/Archives/edgar/data/849399/000084939923000029/0000849399-23-000029-index.htm,https://www.sec.gov/Archives/edgar/data/849399/000084939923000029/gen-20230929.htm,1.48125,0.2328125,0.1953125,0.1875,0.9828125,3.771875,-16.63125,3.771875,15.2046875,11315200000.0,20244200000.0,18.98523489932886,11.935864978902954,90.5216,94.29333333333334,4.687323943661972,4.687323943661972,21.35464135021097,125.74037267080746,161.9536,168.70166666666665,0.0131681278280542,0.0106052036199095,3.95940347970174,0.5824142343550058,55.45962732919255,0.4373983739837398,0.1445086705202312,0.8389261744966443,0.0071585124434389,0.5436241610738255,0.4145569620253164,0.0896624472573839,0.7956858204862592,0.04,0.0052742616033755,0.04,0.0369198312236286,4.445013170941539,-0.0018676875020369,0.0444378168804056,-20.6640625,-1384000000.0,-10644000000.0,-12921000000.0,11788000000.0,160500000.0,65500000.0,22000000.0,16.70886075949367,33.0,11.0,5.386363636363637,2.727272727272727,8.181818181818182,0.0617232808616404,0.0078125,2023-11-07,0.47,bmo,945100000.0,2025-04-25,2023-09-29,0.0,22.877301587301588,5330444.46031746
2023-06-30,GEN,USD,849399,2023-08-04,2023-08-04 17:28:14,2024,Q1,946000000.0,179000000.0,767000000.0,0.810782241,90000000,56000000.0,181000000.0,237000000.0,12000000.0,388000000.0,567000000.0,6000000.0,170000000.0,131000000.0,505000000.0,0.5338266385,362000000.0,0.3826638478,-172000000.0,204000000.0,0.2156448203,15000000.0,187000000.0,0.1976744186,0.3,0.29,640000000,643000000,https://www.sec.gov/Archives/edgar/data/849399/000084939923000021/0000849399-23-000021-index.htm,https://www.sec.gov/Archives/edgar/data/849399/000084939923000021/gen-20230630.htm,1.478125,0.2921875,0.353125,0.346875,0.9734375,3.6515625,-17.009375,3.6515625,15.2828125,11872000000.0,20860000000.0,15.871657754010696,12.54968287526427,52.53097345132744,53.47747747747748,5.080017115960634,5.080017115960634,22.0507399577167,41.306930693069305,92.3008849557522,93.96396396396396,0.0157513477088948,0.018699460916442,4.1125374411638855,0.6087920440869069,17.7980198019802,0.3955604075691412,2.1294117647058823,1.1957671957671958,0.0069912398921832,0.4438502673796791,0.0591966173361522,0.095137420718816,0.8375878887692405,0.0176991150442477,0.0042283298097251,0.032,0.0391120507399577,4.899609234857089,0.0251788553259141,0.0729329173166926,-19.855078125,-1661000000.0,-10886000000.0,-12363000000.0,11673000000.0,156500000.0,71000000.0,26500000.0,13.794926004228328,32.68156424581005,11.06145251396648,6.524137931034483,2.753846153846154,8.136363636363637,0.0800171159606333,0.00625,2023-08-03,0.46,amc,961170000.0,2025-04-25,2023-06-30,0.0217391304347825,22.172622950819672,4452228.590163934
2023-03-31,GEN,USD,849399,2023-05-25,2023-05-24 20:36:47,2023,Q4,947000000.0,190000000.0,757000000.0,0.7993664203,88000000,61000000.0,176000000.0,237000000.0,61000000.0,386000000.0,576000000.0,5000000.0,168000000.0,132000000.0,464000000.0,0.489968321,357000000.0,0.3769799366,-193000000.0,164000000.0,0.1731784583,-751000000.0,915000000.0,0.9662090813,1.43,1.42,639000000,644000000,https://www.sec.gov/Archives/edgar/data/849399/000084939923000014/0000849399-23-000014-index.htm,https://www.sec.gov/Archives/edgar/data/849399/000084939923000014/gen-20230331.htm,1.482003129890454,1.431924882629108,0.5070422535211268,0.5054773082942097,1.1737089201877935,3.442879499217528,-17.392801251956183,3.442879499217528,15.629107981220658,10965240000.0,20034240000.0,2.995967213114754,11.578922914466736,33.843333333333334,33.94811145510836,4.9842,4.9842,21.15548046462513,43.177241379310345,61.83407407407408,62.02551083591331,0.0834455059807172,0.0294567195975646,4.463181818181818,0.6157270960055182,19.54525862068965,0.4327834327834328,2.125,0.3540983606557377,0.0072957819436692,0.087431693989071,0.0644139387539598,0.0929250263991552,0.8348905750297861,0.0030864197530864,0.0010559662090813,0.0079365079365079,0.041182682154171,10.532034870504486,0.1488305148686994,0.3475123433345993,-20.11815336463224,-1616000000.0,-11114000000.0,-12514000000.0,11817000000.0,180000000.0,76000000.0,118500000.0,15.966209081309398,36.47368421052632,14.68421052631579,5.636904761904762,2.467532467532468,6.129032258064516,0.4159090909090909,0.001564945226917,2023-05-11,0.43,amc,940050000.0,2025-04-25,2023-03-31,0.0697674418604651,19.807301587301584,3998123.444444445
2022-12-30,GEN,USD,849399,2023-02-06,2023-02-06 16:54:45,2023,Q3,936000000.0,178000000.0,758000000.0,0.8098290598,91000000,11000000.0,183000000.0,194000000.0,105000000.0,393000000.0,571000000.0,5000000.0,154000000.0,131000000.0,495000000.0,0.5288461538,368000000.0,0.3931623932,-152000000.0,216000000.0,0.2307692308,51000000.0,165000000.0,0.1762820513,0.26,0.25,647000000,651000000,https://www.sec.gov/Archives/edgar/data/849399/000084939923000008/0000849399-23-000008-index.htm,https://www.sec.gov/Archives/edgar/data/849399/000084939923000008/gen-20221230.htm,1.446676970633694,0.2550231839258114,0.472952086553323,0.4714064914992272,1.2550231839258117,2.024729520865533,-18.587326120556416,2.024729520865533,15.891808346213292,13865210000.0,23181210000.0,21.00789393939394,14.813258547008546,45.31114379084967,45.459704918032784,10.584129770992366,10.584129770992366,24.76625,46.83072727272727,75.75558823529411,76.00396721311475,0.0119002885639669,0.0219975031030903,7.731297709923664,0.6532929110494743,18.82020202020202,0.4781097984711605,2.389610389610389,1.8545454545454545,0.0058419598404928,0.4909090909090909,0.0117521367521367,0.0972222222222222,0.8602206024640392,0.0032679738562091,0.001068376068376,0.008,0.0448717948717948,3.4085102027855947,0.0218186208561868,0.0761421319796954,-20.29984544049459,-1502000000.0,-12026000000.0,-12817000000.0,11987000000.0,184500000.0,70500000.0,118000000.0,18.46153846153846,37.92134831460674,104.15730337078652,4.875,2.373333333333333,0.8640776699029126,0.1259541984732824,0.0015455950540958,2023-02-02,0.42,amc,933000000.0,2025-04-25,2022-12-30,0.0714285714285715,19.514444444444447,3455875.1904761903
2022-09-30,GEN,USD,849399,2022-09-30,2022-09-30 00:00:00,2023,Q2,748000000.0,119000000.0,629000000.0,0.8409090909,73000000,110000000.0,167000000.0,277000000.0,29000000.0,379000000.0,498000000.0,3000000.0,48000000.0,56000000.0,283000000.0,0.378342246,241000000.0,0.3221925134,-46000000.0,195000000.0,0.2606951872,126000000.0,69000000.0,0.0922459893,0.12,0.12,590000000,595000000,,,1.2677966101694915,0.1169491525423728,-0.1491525423728813,-0.1525423728813559,1.8559322033898304,2.8779661016949154,-19.93220338983051,2.8779661016949154,17.23898305084746,11882600000.0,20910600000.0,43.05289855072464,15.885828877005348,-135.02954545454546,-132.0288888888889,6.997997644287397,6.997997644287397,27.95534759358289,73.88904593639576,-237.62045454545452,-232.34,0.0058068099574167,-0.0075740999444566,5.961719670200235,0.6373882382571464,31.901060070671377,0.5741592920353983,5.020833333333333,-1.2753623188405796,0.0060592799555652,1.0434782608695652,0.1470588235294117,0.0975935828877005,0.8473743860974688,-0.0227272727272727,0.0026737967914438,0.0408163265306122,0.0387700534759358,2.7518999208501715,0.0064330811011559,0.0284653465346534,-21.934322033898304,-1203000000.0,-11760000000.0,-12562000000.0,12413000000.0,149000000.0,68500000.0,15000000.0,21.296791443850267,49.91596638655462,22.689075630252105,4.2259887005649714,1.803030303030303,3.966666666666667,0.0406360424028268,0.0033898305084745,2022-11-08,0.45,amc,700000000.0,2025-04-25,2022-09-30,0.0,17.49274193548387,4374159.5
2022-06-30,GEN,USD,849399,2022-07-01,2022-06-30 20:00:00,2023,Q1,707000000.0,123000000.0,584000000.0,0.8260254597,61000000,104000000.0,156000000.0,260000000.0,-1000000.0,321000000.0,444000000.0,2000000.0,31000000.0,33000000.0,293000000.0,0.414427157,263000000.0,0.3719943423,-34000000.0,229000000.0,0.323903819,29000000.0,200000000.0,0.2828854314,0.35,0.33,578000000,604000000,,,1.2231833910034602,0.3460207612456747,0.3719723183391003,0.3685121107266436,2.2335640138408306,-0.5173010380622838,-7.185121107266436,-0.5173010380622838,5.963667820069205,12692880000.0,14817880000.0,15.8661,17.95315417256011,59.036651162790704,59.59098591549296,-42.45110367892976,-42.45110367892976,20.95881188118812,50.57296928327645,68.92037209302326,69.5675117370892,0.0157568652661964,0.0167810615084992,-11.424749163879598,0.5468224747878981,7.252559726962457,0.6208079268292683,8.483870967741936,1.075,0.0063815304328095,0.405,0.1471004243281471,0.0862800565770862,0.6169361293420842,0.0093023255813953,0.0028288543140028,0.0606060606060606,0.0339462517680339,,0.0539695308139344,0.0835770998746343,-8.934688581314878,-995000000.0,-4153000000.0,-4917000000.0,2985000000.0,134000000.0,67000000.0,28000000.0,15.403111739745402,51.95121951219512,0.0,5.8429752066115705,1.732394366197183,0.0,-0.6688963210702341,0.0034602076124567,2022-08-04,0.43,amc,710000000.0,2025-04-25,2022-06-30,0.0465116279069767,20.0641935483871,4209554.758064516
2022-03-31,GEN,USD,849399,2022-03-31,2022-03-31 00:00:00,2022,Q4,716000000.0,101000000.0,615000000.0,0.8589385475,59000000,242000000.0,156000000.0,398000000.0,22000000.0,479000000.0,580000000.0,0.0,31000000.0,36000000.0,163000000.0,0.2276536313,129000000.0,0.1801675978,-40000000.0,96000000.0,0.1340782123,-24000000.0,120000000.0,0.1675977654,0.21,0.2,581000000,593000000,,,1.2323580034423407,0.2065404475043029,0.5611015490533563,0.5576592082616179,3.2547332185886404,-0.1600688468158347,-6.865748709122203,-0.1600688468158347,6.643717728055077,15408120000.0,17350120000.0,32.10025,21.519720670391063,47.2641717791411,47.555925925925926,-165.6787096774193,-165.6787096774193,24.23201117318436,106.44245398773006,53.22122699386503,53.54975308641976,0.0077881013387746,0.0210278736146914,-41.17204301075269,0.5514907100676941,11.914110429447852,0.7373572593800979,4.161290322580645,2.716666666666667,0.0047377616477545,0.6083333333333333,0.3379888268156424,0.0824022346368715,0.561140717269192,0.0061349693251533,0.0027932960893854,0.0625,0.026536312849162,,0.0329350490196078,0.0393829996718083,-8.617469879518072,-805000000.0,-3989000000.0,-4776000000.0,3225000000.0,137500000.0,73000000.0,57000000.0,18.47765363128492,56.13861386138614,49.9009900990099,4.870748299319728,1.6031746031746033,1.8035714285714288,-1.2903225806451613,0.0034423407917383,2022-05-05,0.45,amc,709615500.0,2025-04-25,2022-03-31,0.0222222222222222,22.084126984126986,4746312.349206349
2021-12-31,GEN,USD,849399,2021-12-31,2021-12-31 00:00:00,2022,Q3,702000000.0,105000000.0,597000000.0,0.8504273504,60000000,42000000.0,160000000.0,202000000.0,-9000000.0,283000000.0,388000000.0,0.0,32000000.0,42000000.0,347000000.0,0.4943019943,302000000.0,0.4301994302,-41000000.0,261000000.0,0.3717948718,59000000.0,202000000.0,0.2877492877,0.35,0.34,582000000,591000000,,,1.2061855670103092,0.3470790378006873,0.5670103092783505,0.563573883161512,3.0601374570446733,-0.1683848797250859,-6.920962199312715,-0.1683848797250859,6.831615120274914,15120360000.0,17293360000.0,18.71331683168317,21.53897435897436,45.81927272727273,46.09865853658537,-154.28938775510204,-154.28938775510204,24.634415954415957,49.83677233429395,52.40412121212121,52.72365853658537,0.0133594702771627,0.0216926052025216,-40.24489795918368,0.5738396624472574,6.262247838616715,0.7481789802289281,9.4375,1.6336633663366336,0.0048279273773904,0.3613861386138614,0.0598290598290598,0.0854700854700854,0.5718027062418158,0.006060606060606,0.0028490028490028,0.054054054054054,0.0256410256410256,,0.0458657379839645,0.0686374447842337,-8.70274914089347,-726000000.0,-4028000000.0,-4814000000.0,3347000000.0,126000000.0,82000000.0,58000000.0,16.41025641025641,71.14285714285714,49.71428571428571,5.484375,1.2650602409638554,1.8103448275862069,-2.061224489795918,0.0034364261168384,2022-02-03,0.43,amc,701421000.0,2025-04-25,2021-12-31,0.0232558139534883,23.12203125,5758838.265625
2021-09-30,GEN,USD,849399,2021-09-30,2021-09-30 00:00:00,2022,Q2,692000000.0,100000000.0,592000000.0,0.8554913295,66000000,63000000.0,150000000.0,213000000.0,177000000.0,300000000.0,400000000.0,0.0,31000000.0,41000000.0,505000000.0,0.7297687861,287000000.0,0.4147398844,146000000.0,433000000.0,0.6257225434,100000000.0,333000000.0,0.4812138728,0.57,0.56,582000000,591000000,,,1.1890034364261168,0.5721649484536082,0.1030927835051546,0.1013745704467354,2.647766323024055,-0.3986254295532646,-7.202749140893471,-0.3986254295532646,6.857388316151202,14724600000.0,17158600000.0,11.054504504504504,21.278323699421964,245.41000000000005,249.56949152542373,-63.46810344827586,-63.46810344827586,24.79566473988439,33.977425742574255,285.9766666666667,290.82372881355934,0.0226152153538975,0.0040069000176575,-17.06896551724138,0.5881479281152532,4.81980198019802,0.6929637526652452,9.258064516129032,0.1801801801801801,0.0049576898523559,0.2192192192192192,0.0910404624277456,0.0953757225433526,0.5881479281152532,0.0166666666666666,0.0014450867052023,0.0285714285714285,0.01878612716763,,0.0440379578618705,0.1200865488640461,-9.109965635738831,-864000000.0,-4192000000.0,-5015000000.0,3256000000.0,124000000.0,78500000.0,148000000.0,16.1271676300578,72.9,52.2,5.580645161290323,1.2345679012345678,1.7241379310344829,-1.4353448275862069,0.0017182130584192,2021-11-04,0.42,amc,,2025-04-25,2021-09-30,0.0238095238095238,24.585967741935484,6027099.838709678
2021-06-30,GEN,USD,849399,2021-06-30,2021-06-30 00:00:00,2022,Q1,686000000.0,102000000.0,584000000.0,0.8513119534,68000000,45000000.0,156000000.0,201000000.0,-3000000.0,290000000.0,392000000.0,0.0,32000000.0,41000000.0,325000000.0,0.4737609329,287000000.0,0.4183673469,-35000000.0,252000000.0,0.3673469388,71000000.0,181000000.0,0.2638483965,0.31,0.31,580000000,591000000,,,1.1827586206896552,0.3120689655172414,0.4448275862068965,0.443103448275862,2.146551724137931,-0.8568965517241379,-7.682758620689655,-0.8568965517241379,6.855172413793103,15787600000.0,18501600000.0,21.806077348066296,23.01399416909621,61.1922480620155,61.43035019455253,-31.76579476861167,-31.76579476861167,26.970262390670555,56.928,71.71162790697674,71.99066147859922,0.0114646938103321,0.016278598393676,-7.935613682092555,0.6007616146230008,8.350769230769231,0.8041422782530392,8.96875,1.425414364640884,0.0053206313815906,0.4640883977900552,0.0655976676384839,0.0991253644314868,0.603046458492003,0.003875968992248,0.0014577259475218,0.0277777777777777,0.0291545189504373,,0.0428919868682665,0.0694551036070606,-9.663793103448276,-435000000.0,-4456000000.0,-5276000000.0,3666000000.0,136000000.0,64000000.0,235500000.0,16.268221574344025,67.05882352941177,210.00000000000003,5.532258064516129,1.3421052631578947,0.4285714285714285,-0.3641851106639839,0.0017241379310344,2021-07-27,0.41,amc,,2025-04-25,2021-06-30,0.024390243902439,27.496935483870967,5901704.177419355
2021-03-31,GEN,USD,849399,2021-03-31,2021-03-31 00:00:00,2021,Q4,672000000.0,99000000.0,573000000.0,0.8526785714,68000000,52000000.0,148000000.0,200000000.0,58000000.0,288000000.0,387000000.0,1000000.0,35000000.0,53000000.0,377000000.0,0.5610119048,266000000.0,0.3958333333,4000000.0,289000000.0,0.4300595238,81000000.0,194000000.0,0.2886904762,0.33,0.33,582000000,587000000,,,1.154639175257732,0.3333333333333333,0.6116838487972509,0.6099656357388317,1.634020618556701,-0.8591065292096219,-7.702749140893471,-0.8591065292096219,6.405498281786942,12373320000.0,15133320000.0,15.945000000000002,18.41267857142857,34.75651685393258,34.85442253521127,-24.746640000000003,-24.746640000000003,22.51982142857143,40.14143236074271,42.50932584269663,42.629070422535214,0.0156788962057071,0.0286907636753918,-7.386,0.5805690929099199,7.320954907161804,0.7200374531835206,7.6,1.8350515463917525,0.0058997908402918,0.3762886597938144,0.0773809523809523,0.1011904761904761,0.6261594088979721,0.0028089887640449,0.0014880952380952,0.027027027027027,0.0223214285714285,,0.0419470567007026,0.0815811606391926,-9.763745704467354,-598000000.0,-4483000000.0,-5323000000.0,3539000000.0,195500000.0,59500000.0,251500000.0,19.82142857142857,47.27272727272727,211.8181818181818,4.54054054054054,1.9038461538461533,0.4248927038626609,-0.388,0.0017182130584192,2021-05-10,0.38,bmo,,2025-04-25,2021-03-31,0.0526315789473684,25.30375,3636038.40625
2020-12-31,GEN,USD,849399,2020-12-31,2020-12-31 00:00:00,2021,Q3,639000000.0,87000000.0,552000000.0,0.8638497653,71000000,42000000.0,140000000.0,182000000.0,5000000.0,271000000.0,358000000.0,0.0,32000000.0,28000000.0,319000000.0,0.4992175274,280000000.0,0.4381846635,-28000000.0,253000000.0,0.3959311424,80000000.0,178000000.0,0.2785602504,0.3,0.3,593000000,597000000,,,1.0775716694772344,0.3001686340640809,0.4940978077571669,0.490725126475548,1.809443507588533,-0.8296795952782462,-6.90893760539629,-0.8296795952782462,6.296795952782462,12322540000.0,14978540000.0,17.306938202247192,19.28410015649452,42.05645051194539,42.34549828178695,-25.04581300813008,-25.04581300813008,23.44059467918623,46.95467084639498,51.121296928327645,51.472646048109965,0.0144450738240654,0.023615261139343,-7.524390243902439,0.582350165172251,8.32601880877743,1.014827018121911,8.75,1.646067415730337,0.0091701873152775,0.6348314606741573,0.0657276995305164,0.1111111111111111,0.5670913953122542,0.0068259385665529,0.0031298904538341,0.0714285714285714,0.0328638497652582,,0.0414151958885756,0.0646802325581395,-9.20531197301855,27000000.0,-4097000000.0,-5001000000.0,3782000000.0,215000000.0,66500000.0,270000000.0,34.225352112676056,69.3103448275862,279.3103448275862,2.6296296296296298,1.2985074626865671,0.3222222222222222,-0.3617886178861789,0.0033726812816188,2021-02-04,0.37,bmo,923490000.0,2025-04-25,2020-12-31,0.027027027027027,26.03125,4348408.03125
2020-09-30,GEN,USD,849399,2020-09-30,2020-09-30 00:00:00,2021,Q2,626000000.0,90000000.0,536000000.0,0.8562300319,63000000,68000000.0,143000000.0,211000000.0,38000000.0,292000000.0,382000000.0,1000000.0,37000000.0,39000000.0,312000000.0,0.4984025559,230000000.0,0.3674121406,-13000000.0,231000000.0,0.3690095847,65000000.0,64000000.0,0.1022364217,0.11,0.11,592000000,600000000,,,1.0574324324324325,0.1081081081081081,-0.1908783783783783,-0.1942567567567567,1.7719594594594594,-0.8040540540540541,-6.912162162162162,-0.8040540540540541,6.33277027027027,12337280000.0,15040280000.0,48.1925,19.70811501597444,-109.17946902654867,-107.28069565217392,-25.918655462184876,-25.918655462184876,24.02600638977636,48.20602564102564,-133.09982300884957,-130.78504347826086,0.0051875291798516,-0.0093213414950459,-7.798319327731092,0.5879930302550294,8.663461538461538,1.0251716247139588,6.216216216216216,-1.765625,0.0066465217616849,1.28125,0.108626198083067,0.1006389776357827,0.5727863139553303,-0.0176991150442477,0.0031948881789137,0.0512820512820512,0.0319488817891373,,0.0356209882071951,0.0237300704486466,-9.23099662162162,44000000.0,-4092000000.0,-4997000000.0,3820000000.0,176000000.0,63000000.0,352000000.0,26.884984025559103,66.0,270.0,3.3475935828877006,1.3636363636363635,0.3333333333333333,-0.134453781512605,0.0033783783783783,2020-11-05,0.33,bmo,,2025-04-25,2020-09-30,0.0909090909090908,24.90190476190476,5565403.031746032
2020-06-30,GEN,USD,849399,2020-06-30,2020-06-30 00:00:00,2021,Q1,614000000.0,86000000.0,528000000.0,0.8599348534,65000000,53000000.0,145000000.0,198000000.0,-4000000.0,281000000.0,367000000.0,2000000.0,40000000.0,46000000.0,191000000.0,0.3110749186,120000000.0,0.1954397394,-149000000.0,99000000.0,0.161237785,-50000000.0,118000000.0,0.1921824104,0.2,0.19,590000000,614000000,,,1.040677966101695,0.2,0.288135593220339,0.2864406779661017,1.916949152542373,-0.8525423728813559,-7.005084745762712,-0.8525423728813559,6.323728813559322,11699699999.999998,14317699999.999998,24.7875,19.05488599348534,68.82176470588234,69.22899408284023,-23.259840954274352,-23.259840954274352,23.318729641693807,74.96178010471203,84.22176470588234,84.72011834319525,0.0100857286938981,0.0144448148243117,-7.337972166998012,0.5762685402029665,13.706806282722512,0.7653061224489796,3.0,1.4406779661016949,0.008974589092028,0.8898305084745762,0.0863192182410423,0.1058631921824104,0.5667447306791569,0.0058823529411764,0.001628664495114,0.0217391304347826,0.0407166123778501,,0.0388734525626475,0.0425225225225225,-9.21398305084746,-598000000.0,-4133000000.0,-4958000000.0,3182000000.0,182000000.0,73500000.0,352000000.0,24.185667752443,62.79069767441861,454.1860465116279,3.721212121212121,1.4333333333333331,0.1981566820276497,-0.2345924453280318,0.0016949152542372,2020-08-06,0.21,amc,143438850.0,2025-04-25,2020-06-30,0.4761904761904762,20.96475409836065,5728595.098360656
2020-03-31,GEN,USD,849399,2020-03-31,2020-03-31 00:00:00,2020,Q4,614000000.0,97000000.0,517000000.0,0.842019544,70000000,97000000.0,150000000.0,247000000.0,263000000.0,335000000.0,432000000.0,24000000.0,50000000.0,54000000.0,361000000.0,0.5879478827,44000000.0,0.0716612378,73000000.0,257000000.0,0.4185667752,108000000.0,231000000.0,0.3762214984,0.39,0.36,599000000,639000000,,,1.025041736227045,0.3856427378964941,-2.948247078464107,-2.953255425709516,3.7779632721202,0.01669449081803,-6.080133555926544,0.01669449081803,7.298831385642738,11207290000.0,13352290000.0,12.129101731601732,18.25291530944625,-6.34614382785957,-6.335381571509327,1120.729,1120.729,21.7464006514658,36.986952908587256,-7.560753114382786,-7.547931034482759,0.0206115840671562,-0.1578436892415561,432.2,0.5587588881706529,5.941828254847645,1.1742944317315027,0.88,-7.645021645021645,0.6517186581234178,31.61904761904762,0.1579804560260586,0.1140065146579804,0.4721396250808015,-0.0016987542468856,0.004885993485342,0.0555555555555555,0.0684039087947882,0.3806014395718864,0.0043258822496963,0.0565760470242468,-8.64398998330551,457000000.0,-3642000000.0,-4646000000.0,4435000000.0,265500000.0,122000000.0,245500000.0,29.16938110749186,80.72164948453609,250.51546391752572,3.085427135678392,1.1149425287356325,0.3592592592592593,23.1,0.005008347245409,2020-05-14,0.19,bmo,91020833.0,2025-04-25,2020-03-31,0.368421052631579,20.19359375,5917988.96875
2019-12-31,GEN,USD,849399,2019-12-31,2019-12-31 00:00:00,2020,Q3,618000000.0,103000000.0,515000000.0,0.8333333333,72000000,85000000.0,178000000.0,263000000.0,399000000.0,355000000.0,458000000.0,38000000.0,51000000.0,56000000.0,517000000.0,0.8365695793,62000000.0,0.1003236246,348000000.0,410000000.0,0.6634304207,57000000.0,2845000000.0,4.6035598706,4.58,4.4,621000000,647000000,,,0.9951690821256038,4.581320450885668,0.642512077294686,0.6264090177133655,20.56038647342995,13.972624798711756,7.861513687600644,13.972624798711756,7.476650563607086,15847920000.0,7790920000.0,1.3926115992970125,25.64388349514563,39.7190977443609,40.74015424164524,1.826428489109139,1.826428489109139,12.606666666666667,15.069477756286268,19.526115288220552,20.028071979434447,0.1795188264453631,0.0245458079041287,0.5292151665322116,0.2475872108696824,-15.584139264990329,2.879482283046892,1.2156862745098038,0.1402460456942003,0.0049848812967253,0.0277680140597539,0.1375404530744336,0.116504854368932,0.2046153016660376,0.025062656641604,0.0161812297734627,0.1785714285714285,0.1941747572815534,37.95120701921132,0.003652445282578,0.1928552060737527,5.245571658615137,8858000000.0,4882000000.0,3701000000.0,13125000000.0,524000000.0,138500000.0,3634000000.0,48.3495145631068,137.18446601941747,193.10679611650485,1.8614457831325304,0.6560509554140127,0.4660633484162896,0.3278782989512504,0.0161030595813204,2020-02-06,0.08,amc,1248980699.0,2025-04-25,2019-12-31,2.125,21.64703125,5795359.625
2019-09-30,GEN,USD,849399,2019-09-30,2019-09-30 00:00:00,2020,Q2,608000000.0,100000000.0,508000000.0,0.8355263158,86000000,92000000.0,189000000.0,281000000.0,-2000000.0,388000000.0,488000000.0,8000000.0,46000000.0,93000000.0,199000000.0,0.3273026316,103000000.0,0.1694078947,-66000000.0,55000000.0,0.0904605263,20000000.0,785000000.0,1.2911184211,1.27,1.22,620000000,644000000,,,0.9806451612903224,1.2661290322580645,0.2919354838709677,0.2483870967741935,2.953225806451613,9.858064516129032,3.695161290322581,9.858064516129032,7.553225806451613,14650600000.0,17590600000.0,4.665796178343949,24.09638157894737,80.94254143646408,95.13376623376624,2.397022251308901,2.397022251308901,28.93190789473684,88.39497487437185,97.18563535911602,114.22467532467532,0.0535814232864183,0.0105115148867623,0.7586714659685864,0.2857230882987245,14.773869346733669,1.9303797468354431,2.239130434782609,0.2305732484076433,0.0032080597381677,0.0598726114649681,0.1513157894736842,0.1414473684210526,0.235442725984349,0.149171270718232,0.0444078947368421,0.2903225806451613,0.1151315789473684,16.758149895774306,0.0052630042191628,0.0632656350741457,-6.815322580645161,4704000000.0,2291000000.0,-357000000.0,9355000000.0,577000000.0,127500000.0,3523500000.0,105.98684210526316,108.0,6342.3,0.8491620111731844,0.8333333333333334,0.0141904356463743,0.1284358638743455,0.0435483870967741,2019-11-07,0.42,bmo,337111500.0,2025-04-25,2019-09-30,-0.5714285714285714,20.35809523809524,6761550.349206349
2019-06-30,GEN,USD,849399,2019-06-30,2019-06-30 00:00:00,2020,Q1,1247000000.0,272000000.0,975000000.0,0.7818765036,241000000,108000000.0,393000000.0,501000000.0,3000000.0,793000000.0,1065000000.0,10000000.0,49000000.0,158000000.0,340000000.0,0.2726543705,157000000.0,0.1259021652,-45000000.0,108000000.0,0.0866078589,82000000.0,26000000.0,0.0208500401,0.042,0.0405,619000000,642000000,,,2.01453957996769,0.0420032310177706,0.5250403877221325,0.4458804523424879,2.736672051696284,8.481421647819063,-8.620355411954765,8.481421647819063,7.617124394184168,13655140000.0,16789140000.0,131.29942307692306,10.950392943063353,42.01581538461538,49.47514492753624,2.6009790476190475,2.6009790476190475,13.463624699278268,49.379823529411766,51.65889230769231,60.830217391304345,0.001904044923743,0.0202121691905026,0.8887619047619048,0.3035981521244063,9.217647058823529,0.7098115299334812,3.204081632653061,12.5,0.0037348573504189,1.9615384615384617,0.086607858861267,0.1932638331996792,0.6887891209577721,0.1507692307692307,0.0392943063352044,0.310126582278481,0.0641539695268644,2.8311764407628246,0.003072869617585,0.0054359188793644,-13.079967689822292,-1047000000.0,-5336000000.0,-7558000000.0,10506000000.0,573000000.0,150000000.0,0.0,31.611868484362468,44.669117647058826,0.0,2.84703196347032,2.0148148148148146,0.0,0.0049523809523809,0.0791599353796446,2019-08-08,0.32,bmo,2977135199.0,2025-04-25,2019-06-30,0.3437499999999999,21.629193548387097,10554732.338709677
2019-03-31,GEN,USD,849399,2019-03-31,2019-03-31 00:00:00,2019,Q4,1189000000.0,279000000.0,910000000.0,0.7653490328,236000000,102000000.0,378000000.0,480000000.0,-4000000.0,767000000.0,1046000000.0,13000000.0,51000000.0,158000000.0,261000000.0,0.2195121951,107000000.0,0.0899915896,-54000000.0,52000000.0,0.0437342304,22000000.0,34000000.0,0.0285954584,0.0534,0.0514,637000000,662000000,,,1.866562009419152,0.053375196232339,0.858712715855573,0.7739403453689168,3.207221350078493,9.00784929356358,-7.789638932496075,9.00784929356358,7.069073783359498,14772030000.0,17433030000.0,108.61786764705884,12.42391084945332,27.00553930530165,29.963549695740365,2.574421401185082,2.574421401185082,14.6619259882254,66.7932183908046,31.870255941499085,35.36111561866126,0.0023016470992815,0.0333738829395824,0.7758800975949808,0.2793324131007654,10.195402298850574,0.8459904407859798,2.0980392156862746,18.23333333333333,0.0032493841401621,1.411764705882353,0.0857863751051303,0.1984861227922624,0.6713514870121722,0.0987202925045703,0.0454163162321278,0.3417721518987341,0.073170731707317,3.289058190834284,0.0048748929345944,0.0064910271095838,-11.971742543171114,-580000000.0,-4962000000.0,-7014000000.0,10910000000.0,715500000.0,183000000.0,0.0,53.59125315391085,53.2258064516129,0.0,1.6793785310734464,1.690909090909091,0.0,0.0059254095503659,0.0847723704866562,2019-05-09,0.39,amc,1548853333.0,2025-04-25,2019-03-31,0.0,24.4340625,5851787.8125
2018-12-31,GEN,USD,849399,2018-12-31,2018-12-31 00:00:00,2019,Q3,1211000000.0,266000000.0,945000000.0,0.7803468208,209000000,98000000.0,364000000.0,462000000.0,-19000000.0,723000000.0,989000000.0,11000000.0,53000000.0,152000000.0,302000000.0,0.2493806771,169000000.0,0.1395540875,-121000000.0,97000000.0,0.0800990917,38000000.0,65000000.0,0.0536746491,0.1,0.1,633333333,637000000,,,1.912105264164266,0.102631579001385,0.5952631582080332,0.5036842107914128,4.072105265301108,9.32526316280277,-7.526842109224654,9.32526316280277,8.049473688447092,11969999993.7,14705999993.7,46.03846151423076,9.884393058381502,31.7506631132626,37.52351095203761,2.026752454063664,2.026752454063664,12.143682901486374,48.69536421754967,39.00795754297082,46.100313459874606,0.0054302422752055,0.0266499582429318,0.8542160514730782,0.306575109382596,9.059602649006624,1.0222344221795223,3.188679245283019,6.389830508474576,0.0049289891421096,0.9076923076923076,0.0809248554913294,0.1725846407927332,0.648578026251823,0.1538461538461538,0.0478943022295623,0.3815789473684211,0.0454170107349298,4.640473668446219,0.0076648881092379,0.0112398409130209,-11.72960526933137,81000000.0,-4767000000.0,-6826000000.0,11545000000.0,630000000.0,179500000.0,0.0,53.73245251857968,68.00751879699249,0.0,1.6749654218533887,1.3233830845771144,0.0,0.0110057568574331,0.0915789474166205,2019-01-31,0.39,bmo,424816835.0,2025-04-25,2018-12-31,0.1282051282051281,23.32828125,9131087.046875
2018-09-30,GEN,USD,849399,2018-09-30,2018-09-30 00:00:00,2019,Q2,1175000000.0,256000000.0,919000000.0,0.7821276596,231000000,114000000.0,365000000.0,479000000.0,-22000000.0,761000000.0,1017000000.0,11000000.0,52000000.0,153000000.0,233000000.0,0.1982978723,102000000.0,0.0868085106,-127000000.0,28000000.0,0.0238297872,36000000.0,-8000000.0,-0.0068085106,-0.0129,-0.0127,620000000,630000000,,,1.8951612903225807,-0.0129032258064516,0.3870967741935484,0.3048387096774193,3.929032258064516,9.596774193548388,-7.759677419354839,9.596774193548388,8.211290322580645,12889800000.0,15781800000.0,-402.80625,10.97004255319149,53.7075,68.2,2.1663529411764704,2.1663529411764704,13.43131914893617,67.73304721030043,65.7575,83.5015873015873,-0.0006206457819361,0.0146627565982404,0.846890756302521,0.3103979302698041,12.412017167381974,1.0020521841102317,1.9615384615384617,-30.0,0.0038790361371006,-6.25,0.0970212765957446,0.196595744680851,0.6628680547000123,0.2125,0.0434042553191489,0.3333333333333333,0.0825531914893617,,-0.0021715988929103,-0.0014617211766855,-12.008467741935483,7000000.0,-4811000000.0,-6866000000.0,11546000000.0,519500000.0,164000000.0,0.0,41.13191489361702,55.546875,0.0,2.188081936685289,1.620253164556962,0.0,-0.001344537815126,0.082258064516129,2018-11-01,0.33,bmo,747447105.0,2025-04-25,2018-09-30,0.2727272727272726,21.496031746031747,6822899.523809524
2018-06-30,GEN,USD,849399,2018-06-30,2018-06-30 00:00:00,2019,Q1,1156000000.0,249000000.0,907000000.0,0.7846020761,236000000,133000000.0,388000000.0,521000000.0,-22000000.0,810000000.0,1059000000.0,7000000.0,52000000.0,152000000.0,135000000.0,0.1167820069,1000000.0,0.0008650519,-125000000.0,-73000000.0,-0.0631487889,-6000000.0,-63000000.0,-0.0544982699,-0.1,-0.1,624000000,624000000,,,1.8525641025641024,-0.1009615384615384,0.5352564102564102,0.4647435897435897,3.7259615384615374,9.493589743589745,-7.9006410256410255,9.493589743589745,8.147435897435898,12885600000.0,15916600000.0,-51.133333333333326,11.146712802768166,38.57964071856287,44.433103448275865,2.175151924375422,2.175151924375422,13.768685121107266,117.90074074074074,47.65449101796407,54.884827586206896,-0.0048891786179921,0.0225057428447258,0.849426063470628,0.3089580647141892,22.451851851851853,1.158364823084851,0.0192307692307692,-4.985074626865671,0.0048891786179921,-1.0,0.1150519031141868,0.2041522491349481,0.66642107202063,0.1317365269461078,0.0380622837370242,0.2894736842105263,0.0977508650519031,,6.86160450940552e-05,-0.0115958034235229,-12.278044871794872,461000000.0,-4930000000.0,-6991000000.0,12073000000.0,655500000.0,169000000.0,0.0,39.083044982698965,61.44578313253013,0.0,2.302788844621514,1.464705882352941,0.0,-0.0106347062795408,0.0705128205128205,2018-08-02,0.33,amc,848240000.0,2025-04-25,2018-06-30,0.0303030303030303,21.76508196721312,5336327.967213115
2018-03-31,GEN,USD,849399,2018-03-31,2018-03-31 00:00:00,2018,Q4,1222000000.0,264000000.0,958000000.0,0.7839607201,258000000,147000000.0,354000000.0,501000000.0,-5000000.0,813000000.0,1077000000.0,8000000.0,57000000.0,196000000.0,110000000.0,0.0900163666,6000000.0,0.0049099836,-203000000.0,-61000000.0,-0.0499181669,-27000000.0,-35000000.0,-0.0286415712,-0.0564,-0.0564,621000000,621000000,,,1.9677938808373592,-0.0563607085346215,0.428341384863124,0.3687600644122383,3.4814814814814814,8.14170692431562,-9.510466988727858,8.14170692431562,8.185185185185185,15649200000.0,18901200000.0,-111.78,12.806219312602291,58.83157894736842,68.33711790393014,3.095174050632911,3.095174050632911,15.467430441898529,171.82909090909092,71.05714285714286,82.53799126637554,-0.0022365360529611,0.0146333358893745,0.9940664556962026,0.3188883954063828,29.563636363636363,1.108150967332699,0.1052631578947368,-7.823529411764706,0.003067249444061,-1.3714285714285714,0.1202945990180032,0.2111292962356792,0.6955142440200495,0.1390977443609022,0.0302782324058919,0.1887755102040816,0.1399345335515548,,0.0002652492302571,-0.0072931860804334,-12.779790660225444,341000000.0,-5906000000.0,-7211000000.0,12081000000.0,737500000.0,174500000.0,0.0,59.58265139116203,57.27272727272727,0.0,1.5105067985166871,1.5714285714285714,0.0,-0.0069224683544303,0.0595813204508856,2018-05-10,0.4,bmo,650536000.0,2025-04-25,2018-03-31,0.15,20.67269841269841,8254278.047619048
2017-12-31,GEN,USD,849399,2017-12-31,2017-12-31 00:00:00,2018,Q3,1209000000.0,249000000.0,960000000.0,0.794044665,225000000,122000000.0,372000000.0,494000000.0,4000000.0,771000000.0,1020000000.0,5000000.0,58000000.0,165000000.0,928000000.0,0.7675765095,96000000.0,0.0794044665,516000000.0,705000000.0,0.5831265509,-606000000.0,1342000000.0,1.1100082713,2.17,2.01,619000000,667000000,,,1.9531502423263327,2.1680129240710824,0.4749596122778675,0.4216478190630048,4.090468497576737,8.009693053311793,-9.877221324717286,8.009693053311793,9.119547657512117,17895290000.0,21340290000.0,3.3336978390461995,14.80172870140612,60.86833333333333,68.56432950191571,3.609376764824526,3.609376764824526,17.65119106699752,22.996002155172413,72.58602040816326,81.7635632183908,0.0749917995181972,0.0145848432744034,1.126865671641791,0.3496245306633291,3.712284482758621,1.1502741051273782,1.6551724137931034,0.2242562929061785,0.0027381506530489,0.0365126676602086,0.1009098428453267,0.1861042183622828,0.6928660826032541,0.1122448979591836,0.0272952853598014,0.2,0.1033912324234904,19.76651603829068,0.0138612585554911,0.2734311328443358,-12.908723747980616,466000000.0,-6114000000.0,-7455000000.0,12376000000.0,590000000.0,184000000.0,373000000.0,49.57816377171216,65.42168674698796,0.0,1.8153153153153152,1.3756906077348066,0.0,0.2706736587333602,0.0533117932148626,2018-01-31,0.44,bmo,389703913.0,2025-04-25,2017-12-31,0.1136363636363636,20.36857142857143,8372672.682539683
2017-09-30,GEN,USD,849399,2017-09-30,2017-09-30 00:00:00,2018,Q2,1240000000.0,262000000.0,978000000.0,0.7887096774,241000000,160000000.0,434000000.0,594000000.0,-8000000.0,890000000.0,1152000000.0,5000000.0,57000000.0,170000000.0,158000000.0,0.1274193548,-9000000.0,-0.0072580645,-157000000.0,-69000000.0,-0.0556451613,-53000000.0,-12000000.0,-0.0096774194,-0.0195,-0.0195,615000000,615000000,,,2.016260162601626,-0.0195121951219512,0.2878048780487804,0.2471544715447154,3.294308943089431,5.747967479674797,-12.378861788617886,5.747967479674797,10.188617886178864,20178150000.0,24561150000.0,-420.378125,16.272701612903226,114.00084745762712,132.75098684210528,5.708104667609619,5.708104667609619,19.807379032258066,155.4503164556962,138.7635593220339,161.58651315789473,-0.000594702685826,0.0075329006871293,1.7564356435643564,0.3881595398849712,27.740506329113924,1.1216915120170368,-0.1578947368421052,-11.0625,0.002378810743304,-4.0,0.1290322580645161,0.1943548387096774,0.6969242310577645,0.1412429378531073,0.0201612903225806,0.1470588235294117,0.1419354838709677,,-0.0001625482141708,-0.0024752475247524,-15.734146341463417,400000000.0,-7613000000.0,-8774000000.0,12416000000.0,491000000.0,154000000.0,373000000.0,37.30645161290322,64.23664122137404,256.25954198473283,2.412451361867704,1.4010695187165776,0.3512064343163539,-0.0033946251768033,0.040650406504065,2017-11-01,0.43,bmo,60096791.0,2025-04-25,2017-09-30,-0.069767441860465,24.01546875,9801725.546875
2017-06-30,GEN,USD,849399,2017-06-30,2017-06-30 00:00:00,2018,Q1,1175000000.0,257000000.0,918000000.0,0.7812765957,233000000,149000000.0,433000000.0,582000000.0,-12000000.0,874000000.0,1131000000.0,6000000.0,84000000.0,191000000.0,141000000.0,0.12,-44000000.0,-0.0374468085,-178000000.0,-134000000.0,-0.1140425532,-24000000.0,-133000000.0,-0.1131914894,-0.22,-0.22,609000000,609000000,,,1.929392446633826,-0.2183908045977011,0.3497536945812808,0.2725779967159277,3.799671592775041,5.564860426929393,-13.367816091954024,5.564860426929393,10.32183908045977,17204250000.0,21100250000.0,-32.338815789473685,14.641914893617022,80.77112676056338,103.64006024096386,5.076497491885512,5.076497491885512,17.957659574468085,149.64716312056737,99.06220657276997,127.10993975903614,-0.0077306479503611,0.0096487786448116,1.8300383593980525,0.3908495084446685,27.631205673758867,1.0166613264979174,-0.5238095238095238,-1.9363636363636365,0.0038362613889009,-0.4962406015037593,0.1268085106382978,0.1982978723404255,0.7266196117973279,0.2206572769953051,0.04,0.2460732984293193,0.1251063829787234,,-0.0028335610720228,-0.0306592899953895,-16.114942528735632,52000000.0,-8141000000.0,-9306000000.0,12477000000.0,558500000.0,150500000.0,0.0,35.8468085106383,42.37354085603113,0.0,2.5106837606837606,2.12396694214876,0.0,-0.039244614930658,0.077175697865353,2017-08-02,0.3,bmo,479027142.0,2025-04-25,2017-06-30,0.1,27.208852459016395,6554760.098360656
2017-03-31,GEN,USD,849399,2017-03-31,2017-03-31 00:00:00,2017,Q4,1115000000.0,259000000.0,856000000.0,0.7677130045,249000000,204000000.0,453000000.0,657000000.0,-3000000.0,962000000.0,1221000000.0,7000000.0,74000000.0,174000000.0,0.0,0.0,-178000000.0,-0.1596412556,-172000000.0,-248000000.0,-0.2224215247,-71000000.0,-143000000.0,-0.1282511211,-0.23,-0.23,618000000,618000000,,,1.8042071197411005,-0.2313915857605178,0.5711974110032363,0.5501618122977346,6.88673139158576,5.642394822006472,-13.177993527508091,5.642394822006472,13.36569579288026,18960240000.0,22899240000.0,-33.14727272727273,17.004699551569505,53.71172804532578,55.76541176470588,5.437407513622025,5.437407513622025,20.53743497757847,0.0,64.87036827195467,67.35070588235294,-0.0075420986232241,0.0179322624608127,2.347576713507313,0.4504236821833388,0.0,1.1518823020337516,-2.4054054054054053,-1.994350282485876,0.0025843554722935,-0.3426573426573426,0.1829596412556053,0.2233183856502242,0.6399801914823374,0.036827195467422,0.0116591928251121,0.0747126436781609,0.1874439461883408,,-0.0085479964056415,-0.0218554180039737,-16.091019417475728,702000000.0,-8144000000.0,-9363000000.0,13270000000.0,603000000.0,161500000.0,0.0,52.38565022421525,62.54826254826254,0.0,1.7180277349768875,1.4388888888888889,0.0,-0.0410094637223974,0.0210355987055016,2017-05-10,0.28,bmo,1031430510.0,2025-04-25,2017-03-31,0.0,29.906984126984128,5495794.380952381
2016-12-31,GEN,USD,849399,2016-12-31,2016-12-31 00:00:00,2017,Q3,1041000000.0,235000000.0,806000000.0,0.7742555235,204000000,131000000.0,377000000.0,508000000.0,5000000.0,755000000.0,990000000.0,5000000.0,55000000.0,151000000.0,145000000.0,0.1392891451,-16000000.0,-0.0153698367,-112000000.0,-61000000.0,-0.0585975024,-5000000.0,46000000.0,0.0441882805,0.0742,0.0742,620000000,620000000,,,1.679032258064516,0.0741935483870967,0.232258064516129,0.2032258064516129,8.991935483870968,6.369354838709677,-8.298387096774194,6.369354838709677,11.601612903225806,14811800000.0,16374800000.0,80.49891304347827,14.228434197886648,102.85972222222222,117.55396825396824,3.7507723474297294,3.7507723474297294,15.72987512007685,112.9296551724138,113.71388888888887,129.95873015873016,0.0031056319961112,0.0085067311197828,1.807546214231451,0.4258949880668258,10.779310344827586,1.8061026352288487,-0.2909090909090909,-2.571428571428572,0.0035782281694324,1.1521739130434785,0.1258405379442843,0.1959654178674351,0.5426014319809069,0.125,0.0172910662824207,0.119205298013245,0.0931796349663784,3.260784157140564,-0.0010540742440017,0.006000521784503,-10.99717741935484,2906000000.0,-5145000000.0,-6300000000.0,12893000000.0,508000000.0,141000000.0,0.0,48.15561959654179,54.765957446808514,0.0,1.868940754039497,1.643356643356643,0.0,0.0116485186123069,0.0290322580645161,2017-02-01,0.28,bmo,423084761.0,2025-04-25,2016-12-31,0.1428571428571427,30.48206349206349,6867999.523809524
2016-09-30,GEN,USD,849399,2016-09-30,2016-09-30 00:00:00,2017,Q2,979000000.0,210000000.0,769000000.0,0.7854954035,200000000,145000000.0,338000000.0,483000000.0,10000000.0,717000000.0,927000000.0,4000000.0,52000000.0,133000000.0,135000000.0,0.1378958121,-12000000.0,-0.0122574055,-102000000.0,-50000000.0,-0.051072523,19000000.0,-144000000.0,-0.1470888662,-0.23,-0.23,620000000,620000000,,,1.5790322580645162,-0.232258064516129,0.0887096774193548,0.0612903225806451,9.062903225806451,6.2290322580645165,-8.598387096774193,6.2290322580645165,11.658064516129032,15562000000.0,17128000000.0,-27.01736111111111,15.895812053115424,282.94545454545454,409.5263157894737,4.029518384256861,4.029518384256861,17.495403472931564,126.87407407407407,311.41818181818184,450.7368421052632,-0.009253309343272,0.0024418455211412,1.8581046090108757,0.4255218216318785,11.6,1.8435451695639784,-0.2307692307692307,-0.7971014492753623,0.0033414728184038,-0.3611111111111111,0.1481103166496425,0.2042900919305413,0.5451257115749526,0.3090909090909091,0.017364657814096,0.1278195488721804,0.08682328907048,,-0.0011866714439269,-0.0187719984356667,-11.352822580645162,2960000000.0,-5331000000.0,-6533000000.0,13086000000.0,386500000.0,127000000.0,0.0,42.19611848825332,59.57142857142857,0.0,2.132897603485839,1.5107913669064748,0.0,-0.0372863801139306,0.0274193548387096,2016-11-03,0.2,amc,2467815652.0,2025-04-25,2016-09-30,0.4999999999999999,30.255079365079364,7478038.682539683
2016-06-30,GEN,USD,849399,2016-06-30,2016-06-30 00:00:00,2017,Q1,884000000.0,149000000.0,735000000.0,0.8314479638,170000000,84000000.0,291000000.0,375000000.0,13000000.0,559000000.0,708000000.0,5000000.0,27000000.0,72000000.0,196000000.0,0.221719457,106000000.0,0.1199095023,-79000000.0,97000000.0,0.1097285068,31000000.0,135000000.0,0.1527149321,0.22,0.22,613000000,620000000,,,1.4420880913539968,0.2202283849918433,-1.2593800978792822,-1.295269168026101,9.98042414355628,6.143556280587275,0.3213703099510603,6.143556280587275,5.270799347471452,12591020000.0,9687020000.0,23.316703703703705,14.243235294117648,-16.30961139896373,-15.857707808564232,3.343340414232608,3.343340414232608,10.95816742081448,49.42357142857143,-12.547953367875648,-12.200277078085644,0.0107219272147927,-0.0630608163595959,0.8507700477960701,0.2778837814397225,-14.816326530612244,2.046658639373871,3.925925925925926,-11.696969696969695,0.0054006744489326,0.5037037037037037,0.0950226244343891,0.1923076923076923,0.3095403295750217,-0.0284974093264248,0.0248868778280542,0.3055555555555556,0.0554298642533936,5.5174426367707,0.0081893620234138,0.0169576686345936,-2.300978792822186,3477000000.0,197000000.0,-965000000.0,7950000000.0,435000000.0,145000000.0,0.0,31.968325791855204,69.46308724832215,0.0,2.815286624203821,1.2956521739130435,0.0,0.0358470525756771,0.0358890701468189,2016-08-04,0.25,amc,55321461.0,2025-04-25,2016-06-30,0.1599999999999999,28.364032258064515,6644730.70967742
2016-03-31,GEN,USD,849399,2016-03-31,2016-03-31 00:00:00,2016,Q4,873000000.0,147000000.0,726000000.0,0.8316151203,177000000,77000000.0,308000000.0,385000000.0,3000000.0,578000000.0,725000000.0,4000000.0,19000000.0,16000000.0,171000000.0,0.1958762887,128000000.0,0.1466208477,-32000000.0,116000000.0,0.1328751432,1129000000.0,2045000000.0,2.3424971363,3.15,3.15,649000000,650000000,,,1.345146379044684,3.1510015408320493,0.3852080123266564,0.3127889060092449,9.28351309707242,5.664098613251156,0.1309707241910631,5.664098613251156,3.4298921417565484,11928620000.0,8152620000.0,1.4582665036674816,13.663940435280642,47.71448,58.76167487684729,3.245,3.245,9.338625429553264,47.67614035087719,32.61048,40.16068965517241,0.171436427684007,0.0170178947774344,0.6003808487486398,0.1875584261069091,-22.08187134502924,1.725514505331019,6.7368421052631575,-0.2467917077986179,0.2278553596308709,1.3290953545232274,0.0882016036655212,0.2027491408934708,0.305175490779298,0.188,0.0538373424971363,0.6266666666666667,0.0492554410080183,20.03922722561997,-0.1445297521913984,0.2501223091976516,-2.540832049306625,2926000000.0,85000000.0,-1132000000.0,7474000000.0,523000000.0,208000000.0,2112500000.0,57.31958762886598,107.14285714285715,0.0,1.5701438848920863,0.84,0.0,0.5563112078346029,0.0724191063174114,2016-05-12,0.24,amc,92013625.0,2025-04-25,2016-03-31,-0.0833333333333333,24.55809523809524,8266455.984126984
2015-12-31,GEN,USD,849399,2015-12-31,2015-12-31 00:00:00,2016,Q3,909000000.0,150000000.0,759000000.0,0.8349834983,174000000,68000000.0,308000000.0,376000000.0,-1000000.0,563000000.0,713000000.0,1000000.0,17000000.0,22000000.0,218000000.0,0.2398239824,146000000.0,0.1606160616,-67000000.0,129000000.0,0.1419141914,15000000.0,170000000.0,0.1870187019,0.26,0.25,665000000,671000000,,,1.3669172932330826,0.2556390977443609,0.1684210526315789,0.0541353383458646,3.4120300751879697,8.111278195488723,2.6827067669172933,8.111278195488723,2.642105263157895,13965000000.0,13492000000.0,20.536764705882355,15.363036303630365,124.6875,387.9166666666667,2.588987764182425,2.588987764182425,14.842684268426842,61.88990825688074,120.46428571428572,374.77777777777777,0.012173290368779,0.0025778732545649,0.3225806451612903,0.1457774798927614,-2.169724770642202,1.874314084139012,8.588235294117647,-1.382716049382716,0.0073039742212674,0.6,0.0748074807480748,0.1914191419141914,0.3024463806970509,0.6785714285714286,0.0836083608360836,3.4545454545454546,-0.0165016501650165,6.830453600426951,0.0159111179940749,0.0204179678116742,-2.696240601503759,3346000000.0,1784000000.0,631000000.0,7942000000.0,614000000.0,283500000.0,2272000000.0,48.51485148514851,144.6,2535.0,1.8551020408163263,0.6224066390041494,0.0355029585798816,0.0315164998146088,0.1142857142857142,2016-02-04,0.24,amc,1440721000.0,2025-04-25,2015-12-31,0.0833333333333334,22.74328125,8889921.0
2015-09-30,GEN,USD,849399,2015-09-30,2015-09-30 00:00:00,2016,Q2,1498000000.0,264000000.0,1234000000.0,0.82376502,293000000,94000000.0,516000000.0,610000000.0,2000000.0,920000000.0,1184000000.0,3000000.0,19000000.0,100000000.0,182000000.0,0.1214953271,203000000.0,0.1355140187,-44000000.0,189000000.0,0.1261682243,33000000.0,156000000.0,0.1041388518,0.23,0.23,682000000,687000000,,,2.196480938416422,0.2287390029325513,0.1964809384164222,0.0923753665689149,4.922287390029325,8.639296187683284,-0.7727272727272727,8.639296187683284,2.5791788856304985,13278540000.0,11921540000.0,21.279711538461537,8.864178905206943,99.09358208955224,210.7704761904762,2.253655804480652,2.253655804480652,7.958304405874499,65.50296703296704,88.96671641791045,189.2307936507937,0.0117482795548305,0.0047444975125277,0.2953156822810591,0.1396468699839486,-7.456043956043956,1.2507374631268438,10.68421052631579,0.8589743589743589,0.0077568768855612,0.6602564102564102,0.0627503337783711,0.1955941255006675,0.5151685393258427,0.5298507462686567,0.0473965287049399,0.71,0.0534045393858478,6.668076177595566,0.019190877969941,0.0258235391491474,-3.662756598240469,935000000.0,-527000000.0,-1904000000.0,8616000000.0,671000000.0,255000000.0,293000000.0,44.33911882510014,111.13636363636364,108.75,2.029810298102981,0.8098159509202454,0.8275862068965517,0.0264765784114052,0.1041055718475073,2015-11-05,0.42,amc,1416027000.0,2025-04-25,2015-09-30,0.0476190476190476,18.0021875,10278220.96875
2015-06-30,GEN,USD,849399,2015-06-30,2015-06-30 00:00:00,2016,Q1,1499000000.0,254000000.0,1245000000.0,0.8305537025,284000000,96000000.0,521000000.0,617000000.0,-11000000.0,920000000.0,1174000000.0,3000000.0,20000000.0,102000000.0,157000000.0,0.104736491,201000000.0,0.1340893929,-141000000.0,173000000.0,0.1154102735,56000000.0,117000000.0,0.0780520347,0.17,0.17,682000000,691000000,,,2.197947214076246,0.1715542521994134,0.4398826979472141,0.3255131964809384,5.695014662756599,8.64516129032258,-0.8049853372434017,8.64516129032258,3.092375366568915,15856500000.0,14964500000.0,33.88141025641026,10.578052034689794,52.855,71.42567567567568,2.689365671641791,2.689365671641791,9.98298865910607,95.31528662420382,49.88166666666667,67.40765765765765,0.0073786775139532,0.0140005675905779,0.3543080054274084,0.1634073842302878,-5.681528662420382,1.2357283464566928,10.05,2.5641025641025643,0.0067480213161794,0.9145299145299144,0.0640426951300867,0.1894596397598399,0.5041458072590739,0.26,0.0520346897931954,0.7647058823529411,0.0353569046030687,5.776683222823773,0.0149907825523788,0.0184571699006152,-3.5447214076246336,958000000.0,-549000000.0,-1866000000.0,8604000000.0,798500000.0,176500000.0,275000000.0,36.26417611741161,65.19685039370079,94.60629921259844,2.4817880794701987,1.3804347826086956,0.951310861423221,0.0198439620081411,0.1143695014662756,2015-08-11,0.43,amc,912519642.0,2025-04-25,2015-06-30,-0.069767441860465,19.24131147540984,8799682.590163935
2015-03-31,GEN,USD,849399,2015-03-31,2015-03-31 00:00:00,2015,Q4,1518000000.0,287000000.0,1231000000.0,0.8109354414,293000000,89000000.0,551000000.0,640000000.0,7000000.0,958000000.0,1245000000.0,3000000.0,19000000.0,105000000.0,267000000.0,0.1758893281,152000000.0,0.1001317523,120000000.0,143000000.0,0.0942028986,-33000000.0,176000000.0,0.115942029,0.26,0.25,684000000,693000000,,,2.219298245614035,0.2573099415204678,0.7134502923976608,0.5950292397660819,5.68859649122807,8.676900584795321,-0.7894736842105263,8.676900584795321,3.0921052631578947,15978240000.0,15200240000.0,22.696363636363635,10.52584980237154,32.742295081967214,39.25857493857494,2.6922055602358888,2.6922055602358888,10.013333333333334,56.92973782771536,31.14803278688525,37.34702702702703,0.0110149803733076,0.025472142113274,0.3531592249368155,0.1583918990402781,-2.9138576779026217,1.217606108241635,8.0,2.772727272727273,0.0063836818072578,0.5795454545454546,0.0586297760210803,0.1930171277997364,0.4893070354416988,0.165983606557377,0.0533596837944664,0.7714285714285715,0.036231884057971,7.087643303396654,0.0204903530204735,0.0260432080497188,-3.685307017543859,969000000.0,-540000000.0,-1876000000.0,8649000000.0,987500000.0,190500000.0,147500000.0,58.87351778656126,52.99651567944251,88.74564459930313,1.5287009063444108,1.698224852071006,1.0141342756183749,0.0296545914069081,0.1184210526315789,2015-05-14,0.44,amc,1246472799.0,2025-04-25,2015-03-31,-0.0227272727272727,20.3396875,5806664.703125
2014-12-31,GEN,USD,849399,2014-12-31,2014-12-31 00:00:00,2015,Q3,1638000000.0,279000000.0,1359000000.0,0.8296703297,267000000,94000000.0,563000000.0,657000000.0,2000000.0,951000000.0,1230000000.0,3000000.0,20000000.0,107000000.0,76000000.0,0.0463980464,327000000.0,0.1996336996,-66000000.0,312000000.0,0.1904761905,90000000.0,222000000.0,0.1355311355,0.32,0.32,689000000,689000000,,,2.3773584905660377,0.3222060957910014,0.5195936139332366,0.3730043541364296,5.428156748911466,8.57764876632801,-0.8896952104499274,8.57764876632801,3.06966618287373,17679740000.0,17010740000.0,19.90961711711712,10.793492063492064,49.38474860335196,68.7927626459144,2.991495769881557,2.991495769881557,10.385067155067157,223.82552631578943,47.51603351955307,66.18964980544747,0.0125567457439984,0.0145364128658,0.3544839255499154,0.1598992520225919,-8.802631578947368,1.2414363335695724,16.35,1.6126126126126126,0.0058824394476389,0.4684684684684684,0.0573870573870573,0.163003663003663,0.4978629216913448,0.2821229050279329,0.0616605616605616,0.9439252336448598,0.0311355311355311,7.885736566831508,0.0252384289969711,0.0337437300501596,-3.932510885341074,1022000000.0,-613000000.0,-1937000000.0,8731000000.0,852000000.0,215500000.0,11500000.0,53.95604395604395,68.38709677419355,3.870967741935484,1.6680244399185336,1.3160377358490567,23.25,0.0375634517766497,0.1465892597968069,2015-02-05,0.49,amc,210359000.0,2025-04-25,2014-12-31,0.0816326530612245,21.518125,4725772.203125
2014-09-30,GEN,USD,849399,2014-09-30,2014-09-30 00:00:00,2015,Q2,1617000000.0,278000000.0,1339000000.0,0.8280766852,276000000,93000000.0,565000000.0,658000000.0,1000000.0,961000000.0,1239000000.0,3000000.0,19000000.0,111000000.0,463000000.0,0.2863327149,348000000.0,0.2152133581,-15000000.0,333000000.0,0.2059369202,89000000.0,244000000.0,0.1508967223,0.35,0.35,690000000,696000000,,,2.343478260869565,0.3536231884057971,0.2507246376811594,0.0956521739130434,5.4971014492753625,8.546376811594202,-0.946376811594203,8.546376811594202,3.063768115942029,16221900000.000002,15344900000.000002,16.62079918032787,10.03209647495362,93.76820809248557,245.7863636363637,2.7508733254197053,2.7508733254197053,9.489734075448364,33.142332613390934,88.69884393063585,232.49848484848488,0.015041394657839,0.0040685739648253,0.3552653891809395,0.1626174027788558,-1.894168466522678,1.24548825710754,18.31578947368421,0.7090163934426229,0.0063494411875304,0.4221311475409836,0.0575139146567718,0.1706864564007421,0.5084219514088334,0.6184971098265896,0.0661719233147804,0.963963963963964,0.028447742733457,8.246176865205445,0.0277526111222236,0.0385283435970314,-3.834782608695652,993000000.0,-653000000.0,-1948000000.0,8724000000.0,703500000.0,224500000.0,11000000.0,40.185528756957325,70.89928057553956,3.5611510791366907,2.239612188365651,1.269406392694064,25.272727272727277,0.04137697134136,0.1550724637681159,2014-11-05,0.43,bmo,165963066.0,2025-04-25,2014-09-30,0.1162790697674418,24.39841269841269,4380485.53968254
2014-06-30,GEN,USD,849399,2014-06-30,2014-06-30 00:00:00,2015,Q1,1735000000.0,309000000.0,1426000000.0,0.8219020173,308000000,103000000.0,644000000.0,747000000.0,1000000.0,1084000000.0,1393000000.0,3000000.0,21000000.0,116000000.0,442000000.0,0.2547550432,322000000.0,0.1855907781,-37000000.0,305000000.0,0.1757925072,69000000.0,236000000.0,0.1360230548,0.34,0.34,692000000,697000000,,,2.507225433526012,0.3410404624277456,0.4234104046242775,0.2904624277456647,5.851156069364162,8.436416184971097,-1.1098265895953756,8.436416184971097,3.057803468208093,15846799999.999998,14874799999.999998,16.78686440677966,9.133602305475502,54.08464163822525,78.83980099502486,2.7144227475162728,2.7144227475162728,8.57337175792507,33.65339366515837,50.76723549488054,74.00398009950248,0.0148925966125653,0.0126839488098543,0.3588557725248372,0.1591461561835308,-2.1990950226244346,1.3289771299321438,15.333333333333334,1.2415254237288136,0.0065628391851982,0.4406779661016949,0.0593659942363112,0.177521613832853,0.5018231540565178,0.3139931740614334,0.0530259365994236,0.7931034482758621,0.0247838616714697,8.045873708398478,0.0271261947044807,0.0359865812747789,-3.985187861271677,1309000000.0,-768000000.0,-2038000000.0,9055000000.0,846000000.0,256000000.0,12500000.0,35.533141210374644,66.99029126213593,3.203883495145631,2.5328467153284677,1.3434782608695652,28.09090909090909,0.040424803014731,0.1329479768786127,2014-08-06,0.42,bmo,177410571.0,2025-04-25,2014-06-30,0.0714285714285715,24.96426229508197,4025153.147540984
2014-03-31,GEN,USD,849399,2014-03-31,2014-03-31 00:00:00,2014,Q4,1625000000.0,282000000.0,1343000000.0,0.8264615385,277000000,115000000.0,584000000.0,699000000.0,8000000.0,1004000000.0,1286000000.0,3000000.0,19000000.0,114000000.0,431000000.0,0.2652307692,306000000.0,0.1883076923,-40000000.0,298000000.0,0.1833846154,81000000.0,217000000.0,0.1335384615,0.31,0.31,693000000,700000000,,,2.344877344877345,0.3131313131313131,0.6479076479076479,0.5367965367965368,5.893217893217893,8.365079365079366,-1.1962481962481963,8.365079365079366,3.0505050505050506,13839210000.0,12227210000.0,15.943790322580645,8.516436923076924,30.82229398663697,37.20217741935484,2.3873055028463,2.3873055028463,7.524436923076923,28.36939675174014,27.232093541202676,32.868844086021504,0.0156800857852435,0.0268801470604174,0.3613938243919268,0.1547381638230297,-3.7401392111368894,1.3125870877844867,16.105263157894736,2.069124423963133,0.0075148798233425,0.4792626728110599,0.0707692307692307,0.1704615384615384,0.4894009897333629,0.1714922048997773,0.0473846153846153,0.6754385964912281,0.0276923076923076,7.6769646629241715,0.0241335972442006,0.0313901345291479,-4.178571428571429,1346000000.0,-829000000.0,-2090000000.0,9088000000.0,949500000.0,294000000.0,13500000.0,55.77230769230769,90.0,4.468085106382978,1.6137040714995037,1.0,20.142857142857142,0.0374331550802139,0.1111111111111111,2014-05-08,0.42,bmo,241850000.0,2025-04-25,2014-03-31,0.119047619047619,24.86828125,4526414.453125
2013-12-31,GEN,USD,849399,2013-12-31,2013-12-31 00:00:00,2014,Q3,1705000000.0,283000000.0,1422000000.0,0.8340175953,252000000,97000000.0,608000000.0,705000000.0,-1000000.0,985000000.0,1268000000.0,3000000.0,20000000.0,110000000.0,517000000.0,0.3032258065,405000000.0,0.2375366569,-47000000.0,387000000.0,0.2269794721,104000000.0,283000000.0,0.1659824047,0.41,0.4,696000000,702000000,,,2.449712643678161,0.4066091954022988,0.4727011494252873,0.3793103448275862,5.589080459770115,8.272988505747126,-1.3031609195402298,8.272988505747126,3.0373563218390807,16411679999.999998,14692679999.999998,14.497950530035334,9.625618768328444,49.88352583586626,62.16545454545454,2.850239666550886,2.850239666550886,8.61740762463343,28.41911025145067,44.6586018237082,55.6540909090909,0.01724381659891,0.0160861045304319,0.3636679402570337,0.1579423744154472,-3.3249516441005804,1.2812725958062183,20.25,1.1625441696113077,0.0063369502695641,0.3674911660777385,0.056891495601173,0.1478005865102639,0.5027153416804948,0.1975683890577507,0.0381231671554252,0.5909090909090909,0.019941348973607,8.699836032800956,0.0325132056974063,0.0429243136660094,-4.216235632183908,1167000000.0,-907000000.0,-2184000000.0,8942000000.0,732500000.0,277500000.0,14500000.0,47.0850439882698,97.31448763250884,4.134275618374558,1.9114349775784751,0.9248366013071896,21.76923076923077,0.0491490100729419,0.0933908045977011,2014-01-29,0.43,bmo,328766666.0,2025-04-25,2013-12-31,0.186046511627907,23.8215625,4806169.328125
2013-09-30,GEN,USD,849399,2013-09-30,2013-09-30 00:00:00,2014,Q2,1637000000.0,284000000.0,1353000000.0,0.826511912,248000000,114000000.0,592000000.0,706000000.0,20000000.0,983000000.0,1267000000.0,3000000.0,20000000.0,111000000.0,382000000.0,0.2333536958,248000000.0,0.1514966402,-119000000.0,251000000.0,0.1533292608,10000000.0,241000000.0,0.1472205254,0.34,0.34,699000000,707000000,,,2.3419170243204577,0.3447782546494993,0.2732474964234621,0.1917024320457797,5.482117310443491,8.092989985693848,-1.507868383404864,8.092989985693848,3.0243204577968528,17300250000.0,15667250000.0,17.946317427385893,10.568265119120342,90.57722513089006,129.10634328358208,3.058202227328973,3.058202227328973,9.570708613317043,41.01374345549738,82.02748691099477,116.91977611940298,0.0139304345312929,0.0077455528099304,0.3701608626480466,0.1621496050797584,-4.274869109947644,1.272075761453801,12.4,0.7925311203319502,0.0060692764555425,0.4356846473029045,0.0696395846059865,0.1514966401954795,0.5196685767384234,0.2984293193717277,0.0348197923029932,0.5135135135135135,0.0232131948686621,7.923475036161629,0.0264371624194904,0.0388521683056585,-4.273605150214593,1063000000.0,-1054000000.0,-2287000000.0,8865000000.0,658500000.0,261500000.0,16500000.0,31.50274893097129,78.90845070422536,5.070422535211268,2.856893542757417,1.140562248995984,17.75,0.0426020859112603,0.0815450643776824,2013-10-23,0.44,bmo,354075000.0,2025-04-25,2013-09-30,0.1363636363636363,21.25126984126984,7408357.19047619
2013-06-30,GEN,USD,849399,2013-06-30,2013-06-30 00:00:00,2014,Q1,1709000000.0,300000000.0,1409000000.0,0.8244587478,261000000,119000000.0,651000000.0,770000000.0,18000000.0,1102000000.0,1402000000.0,3000000.0,25000000.0,156000000.0,401000000.0,0.2346401404,224000000.0,0.1310708016,-85000000.0,220000000.0,0.1287302516,63000000.0,157000000.0,0.0918665886,0.23,0.22,697000000,707000000,,,2.4519368723099,0.2252510760401721,0.4476327116212338,0.3601147776183644,5.427546628407461,7.886657101865136,-1.7704447632711622,7.886657101865136,3.0401721664275465,15668560000.0,14013560000.0,24.94993630573249,9.168262141603275,50.2197435897436,62.42454183266932,2.850383845734037,2.850383845734037,8.199859566998244,34.94653366583541,44.91525641025641,55.83091633466135,0.01002006566015,0.0160193406413863,0.3809350554848099,0.1592274351760322,-4.127182044887781,1.231629013079667,8.96,1.9872611464968155,0.0067013177981894,0.6687898089171974,0.069631363370392,0.1527208894090111,0.5118241958786404,0.1955128205128205,0.0356933879461673,0.391025641025641,0.0228203627852545,6.32224287476266,0.0178688291364347,0.0244548286604361,-4.74103299856528,974000000.0,-1234000000.0,-2475000000.0,8807000000.0,887500000.0,304000000.0,20500000.0,39.1808074897601,82.2,5.1,2.297043010752688,1.094890510948905,17.647058823529413,0.0285610332908859,0.0875179340028694,2013-07-30,0.36,bmo,379896888.0,2025-04-25,2013-06-30,0.2222222222222222,21.397868852459016,9582510.426229509
2013-03-31,GEN,USD,849399,2013-03-31,2013-03-31 00:00:00,2013,Q4,1748000000.0,308000000.0,1440000000.0,0.823798627,267000000,114000000.0,697000000.0,811000000.0,12000000.0,1149000000.0,1457000000.0,3000000.0,37000000.0,157000000.0,423000000.0,0.2419908467,251000000.0,0.1435926773,-66000000.0,229000000.0,0.131006865,41000000.0,188000000.0,0.1075514874,0.27,0.26,693000000,714000000,,,2.5223665223665224,0.2712842712842713,0.8831168831168831,0.7518037518037518,6.84992784992785,7.822510822510822,-2.015873015873016,7.822510822510822,4.513708513708513,16950780000.0,15356780000.0,22.54093085106383,9.697242562929064,27.697352941176472,32.535086372360844,3.126873270614278,3.126873270614278,8.785343249427918,36.30444444444444,25.092777777777776,29.475585412667947,0.0110909350484166,0.0307360487246014,0.570190001844678,0.2149662702552333,-3.768321513002364,1.135382955771305,6.783783783783784,3.25531914893617,0.0,0.0,0.0652173913043478,0.1527459954233409,0.4741637109673829,0.1486928104575163,0.0520594965675057,0.5796178343949044,0.0223112128146453,6.9099778098202975,0.0209966512503748,0.0248644359211744,-4.943362193362193,753000000.0,-1397000000.0,-2643000000.0,8693000000.0,1056000000.0,325500000.0,22000000.0,53.08352402745995,97.5974025974026,7.012987012987013,1.6954413191076625,0.9221556886227544,12.833333333333334,0.0346799483490131,0.1313131313131313,2013-05-07,0.38,bmo,393974999.0,2025-04-25,2013-03-31,0.1578947368421052,23.3809375,7792651.109375
2012-12-31,GEN,USD,849399,2012-12-31,2012-12-31 00:00:00,2013,Q3,1791000000.0,299000000.0,1492000000.0,0.8330541597,249000000,117000000.0,730000000.0,847000000.0,20000000.0,1167000000.0,1466000000.0,4000000.0,38000000.0,159000000.0,487000000.0,0.2719151312,298000000.0,0.166387493,-41000000.0,284000000.0,0.1585706309,72000000.0,212000000.0,0.1183696259,0.31,0.3,693000000,702000000,,,2.5844155844155843,0.3059163059163059,0.6681096681096681,0.556998556998557,6.135642135642136,7.44011544011544,-2.528138528138528,7.44011544011544,4.493506493506493,13042260000.0,11918260000.0,15.38002358490566,7.282110552763819,28.16902807775378,33.78823834196891,2.529530643910008,2.529530643910008,6.654528196538247,24.47281314168378,25.741382289416848,30.87632124352331,0.0162548515364668,0.02959609760885,0.5965865011636928,0.2203122761781979,-2.308008213552361,1.060926669098869,7.842105263157895,2.1839622641509435,0.0,0.0,0.0653266331658291,0.1390284757118928,0.4947715227044836,0.1663066954643628,0.0429927414852037,0.4842767295597484,0.0234505862646566,7.156199004932519,0.0235099032155307,0.0300538701445988,-5.387085137085137,334000000.0,-1752000000.0,-2990000000.0,8372000000.0,908000000.0,297500000.0,21500000.0,54.321608040201006,95.4180602006689,6.020066889632108,1.6567992599444958,0.943217665615142,14.95,0.0411171450737005,0.1111111111111111,2013-01-23,0.38,bmo,260314250.0,2025-04-25,2012-12-31,0.1842105263157895,25.0971875,5514499.203125
2012-09-30,GEN,USD,849399,2012-09-30,2012-09-30 00:00:00,2013,Q2,1699000000.0,284000000.0,1415000000.0,0.8328428487,247000000,109000000.0,659000000.0,768000000.0,1000000.0,1087000000.0,1371000000.0,2000000.0,35000000.0,160000000.0,462000000.0,0.2719246616,305000000.0,0.1795173632,-32000000.0,273000000.0,0.1606827546,80000000.0,193000000.0,0.1135962331,0.27,0.27,702000000,708000000,,,2.42022792022792,0.2749287749287749,0.2535612535612536,0.1267806267806268,5.707977207977208,7.269230769230769,-2.698005698005698,7.247863247863248,4.410256410256411,12474540000.0,11533540000.0,16.158730569948187,7.342283696291936,70.08168539325843,140.16337078651685,2.451757075471698,2.451757075471698,6.788428487345497,24.964372294372293,64.79516853932584,129.5903370786517,0.0154715123764082,0.0071345316139913,0.6016116352201258,0.2273638862066404,-2.036796536796537,1.0395367412140577,8.714285714285714,0.922279792746114,0.0,0.0,0.0641553855208946,0.1453796350794585,0.5197207160365446,0.5,0.0523837551500882,0.55625,0.0264861683343143,6.695859816385983,0.0228825969036093,0.0298484379832972,-5.399216524216524,198000000.0,-1894000000.0,-3154000000.0,8309000000.0,681000000.0,302000000.0,25000000.0,38.93466745144203,88.09859154929578,7.288732394366197,2.31156462585034,1.0215827338129495,12.347826086956522,0.0379323899371069,0.1267806267806268,2012-10-24,0.37,bmo,206307619.0,2025-04-25,2012-09-30,0.2162162162162162,23.52859375,8894984.65625
2012-06-30,GEN,USD,849399,2012-06-30,2012-06-30 00:00:00,2013,Q1,1668000000.0,284000000.0,1384000000.0,0.829736211,249000000,110000000.0,649000000.0,759000000.0,-6000000.0,1080000000.0,1364000000.0,3000000.0,29000000.0,162000000.0,407000000.0,0.2440047962,269000000.0,0.1612709832,-51000000.0,237000000.0,0.1420863309,65000000.0,172000000.0,0.103117506,0.24,0.24,716000000,720000000,,,2.329608938547486,0.2402234636871508,0.4748603351955307,0.3645251396648045,5.741620111731844,7.097765363128492,-2.798882681564246,6.9860335195530725,4.2974860335195535,10460760000.0,9426760000.0,15.204593023255814,6.271438848920863,30.76694117647059,40.079540229885055,2.091315473810476,2.091315473810476,5.651534772182254,23.16157248157248,27.72576470588235,36.11785440613027,0.0164423999785866,0.0249503860140181,0.6093562574970012,0.2248450870463263,-2.5405405405405403,1.0205318732890103,9.275862068965518,1.976744186046512,0.0,0.0,0.065947242206235,0.1492805755395683,0.5227205665388021,0.2323529411764706,0.0473621103117505,0.4876543209876543,0.0227817745803357,6.144892701568145,0.020775101488984,0.0265842349304482,-5.4179469273743015,105000000.0,-2004000000.0,-3255000000.0,8297000000.0,783500000.0,325000000.0,27500000.0,33.830935251798564,103.30985915492958,8.556338028169014,2.660287081339713,0.8711656441717791,10.51851851851852,0.0343862455017992,0.1103351955307262,2012-07-25,0.19,bmo,229451388.0,2025-04-25,2012-06-30,1.263157894736842,22.5135,8733859.666666666
2012-03-31,GEN,USD,849399,2012-03-31,2012-03-31 00:00:00,2012,Q4,1681000000.0,287000000.0,1394000000.0,0.8292682927,241000000,113000000.0,741000000.0,854000000.0,72000000.0,1167000000.0,1454000000.0,3000000.0,28000000.0,169000000.0,372000000.0,0.2212968471,192000000.0,0.1142177275,472000000.0,664000000.0,0.3950029744,132000000.0,559000000.0,0.3325401547,0.78,0.78,716000000,720000000,,,2.347765363128492,0.7807262569832403,0.9594972067039106,0.8379888268156425,4.48463687150838,7.223463687150838,-2.78072625698324,7.114525139664805,2.886871508379888,13389200000.0,12266200000.0,5.988014311270125,7.965020820939917,19.48937409024745,22.31533333333333,2.62842559874362,2.62842559874362,7.296966091612136,32.9736559139785,17.854730713245996,20.443666666666665,0.0417500672183551,0.0448122367281092,0.4002748331370239,0.1566052227342549,-3.0188172043010755,1.0284128745837957,6.857142857142857,1.2289803220035778,0.0,0.0,0.0672218917311124,0.1433670434265318,0.5501536098310292,0.1266375545851528,0.0517549077929803,0.514792899408284,0.024390243902439,11.179274265636948,0.0180659219378983,0.0954413522281031,-5.472067039106145,128000000.0,-1991000000.0,-3215000000.0,8391000000.0,974500000.0,296000000.0,30000000.0,50.32718619869126,101.602787456446,8.780487804878048,1.7882978723404257,0.8858024691358025,10.25,0.1097369454259913,0.1215083798882681,2012-05-02,0.19,bmo,245226294.0,2025-04-25,2012-03-31,1.0,18.23677419354839,7185104.967741936
2011-12-31,GEN,USD,849399,2011-12-31,2011-12-31 00:00:00,2012,Q3,1715000000.0,271000000.0,1444000000.0,0.8419825073,242000000,113000000.0,711000000.0,824000000.0,73000000.0,1139000000.0,1410000000.0,2000000.0,27000000.0,162000000.0,461000000.0,0.2688046647,300000000.0,0.1749271137,-27000000.0,273000000.0,0.1591836735,32000000.0,240000000.0,0.139941691,0.33,0.32,734000000,740000000,,,2.3365122615803813,0.326975476839237,0.5490463215258855,0.4468664850136239,3.242506811989101,6.450953678474114,-3.2275204359673024,6.333787465940055,2.795640326975477,11487100000.0,11185100000.0,11.965729166666668,6.6980174927113705,28.503970223325062,35.021646341463416,2.470875457087545,2.470875457087545,6.521924198250729,24.262689804772236,27.754590570719603,34.10091463414634,0.0208930017149672,0.0285537690104552,0.4355775435577543,0.166215217926619,-0.6550976138828634,0.9321180139122092,11.11111111111111,1.6721991701244814,0.0,0.0,0.0658892128279883,0.1411078717201166,0.5831076089633095,0.1861042183622828,0.0437317784256559,0.4629629629629629,0.0268221574344023,6.826224906906304,0.0330465641171905,0.0472533963378617,-5.851839237057221,-283000000.0,-2369000000.0,-3562000000.0,7871000000.0,851500000.0,286000000.0,30000000.0,52.95043731778426,89.00369003690037,10.62730627306273,1.6997026759167493,1.0111940298507462,8.46875,0.0516240051624005,0.1021798365122615,2012-01-25,0.41,bmo,169279736.0,2025-04-25,2011-12-31,0.024390243902439,16.71,10159232.968253968
2011-09-30,GEN,USD,849399,2011-09-30,2011-09-30 00:00:00,2012,Q2,1681000000.0,265000000.0,1416000000.0,0.8423557406,247000000,106000000.0,697000000.0,803000000.0,73000000.0,1123000000.0,1388000000.0,4000000.0,28000000.0,164000000.0,461000000.0,0.2742415229,285000000.0,0.1695419393,-36000000.0,263000000.0,0.1564544914,67000000.0,182000000.0,0.1082688876,0.24,0.24,745000000,751000000,,,2.2563758389261745,0.2442953020134228,0.4134228187919463,0.3154362416107382,3.024161073825504,6.225503355704698,-3.451006711409396,6.111409395973155,2.738255033557047,12143500000.0,11940500000.0,16.68063186813187,7.223973825104105,39.42694805194805,51.67446808510638,2.6671425433779925,2.6671425433779925,7.103212373587151,25.90130151843817,38.767857142857146,50.81063829787234,0.0149874418413142,0.0193519166632354,0.4419064353173731,0.1700042247570764,-0.4403470715835141,0.8813863928112965,10.178571428571429,1.5323383084577114,0.0,0.0,0.0630577037477691,0.1469363474122546,0.6091254752851711,0.237012987012987,0.0434265318262938,0.4451219512195122,0.0226055919095776,5.795881606160616,0.0267500550708258,0.0393428447903156,-5.918791946308724,-462000000.0,-2571000000.0,-3764000000.0,7790000000.0,684500000.0,282000000.0,28000000.0,37.15645449137418,103.24528301886792,9.50943396226415,2.422190201729107,0.8717105263157895,9.464285714285714,0.0399736437513727,0.097986577181208,2011-10-26,0.39,bmo,203582812.0,2025-04-25,2011-09-30,0.0,15.827936507936508,8343362.746031746
2011-06-30,GEN,USD,849399,2011-06-30,2011-06-30 00:00:00,2012,Q1,1653000000.0,259000000.0,1394000000.0,0.8433151845,239000000,105000000.0,665000000.0,770000000.0,71000000.0,1080000000.0,1339000000.0,4000000.0,32000000.0,161000000.0,450000000.0,0.2722323049,283000000.0,0.1712038717,-45000000.0,251000000.0,0.1518451301,67000000.0,172000000.0,0.1040532365,0.23,0.22,755000000,765000000,,,2.189403973509934,0.2278145695364238,0.6662251655629139,0.5986754966887418,3.0423841059602648,6.150993377483443,-3.557615894039735,6.045033112582781,2.690066225165563,14888600000.0,14597600000.0,21.640406976744185,9.007017543859648,29.599602385685884,32.93938053097345,3.262182296231376,3.262182296231376,8.830973986690864,32.43911111111111,29.021073558648112,32.29557522123894,0.0115524629582365,0.0303587980065284,0.4379929886064855,0.1662646594028112,-0.6466666666666666,0.8600345593680573,8.84375,2.941520467836257,0.0,0.0,0.0635208711433756,0.1445856019358741,0.6096648091158613,0.1013916500994035,0.0308529945553539,0.3167701863354037,0.0235934664246823,5.566488917483864,0.0260233526506118,0.0366503302791391,-6.042052980132451,-567000000.0,-2686000000.0,-3895000000.0,7803000000.0,844000000.0,260000000.0,29000000.0,36.7513611615245,90.34749034749034,9.72972972972973,2.448888888888889,0.9961538461538462,9.25,0.0376862401402278,0.0675496688741721,2011-07-27,0.37,bmo,434098166.0,2025-04-25,2011-06-30,0.0810810810810811,17.43951612903226,6061477.0322580645
2011-03-31,GEN,USD,849399,2011-03-31,2011-03-31 00:00:00,2011,Q4,1673000000.0,270000000.0,1403000000.0,0.8386132696,226000000,101000000.0,733000000.0,834000000.0,72000000.0,1132000000.0,1402000000.0,3000000.0,37000000.0,161000000.0,404000000.0,0.241482367,239000000.0,0.1428571429,-33000000.0,206000000.0,0.123132098,30000000.0,168000000.0,0.10041841,0.22,0.22,755000000,765000000,,,2.2158940397350992,0.2225165562913907,0.9125827814569536,0.8026490066225166,3.917880794701986,6.099337748344371,-3.178807947019868,5.997350993377483,3.4701986754966887,13997700000.0,13630700000.0,20.829910714285717,8.36682606096832,20.31596516690856,23.09851485148515,3.091364840989399,3.091364840989399,8.147459653317394,33.739356435643565,19.783309143686505,22.49290429042904,0.0120019717525021,0.0432928266786686,0.5704505300353356,0.2030820033021464,-0.9084158415841584,0.9168199468628652,6.45945945945946,4.101190476190476,0.0,0.0,0.0603705917513448,0.1350866706515242,0.550750845192232,0.1204644412191582,0.049611476389719,0.515527950310559,0.022115959354453,5.479641641853503,0.0242453306527287,0.0294014700735036,-5.802980132450331,-407000000.0,-2400000000.0,-3628000000.0,7648000000.0,994500000.0,259500000.0,31000000.0,54.49491930663479,86.66666666666667,10.0,1.6515301085883514,1.0384615384615383,9.0,0.0371024734982332,0.109933774834437,2011-05-11,0.36,bmo,196392352.0,2025-04-25,2011-03-31,0.0555555555555556,16.615238095238094,7706306.015873016
2010-12-31,GEN,USD,849399,2010-12-31,2010-12-31 00:00:00,2011,Q3,1604000000.0,264000000.0,1340000000.0,0.8354114713,220000000,97000000.0,704000000.0,801000000.0,70000000.0,1091000000.0,1355000000.0,3000000.0,37000000.0,70000000.0,377000000.0,0.2350374065,229000000.0,0.1427680798,-52000000.0,177000000.0,0.1103491272,35000000.0,132000000.0,0.0822942643,0.17,0.17,770000000,778000000,,,2.083116883116883,0.1714285714285714,0.5974025974025974,0.5077922077922078,3.1844155844155844,5.897402597402597,-3.3324675324675326,5.785714285714286,3.374025974025974,12889799999.999998,13005799999.999998,24.4125,8.036034912718204,28.021304347826085,32.96624040920716,2.893333333333333,2.893333333333333,8.108354114713215,34.49814323607426,28.27347826086956,33.26291560102301,0.0102406554019457,0.0303340625921271,0.5748597081930416,0.2105566061004686,0.3076923076923077,0.8492582897033158,6.1891891891891895,3.484848484848485,0.0,0.0,0.0604738154613466,0.1371571072319202,0.5843130806544438,0.15,0.0430174563591022,0.6330275229357798,0.0230673316708229,4.724015932510415,0.0224978586975623,0.0261075949367088,-5.742857142857143,-691000000.0,-2566000000.0,-3729000000.0,7435000000.0,829000000.0,258000000.0,27500000.0,54.76309226932668,88.29545454545455,10.909090909090908,1.6434426229508197,1.0193050193050193,8.25,0.0296296296296296,0.0896103896103896,2011-01-26,0.33,bmo,199386193.0,2025-04-25,2010-12-31,0.0606060606060604,17.53546875,9805287.890625
2010-09-30,GEN,USD,849399,2010-09-30,2010-09-30 00:00:00,2011,Q2,1480000000.0,246000000.0,1234000000.0,0.8337837838,208000000,100000000.0,612000000.0,712000000.0,67000000.0,987000000.0,1233000000.0,2000000.0,36000000.0,67000000.0,374000000.0,0.2527027027,218000000.0,0.1472972973,-36000000.0,182000000.0,0.122972973,44000000.0,136000000.0,0.0918918919,0.17,0.17,782000000,786000000,,,1.8925831202046035,0.1739130434782608,0.3964194373401534,0.3145780051150895,2.895140664961637,5.868286445012788,-3.350383631713555,5.760869565217392,3.294117647058824,11831660000.0,12115660000.0,21.749375,7.994364864864865,38.166645161290326,48.096178861788616,2.6263396226415097,2.6263396226415097,8.186256756756757,32.3948128342246,39.08277419354839,49.250650406504064,0.0114945831776775,0.0207916725125637,0.5638179800221975,0.2149081986631695,0.7593582887700535,0.8131790269248937,6.055555555555555,2.3134328358208958,0.0,0.0,0.0675675675675675,0.1405405405405405,0.6099500803790506,0.2064516129032258,0.0432432432432432,0.9552238805970148,0.0243243243243243,4.747897753878599,0.0202495042627346,0.0295010845986984,-5.681585677749361,-791000000.0,-2620000000.0,-3787000000.0,7427000000.0,627500000.0,235000000.0,22500000.0,41.472972972972975,94.02439024390245,8.414634146341463,2.1700879765395893,0.9571984435797666,10.695652173913045,0.030188679245283,0.0818414322250639,2010-10-27,0.28,bmo,167359200.0,2025-04-25,2010-09-30,0.2142857142857142,19.011904761904763,9165907.650793651
2010-06-30,GEN,USD,849399,2010-06-30,2010-06-30 00:00:00,2011,Q1,1433000000.0,265000000.0,1168000000.0,0.8150732729,208000000,92000000.0,573000000.0,665000000.0,61000000.0,934000000.0,1199000000.0,2000000.0,33000000.0,61000000.0,364000000.0,0.2540125611,194000000.0,0.135380321,-30000000.0,164000000.0,0.1144452198,4000000.0,161000000.0,0.1123517097,0.2,0.2,796000000,805000000,,,1.800251256281407,0.2022613065326633,0.4208542713567839,0.3555276381909548,3.440954773869347,5.701005025125628,-1.8768844221105527,5.701005025125628,1.1130653266331658,11048480000.0,9175480000.0,17.1560248447205,7.710034891835311,32.98053731343283,39.040565371024734,2.43465843984134,2.43465843984134,6.402986741102582,25.20736263736264,27.389492537313437,32.42219081272085,0.0145721402401054,0.0256143831549679,0.1879682679594535,0.0785017485735321,-5.145604395604396,0.8289183222958058,5.878787878787879,2.080745341614907,0.0,0.0,0.0642009769713887,0.1451500348918353,0.5551260813546843,0.1552238805970149,0.0362875087229588,0.8524590163934426,0.0244242847173761,5.093582856001436,0.0256461101196377,0.033305750930906,-3.9550879396984926,-775000000.0,-1494000000.0,-2573000000.0,6192000000.0,714500000.0,213500000.0,23500000.0,35.987438939288204,72.33962264150944,7.471698113207547,2.50087260034904,1.244131455399061,12.045454545454543,0.0354781842221242,0.0653266331658291,2010-07-28,0.35,bmo,184223416.0,2025-04-25,2010-06-30,0.0,17.881451612903227,9012899.20967742
2010-03-31,GEN,USD,849399,2010-03-31,2010-03-31 00:00:00,2010,Q4,1531000000.0,276000000.0,1255000000.0,0.8197256695,216000000,87000000.0,597000000.0,684000000.0,61000000.0,961000000.0,1237000000.0,2000000.0,33000000.0,274000000.0,526000000.0,0.3435662965,247000000.0,0.1613324624,-28000000.0,219000000.0,0.1430437622,26000000.0,191000000.0,0.1247550621,0.24,0.24,796000000,805000000,,,1.9233668341708543,0.2399497487437186,0.8831658291457286,0.7587939698492462,3.8241206030150754,5.71356783919598,-1.5527638190954771,5.71356783919598,2.391959798994975,13476280000.0,12318280000.0,17.639109947643977,8.802273024167212,19.169672830725464,22.31172185430464,2.963122251539138,2.963122251539138,8.045904637491835,23.418783269961978,17.5224466571835,20.39450331125828,0.0141730507231966,0.0448194902450824,0.4113896218117854,0.1665776353276353,-2.201520912547529,1.1538053566693185,7.484848484848484,3.680628272251309,0.0,0.0,0.0568256041802743,0.1410842586544742,0.5149572649572649,0.1408250355618776,0.0646636185499673,0.3613138686131387,0.0202482037883736,5.553990121301847,0.0291751506616751,0.0350587371512481,-3.7506281407035176,580000000.0,-1236000000.0,-2333000000.0,7313000000.0,878500000.0,206000000.0,24500000.0,50.32005225342913,69.78260869565217,8.152173913043478,1.7885514018691588,1.2897196261682242,11.04,0.0419964819700967,0.1243718592964824,2010-05-05,0.37,bmo,181430708.0,2025-04-25,2010-03-31,0.0810810810810811,16.49828125,9382670.15625
2009-12-31,GEN,USD,849399,2009-12-31,2009-12-31 00:00:00,2010,Q3,1548000000.0,258000000.0,1290000000.0,0.8333333333,210000000,92000000.0,635000000.0,727000000.0,61000000.0,998000000.0,1256000000.0,1000000.0,33000000.0,194000000.0,439000000.0,0.2835917313,277000000.0,0.1789405685,12000000.0,289000000.0,0.1866925065,-23000000.0,300000000.0,0.1937984496,0.37,0.37,809000000,819000000,,,1.9134734239802225,0.3708281829419035,0.4857849196538937,0.4351050679851668,3.227441285537701,5.46353522867738,-1.814585908529048,5.46353522867738,2.3201483312731765,14473010000.0,13724010000.0,12.060841666666668,9.349489664082688,36.82699745547074,41.11650568181818,3.2744366515837107,3.2744366515837107,8.865639534883721,31.26198177676537,34.921145038167936,38.98866477272728,0.0207282382862998,0.0243211329225917,0.4171945701357466,0.1684172070508722,-1.7061503416856492,1.0955555555555556,8.393939393939394,1.31,0.0,0.0,0.0594315245478036,0.1356589147286821,0.5377660060279478,0.104325699745547,0.026485788113695,0.211340206185567,0.0251937984496124,6.751721182706968,0.0406919285207459,0.0592768227622999,-3.992892459826946,344000000.0,-1468000000.0,-2585000000.0,7222000000.0,794500000.0,208000000.0,23500000.0,52.38372093023256,69.06976744186046,8.372093023255815,1.7180910099889013,1.303030303030303,10.75,0.0678733031674208,0.0506798516687268,2010-01-27,0.37,bmo,166316480.0,2025-04-25,2009-12-31,0.0810810810810811,14.1628125,14416521.5
2009-09-30,GEN,USD,849399,2009-09-30,2009-09-30 00:00:00,2010,Q2,1474000000.0,259000000.0,1215000000.0,0.8242876526,210000000,84000000.0,576000000.0,660000000.0,63000000.0,933000000.0,1192000000.0,1000000.0,31000000.0,200000000.0,323000000.0,0.2191316147,257000000.0,0.1743554953,-28000000.0,229000000.0,0.1553595658,67000000.0,150000000.0,0.1017639077,0.18,0.18,812000000,819000000,,,1.8152709359605912,0.1847290640394088,0.2783251231527093,0.2118226600985221,2.87192118226601,5.1736453201970445,-2.185960591133005,5.1736453201970445,2.277093596059113,13373640000.0,12877640000.0,22.2894,9.07302578018996,59.17539823008849,77.75372093023256,3.1834420376100927,3.1834420376100927,8.73652645861601,39.868854489164086,56.98070796460177,74.87,0.0112160937485979,0.0128611208317256,0.4327541061651987,0.1713316369804919,-1.5356037151702786,1.0355766380077085,8.290322580645162,1.5066666666666666,0.0,0.0,0.0569877883310719,0.1424694708276797,0.5631891433418151,0.2389380530973451,0.0366350067842605,0.27,0.0244233378561736,4.6372146594283326,0.0251185217272739,0.0323624595469255,-4.372536945812808,120000000.0,-1775000000.0,-2917000000.0,7090000000.0,653500000.0,222000000.0,23500000.0,42.00814111261872,75.75289575289575,7.992277992277992,2.1424418604651163,1.188073394495413,11.26086956521739,0.0357057843370626,0.0665024630541872,2009-10-28,0.33,bmo,165355520.0,2025-04-25,2009-09-30,0.0909090909090908,15.64968253968254,16235643.73015873
2009-06-30,GEN,USD,849399,2009-06-30,2009-06-30 00:00:00,2010,Q1,1432000000.0,312000000.0,1120000000.0,0.782122905,221000000,89000000.0,559000000.0,648000000.0,62000000.0,931000000.0,1243000000.0,2000000.0,32000000.0,246000000.0,222000000.0,0.155027933,152000000.0,0.1061452514,-24000000.0,128000000.0,0.0893854749,42000000.0,73000000.0,0.0509776536,0.0895,0.0883,816000000,827000000,,,1.7549019607843137,0.0894607843137254,0.454656862745098,0.3884803921568627,2.715686274509804,5.03921568627451,-2.405637254901961,5.03921568627451,2.235294117647059,12713280000.0,12313280000.0,43.5386301369863,8.877988826815642,34.26760107816712,40.104984227129336,3.091750972762646,3.091750972762646,8.598659217877096,55.465225225225225,33.189433962264154,38.84315457413249,0.0057420272345138,0.024934556621108,0.4357976653696498,0.1701965998670339,-1.8018018018018016,0.9746462264150944,4.75,5.082191780821918,0.0,0.0,0.0621508379888268,0.1543296089385475,0.576977870642986,0.1455525606469002,0.0377094972067039,0.2195121951219512,0.034217877094972,3.184850737703933,0.0143092335715286,0.0163897620116749,-4.564644607843137,-86000000.0,-1963000000.0,-3111000000.0,6974000000.0,728000000.0,208000000.0,25464000.0,38.9036312849162,65.1923076923077,6.923076923076923,2.313408723747981,1.3805309734513274,13.0,0.0177529182879377,0.0661764705882353,2009-07-29,0.35,bmo,193400000.0,2025-04-25,2009-06-30,-0.057142857142857,17.45344262295082,12831261.590163937
2009-03-31,GEN,USD,849399,2009-03-31,2009-03-31 00:00:00,2009,Q4,1467568000.0,307039000.0,1160529000.0,0.7907838001,224517000,0.0,0.0,627170000.0,-6986971000.0,-6135284000.0,-5828245000.0,0.0,445343000.0,210956000.0,-8576000.0,-0.0058436815,-192369000.0,-0.1310801271,-4170000.0,-196539000.0,-0.1339215627,33175000.0,-249378000.0,-0.1699260273,-0.31,-0.3,816000000,827000000,,,1.7984901960784314,-0.305610294117647,0.7439424019607843,0.6740796568627451,2.440158088235294,4.838220588235294,-2.758969362745098,4.838220588235294,3.119292892156863,12191040000.0,12498538000.0,-12.22144696003657,8.306967718020562,20.08219985932128,22.1635527016684,3.0879121213134386,3.0879121213134386,8.516496680221973,-1457.3854944029852,20.58873878400216,22.722590169239467,-0.0204558429797621,0.0451191202719374,0.53191651038453,0.1972733071366906,-35.85564365671642,0.9390422229664688,-0.4319569410544232,-2.434284499835591,0.0,0.0,0.0,0.1529857560262965,0.5823608542122078,0.0939088092221982,0.0388452187564732,0.2702364474108344,0.0,,-0.031531004552708,-0.0560926514618328,-4.981322303921568,-214228000.0,-2251319000.0,-3397003000.0,6958353000.0,882024000.0,201737000.0,27173500.0,51.32981912933506,55.69325069453718,7.8931992352763,1.7533667861409796,1.6159947368421053,11.40222073677956,-0.063165845488892,0.0698627450980392,2009-05-06,0.35,bmo,176385413.0,2025-04-25,2009-03-31,0.0285714285714286,17.33359375,10049643.171875
2008-12-31,GEN,USD,849399,2008-12-31,2008-12-31 00:00:00,2009,Q3,1513954000.0,298836000.0,1215118000.0,0.8026122326,204701000,0.0,0.0,664216000.0,7073298000.0,7942215000.0,8241051000.0,5000000.0,7089425000.0,214835000.0,-6537567000.0,-4.3182071582,-6772902000.0,-4.4736511149,-9000000.0,-6758166000.0,-4.463917662,31620000.0,-6806257000.0,-4.4956828279,-8.23,-8.23,827000000,827000000,,,1.830657799274486,-8.230056831922612,0.4857001209189843,0.3770024183796856,1.8487557436517537,5.067343409915357,-3.088420798065296,5.067343409915357,11.111759371221282,11181040000.0,11832007000.0,-0.4106897520913476,7.385323464253207,27.8361058968218,35.8618389189848,2.6680646852441825,2.6680646852441825,7.815301521710699,-1.8098486791798845,29.45674103875282,37.9497371552468,-0.6087320141954595,0.0278847942588524,0.5011104368656926,0.1936899503508093,-0.0995732816199053,0.847958174978341,-0.9553527965949284,-0.059015403032827,0.0,0.0,0.0,0.1352095241995463,0.6220967951691881,0.2237959140994936,0.0593763086593119,0.4184280959806363,0.0,,-0.9231284154329372,-1.661175670626149,-5.336711608222491,-527713000.0,-2554124000.0,-3708249000.0,7189344000.0,786113500.0,211750500.0,27004500.0,55.11020810407714,64.29165160823997,8.257740031321527,1.6330912746697042,1.3998707102504286,10.898865750027351,-1.624136389852466,0.1086977025392986,2009-01-28,0.32,bmo,183003107.0,2025-04-25,2008-12-31,0.25,15.729375,14626447.921875
2008-09-30,GEN,USD,849399,2008-09-30,2008-09-30 00:00:00,2009,Q2,1518010000.0,309070000.0,1208940000.0,0.7963979157,219049000,0.0,0.0,681821000.0,81855000.0,982725000.0,1291795000.0,0.0,68504000.0,211511000.0,437782000.0,0.2883920396,216425000.0,0.1425715246,-3192000.0,213233000.0,0.1404687716,62414000.0,140073000.0,0.0922740957,0.17,0.16,838489000,852334000,,,1.8104113470778984,0.1670540698804635,0.2961171822170595,0.2154434941901444,2.748565574503661,13.349360575988474,-2.14409491358861,13.349360575988474,2.5862044701838665,16417614619.999998,16255457619.999998,29.30189012157946,10.815221652031276,66.12247169651738,90.88229873731642,1.4667369188617612,1.4667369188617612,10.708399562585225,37.13139786469064,65.46937915590979,89.98465305263856,0.0085318728233127,0.0110032428084854,0.1876123664065942,0.1191692270553414,-0.3704058184210406,1.082248486555554,3.1593045661567207,1.772582867504801,0.0,0.0,0.0,0.1443001034248786,0.7372087582118237,0.2724383888260146,0.044560971271599,0.3198131539258005,0.0,7.083534628045195,0.010592382972871,0.0302474223731981,-4.325501884938264,260762000.0,-1797800000.0,-2997528000.0,14194608000.0,648818500.0,195676500.0,27457000.0,38.25146738163781,61.15905781861714,7.742906137768143,2.352850914242404,1.4715727025572902,11.623542685220007,0.0125140128569861,0.080673688026915,2008-10-29,0.35,bmo,175455769.0,2025-04-25,2008-09-30,0.0285714285714286,16.03920634920635,16770974.80952381
2008-06-30,GEN,USD,849399,2008-06-30,2008-06-30 00:00:00,2009,Q1,1650322000.0,311982000.0,1338340000.0,0.810956892,231435000,0.0,0.0,755585000.0,55379000.0,1042399000.0,1354381000.0,18000000.0,31894000.0,200056000.0,496000000.0,0.3005474083,278936000.0,0.1690191369,-15936000.0,287294000.0,0.1740836031,94421000.0,186692000.0,0.1131245902,0.22,0.22,839000000,854000000,,,1.967010727056019,0.2225172824791418,0.4929392133492252,0.4241728247914184,2.725035756853397,13.189473182359952,-2.4448712753277717,13.189473182359952,2.540994040524434,16234650000.000002,16289407000.000002,21.739884408544555,9.83726206158556,39.25433294001586,45.61819821794364,1.4670790661964683,1.4670790661964683,9.870441647145224,32.84154637096775,39.38673182196259,45.77206144750633,0.0114996011617127,0.0219210762166107,0.1897710168690168,0.1179174564328689,0.1103971774193548,0.9902644244423154,8.745720198156393,2.215285068454995,0.0,0.0,0.0,0.1402362690432533,0.7365469658490832,0.1395027757896976,0.0349598442001015,0.2883942496101092,0.0,8.126187846836963,0.0130260192775918,0.0397906754538132,-4.711906436233612,-33423000.0,-2051247000.0,-3343444000.0,14112326000.0,705329000.0,175478500.0,31231000.0,35.58167436415439,52.30859472661884,8.170856010923707,2.5293919302085346,1.7205585520002646,11.01475780257026,0.0168708241339573,0.0687663885578069,2008-07-30,0.35,bmo,180348000.0,2025-04-25,2008-06-30,0.142857142857143,14.132459016393444,15713444.180327868
2008-03-31,GEN,USD,849399,2008-03-31,2008-03-31 00:00:00,2008,Q4,1539741000.0,306379000.0,1233362000.0,0.8010191324,223314000,0.0,0.0,716384000.0,-36404000.0,903294000.0,1209673000.0,0.0,8914000.0,205705000.0,535773000.0,0.3479630665,213421000.0,0.1386083763,69748000.0,283169000.0,0.1839069038,96783000.0,186386000.0,0.1210502286,0.22,0.22,838564000,853994000,,,1.8361639660180973,0.2222680677920826,0.804196221159029,0.7270667474396707,2.894177427125419,13.085683382544444,-2.5360592632166417,13.085683382544444,2.7534141699381323,13936933680.0,14346708680.0,18.693643406693635,9.051479229298954,20.666597980337205,22.85897417056481,1.2700903356847326,1.2700903356847326,9.317611650271052,26.77758804568353,21.27423918620342,23.5310758218904,0.0133735299513888,0.0437464950324711,0.2096018994670917,0.1271273518698278,0.7648295080192544,0.9816643181651896,23.94222571236257,3.618136555320679,0.0,0.0,0.0,0.1450334829039429,0.7240638369444686,0.0959087741151,0.0420057659047852,0.3144211370652147,0.0,8.089617736734239,0.0096930662868313,0.037334972135883,-4.896750874113366,-69668000.0,-2126648000.0,-3388993000.0,14031913000.0,829907500.0,166251000.0,34364500.0,44.31784306581432,49.82975334471357,10.028167726900342,2.030784753363229,1.806149819313687,8.974720253090398,0.0169855911452492,0.0771294737193583,2008-04-30,0.34,bmo,180727000.0,2025-04-25,2008-03-31,0.0588235294117645,13.3209375,16659516.4375
2007-12-31,GEN,USD,849399,2007-12-31,2007-12-31 00:00:00,2008,Q3,1515251000.0,299161000.0,1216090000.0,0.8025667035,225293000,0.0,0.0,710580000.0,61138000.0,997011000.0,1296172000.0,0.0,44928000.0,200911000.0,419990000.0,0.2771752007,195774000.0,0.1292023566,10172000.0,205946000.0,0.1359154358,74056000.0,131890000.0,0.0870416848,0.15,0.15,859997000,876221000,,,1.7619259136950478,0.1533610000965119,0.5372169902918266,0.4545585624135898,2.3076778174807586,12.70827805213274,-2.6886605418390994,12.70827805213274,2.726669976755733,13880351580.0,14695862580.0,26.31047005079991,9.160430568928843,30.043725890412443,35.50697607432742,1.2700383115469636,1.2700383115469636,9.698632490590668,34.99098211862187,31.80888211166545,37.59311412338617,0.0095019206999078,0.0281634797034442,0.210447703699881,0.1294495103290859,1.9417390890259287,0.9422508713019576,4.3575053418803416,3.5029570096292364,0.0,0.0,0.0,0.1486836174336793,0.7452532693740187,0.1538641356695274,0.0469136796477943,0.3538183573821244,0.0,6.622044262200433,0.008715047372201,0.0291390792855148,-4.8376462359752415,-206824000.0,-2312240000.0,-3463866000.0,14074007000.0,751726000.0,166146500.0,33663000.0,53.55241474844761,48.99833200183179,10.406403241064176,1.6805964851960091,1.8367972198856763,8.648521291665462,0.012067803322164,0.0826584278782367,2008-01-23,0.28,bmo,194287571.0,2025-04-25,2007-12-31,0.1785714285714285,20.5109375,13900470.890625
2007-09-30,GEN,USD,849399,2007-09-30,2007-09-30 00:00:00,2008,Q2,1419089000.0,304526000.0,1114563000.0,0.7854073987,221057000,0.0,0.0,681567000.0,143472000.0,1046096000.0,1350622000.0,0.0,89210000.0,204048000.0,272515000.0,0.1920351719,58889000.0,0.0414977496,14527000.0,73416000.0,0.0517345987,23048000.0,50368000.0,0.0354931932,0.0575,0.0564,875662000,892759000,,,1.6205899079781925,0.0575199106504564,0.3779643287021704,0.305613353097428,2.302077742325235,12.68231235339663,-2.223268795494152,12.68231235339663,2.500062809622891,17416917180.0,18128553180.0,86.44832621902796,12.273308566270332,52.62401366895389,65.082234785923,1.5683259839183017,1.5683259839183017,12.77478239913071,66.52313883639432,54.774172747296575,67.74142301972243,0.0028919009879565,0.0153651761235509,0.1890968724367806,0.1212698757717167,2.6113645120452085,1.012845118751239,0.6601165788588723,6.571017312579415,0.0,0.0,0.0,0.1557738802851688,0.7537356463386978,0.1914227616483719,0.0446448390481499,0.3104906688622285,0.0,4.05134831280803,0.0028202557899586,0.0118110033115269,-4.257056661131807,38423000.0,-1946832000.0,-3181654000.0,14216234000.0,585279000.0,167568500.0,33700500.0,38.16908594175559,50.07119260752777,9.67454338874185,2.35792914028217,1.7974407101793155,9.302764625019092,0.0045354434623313,0.0723509756047424,2007-10-24,0.26,bmo,169967368.0,2025-04-25,2007-09-30,0.1153846153846152,19.256875,12814065.3125
2007-06-30,GEN,USD,849399,2007-06-30,2007-06-30 00:00:00,2008,Q1,1400338000.0,310264000.0,1090074000.0,0.7784363489,225578000,0.0,0.0,654375000.0,56925000.0,936878000.0,1247142000.0,0.0,20938000.0,213445000.0,366641000.0,0.261823217,134196000.0,0.0958311493,15796000.0,149992000.0,0.1071112831,54786000.0,95206000.0,0.0679878715,0.11,0.1,891642000,910302000,,,1.5705159694137334,0.1067760379165629,0.3940023013720753,0.3102377411562039,2.2818485445952525,12.713023836921096,-2.211219301019916,12.713023836921096,2.378687859028624,18011168400.0,18737119400.0,47.295255551120725,12.862015027800432,51.26873606995551,65.11135597080482,1.5889217434907397,1.5889217434907397,13.380426297079705,51.10481206411722,53.33515338348861,67.73570842416157,0.0052859424711169,0.0153583040176338,0.1852592562140806,0.1191718644988661,1.9800049639838424,1.0132047487503288,6.409208138313115,3.68998802596475,0.0,0.0,0.0,0.161088251550697,0.7551570347520479,0.2125991648377923,0.0533356946680015,0.3499168404038511,0.0,5.526530746591232,0.0058419007308899,0.0220663817841445,-4.270410377707645,40153000.0,-1971616000.0,-3205190000.0,14460550000.0,617844500.0,157423000.0,38424500.0,36.5518110627577,48.06986953046437,10.055758966557512,2.462258295368028,1.8722746884711703,8.950095194138349,0.0083989489271989,0.0837645602158713,2007-07-25,0.2,bmo,151091000.0,2025-04-25,2007-06-30,0.4499999999999998,16.858852459016394,14360986.459016394
2007-03-31,GEN,USD,849399,2007-03-31,2007-03-31 00:00:00,2007,Q4,1365167000.0,296095000.0,1069072000.0,0.7831071217,209136000,0.0,0.0,665181000.0,49933000.0,924250000.0,1220345000.0,0.0,56111000.0,229538000.0,374360000.0,0.2742228606,93320000.0,0.0683579372,29823000.0,123143000.0,0.0902036161,50710000.0,72433000.0,0.0530579775,0.0812,0.0796,891642000,910302000,,,1.5310707660697904,0.0812355182909732,0.6873879875555436,0.5572606494534802,3.350731571639739,13.011402558425916,-1.0030382148889352,13.011402558425916,2.418135305425272,15425406600.0,14966372600.0,53.240258583794684,11.299281772852698,25.16773687233237,31.044718511824858,1.3296030095384972,1.3296030095384972,10.963034266137402,39.97855700395341,24.418787607847232,30.120880217840632,0.0046956946989001,0.0322115982343052,0.1810108733231605,0.1183040605897063,-1.2261833529223207,1.2269251970034558,1.6631320062019923,8.461668024243094,0.0,0.0,0.0,0.1531944443427068,0.7039578341793952,0.1893069714017203,0.0849910670269644,0.5054805740226019,0.0,4.876702849963289,0.0038032200306327,0.0137836188959632,-2.961263040547664,752958000.0,-894351000.0,-2078310000.0,14341062000.0,704978500.0,173876500.0,41711500.0,43.970532542905005,45.32933686823485,12.821797058376534,2.046825334948603,1.9854691512831,7.019296873147951,0.0062434098035316,0.1301273381020634,2007-05-02,0.2,amc,,2025-04-25,2007-03-31,0.1999999999999999,18.33453125,13614277.5
2006-12-31,GEN,USD,849399,2006-12-31,2006-12-31 00:00:00,2007,Q3,1313040000.0,314723000.0,998317000.0,0.7603096631,219578000,0.0,0.0,572418000.0,50476000.0,842472000.0,1157195000.0,0.0,0.0,190863000.0,346708000.0,0.2640498385,155845000.0,0.1186902151,18588000.0,174433000.0,0.1328466764,60711000.0,113722000.0,0.0866096996,0.12,0.12,932122000,963309000,,,1.4086568067270164,0.1220033429100482,0.4712773649801206,0.3518359184741911,3.1944423584037285,12.932567839832124,-0.6284391957275979,12.932567839832124,2.252923973471284,19434743700.0,18942740700.0,42.72423915337402,14.801334079692928,44.24146277612865,59.26057831281216,1.612208824900365,1.612208824900365,14.426628815573022,54.63600695686283,43.12146177450784,57.76035876982748,0.0058514792762613,0.0168746243872513,0.1742054633985611,0.1173202971488486,-1.4190702262422557,1.3132773909420936,0.0,3.8628233763036177,0.0,0.0,0.0,0.1672287211356851,0.7061851148923257,0.2534419333102657,0.0847910193139584,0.5833189250928676,0.0,5.958260773882448,0.0068848471290102,0.0216234284928724,-2.456237756431025,984368000.0,-585782000.0,-1718456000.0,14663407000.0,652410000.0,182733000.0,40845500.0,50.92686437579967,56.79908999342279,11.793227695465538,1.7672401610252642,1.5845324284318958,7.631498545101843,0.00943380652791,0.1194414465059294,2007-01-24,0.25,amc,,2025-04-25,2006-12-31,0.04,19.07190476190476,14741525.349206349
2006-09-30,GEN,USD,849399,2006-09-30,2006-09-30 00:00:00,2007,Q2,1262073000.0,304235000.0,957838000.0,0.7589402515,221906000,0.0,0.0,542917000.0,50479000.0,815302000.0,1119537000.0,0.0,0.0,197798000.0,349230000.0,0.2767114105,136316000.0,0.1080096001,42512000.0,178829000.0,0.1416946563,55395000.0,123434000.0,0.0978025835,0.13,0.12,966757000,987916000,,,1.3054707646285468,0.1276784134999798,0.2692196694722665,0.1936598338569051,3.055807198706604,12.641542807551431,-0.5391727186873226,12.641542807551431,2.172210803749029,20572588960.0,20064802960.0,41.6671844062414,16.30063313294873,79.04325876973913,109.883394900172,1.6833388395669855,1.6833388395669855,15.898290320765916,57.45440815508404,77.09226172820533,107.17118159190692,0.0059999254464276,0.0091005561022981,0.1718311472592932,0.118724270401197,-1.454015978008762,1.3955895083508068,0.0,2.10857624317449,0.0,0.0,0.0,0.1758265964013175,0.7204046824173822,0.2806623890575171,0.0578793778172894,0.3693060597174896,0.0,6.026290145840605,0.0063091193128063,0.0249588817618624,-2.142132149030211,1097643000.0,-521249000.0,-1594398000.0,14832010000.0,550303000.0,164391000.0,40685000.0,40.06486946476154,49.35645142735056,11.96637467746972,2.2463570005927047,1.8234698281028985,7.521074880719883,0.0100999075384779,0.0755598356153614,2006-10-25,0.27,amc,,2025-04-25,2006-09-30,-0.037037037037037,18.94761904761905,13598915.174603175
2006-06-30,GEN,USD,849399,2006-06-30,2006-06-30 00:00:00,2007,Q1,1259086000.0,300773000.0,958313000.0,0.7611179856,216262000,0.0,0.0,543918000.0,50614000.0,810794000.0,1111567000.0,0.0,5560000.0,193244000.0,364206000.0,0.2892622108,134261000.0,0.106633701,11145000.0,155217000.0,0.1232775204,60426000.0,94791000.0,0.0752855643,0.0921,0.0904,1028820000,1048833000,,,1.22381563344414,0.0921356505511168,0.3438628720281487,0.2149384732023094,3.984561925312494,12.575346513481463,0.0572451935226764,12.575346513481463,2.550261464590502,15987862800.0,14920545800.0,42.1660885527107,12.697991082420105,45.19243356615683,72.29975987301759,1.2357512362255991,1.2357512362255991,11.850299185282022,40.96732563439373,42.17547919145893,67.47317587153432,0.0059289350418994,0.0138313045818731,0.2023687547960359,0.1378817784084676,-2.9305310730740297,1.464751873386885,24.1476618705036,3.732137017227374,0.0,0.0,0.0,0.1717611028952748,0.6782376873946974,0.3749296865504151,0.1053462591117683,0.6863861232431537,0.0,5.105815210945261,0.0050956580482017,0.0155144358510459,-1.4842491883905833,1587657000.0,58895000.0,-1047167000.0,15501768000.0,604856000.0,164536500.0,44803000.0,38.51186495600777,48.456543639222936,12.244150904502732,2.336942137255812,1.857334288431375,7.350448446931743,0.0073266888075284,0.1289243988258393,2006-07-26,0.21,amc,,2025-04-25,2006-06-30,0.1428571428571428,17.92639344262295,17801848.704918034
2006-03-31,GEN,USD,849399,2006-03-31,2006-03-31 00:00:00,2006,Q4,1238560000.0,508675000.0,729885000.0,0.5893012854,198549000,0.0,0.0,548567000.0,6505000.0,753621000.0,1262296000.0,0.0,0.0,166204000.0,142468000.0,0.1150271283,180333000.0,0.1455989213,17858000.0,198191000.0,0.1600172781,79378000.0,118813000.0,0.0959283361,0.12,0.11,1028820000,1048833000,,,1.2038646216053344,0.1154847300791197,0.4734005948562431,0.4032775412608619,2.785523220777201,13.285580568029394,0.6396084835053751,13.285580568029394,0.4984351004062907,17315040600.0,15512218600.0,36.43338818142795,13.97997723162382,35.551286126099484,41.73304555314534,1.2667869434701216,1.2667869434701216,12.524398172070793,108.88212510879636,31.84972733469666,37.38784912026995,0.0068618377943624,0.0239618265752146,0.0375169980607194,0.0286269614953411,-12.654224106466014,1.1237546250007548,0.0,4.099248398744245,0.0,0.0,0.0,0.1603063234724195,0.7263046997286858,0.1481262473205706,0.0582482883348404,0.4340689754759211,0.0,5.875486186816683,0.0072320274380892,0.0242339305622921,-0.8275147742073443,430365000.0,658042000.0,-336780000.0,14387011000.0,684002000.0,178361000.0,42518000.0,48.75365747319468,29.57123900329287,8.614203568093577,1.8460153486840043,3.043497771262752,10.447860825271633,0.0086924865261081,0.0701230535953811,2006-05-09,0.25,amc,,2025-04-25,2006-03-31,0.04,20.72,14100490.888888888
2005-12-31,GEN,USD,849399,2005-12-31,2005-12-31 00:00:00,2006,Q3,1149026000.0,183442000.0,965584000.0,0.8403500008,187533000,0.0,0.0,494847000.0,62941000.0,745321000.0,928763000.0,0.0,102671000.0,190360000.0,421397000.0,0.3667427891,119661000.0,0.1041412466,15682000.0,135343000.0,0.1177893277,44609000.0,90734000.0,0.0789660112,0.0849,0.0827,1069123000,1096609000,,,1.0747369573005163,0.0848676906211913,0.3514516103385672,0.2387012532702037,2.655952589178233,12.722501526952463,0.7687600023570721,12.722501526952463,0.5706275143271635,18709652500.0,17377807500.0,51.55083127603765,16.28305408232712,49.79348361255639,73.313398066622,1.375515653342738,1.375515653342738,15.123946281459252,41.238564821296784,46.248938774967066,68.09459014659033,0.0048495823212109,0.0136400716154402,0.0373035598873953,0.0287041750771389,-3.1605469426692645,1.23122141511551,1.165480028440358,4.141170895144048,0.0,0.0,0.0,0.163210406030847,0.722979762651433,0.3208133175424822,0.1049097235397632,0.6332422777894515,0.0,4.928885247105407,0.0053519118709839,0.0185290506082378,-0.6495391549896504,738773000.0,821899000.0,-141090000.0,14444605000.0,570593500.0,176137500.0,25186500.0,54.59931280928369,93.01484938018557,17.833484153029296,1.6483723946191686,0.9675874400670932,5.046686291232221,0.0066706763949998,0.1127503570683635,2006-01-31,0.25,amc,,2025-04-25,2005-12-31,0.04,17.864126984126987,15389817.047619049
2005-09-30,GEN,USD,849399,2005-09-30,2005-09-30 00:00:00,2006,Q2,1055864000.0,183970000.0,871894000.0,0.8257635453,187313000,0.0,0.0,461053000.0,66951000.0,715317000.0,899287000.0,0.0,673169000.0,236672000.0,382475000.0,0.3622388868,-258347000.0,-0.2446782919,32460000.0,-225887000.0,-0.2139356963,25441000.0,-251328000.0,-0.2380306555,-0.21,-0.21,1172130000,1172130000,,,0.9008079308609114,-0.2144199022292749,0.3944809876037641,0.3482770682432836,3.7822869476935153,12.872646378814636,2.016626142151468,12.872646378814636,1.0025927158250365,26560465800.0,25256059800.0,-26.42012211134454,25.15519593432488,57.44256557875181,65.0631410052275,1.76032179655716,1.76032179655716,23.91980387625679,66.03323040721615,54.62151463180956,61.867837423388025,-0.0094624846526599,0.0153696852711069,0.0332705589023101,0.0266067227450166,-3.41043466893261,1.806916972713658,-0.383777327832981,-1.839759199134199,0.0,0.0,0.0,0.1774025821507315,0.6744256710989297,0.1171258458896629,0.0512916436207693,0.2288272376960519,0.0,,-0.0174496084994845,-0.0409146073945768,0.8484016278057894,2337327000.0,2363748000.0,1454944000.0,15925210000.0,342684000.0,125323500.0,14685000.0,37.85601175909019,79.58862858074687,6.860683807142469,2.377429523552193,1.130814811172305,13.118225898459784,-0.0166570179836649,0.0462039193604804,2005-11-01,0.2,amc,,2025-04-25,2005-09-30,0.15,16.277460317460317,13691451.015873017
2005-06-30,GEN,USD,849399,2005-06-30,2005-06-30 00:00:00,2006,Q1,699942000.0,105782000.0,594160000.0,0.848870335,91233000,0.0,0.0,241497000.0,14625000.0,347355000.0,453137000.0,0.0,5304000.0,30380000.0,266172000.0,0.380277223,232318000.0,0.3319103583,22758000.0,255076000.0,0.3644244809,56443000.0,198633000.0,0.2837849422,0.28,0.27,711324000,737211000,,,0.98399885284343,0.2792440575602679,0.2976477666998442,0.258880622613605,4.711142882849447,5.509001523918776,3.538532370621545,5.509001523918776,0.007456517705012,15464183759.999998,14515799759.999998,19.463261089547053,22.09352169179732,73.03935198654852,83.97693029519733,3.9462686487941743,3.9462686487941743,20.73857513908295,54.53541228979757,68.56001095766186,78.8268119121576,0.0128447128592579,0.011908032318933,0.0,0.0,-3.563049456742257,2.3624462776948416,43.80052790346908,1.065905463845383,0.0,0.0,0.0,0.1303436570458695,0.2452970821617347,0.1302450359902514,0.0393975500827211,0.9077024358130348,0.0,5.883282129858087,0.044019985394267,0.0460607125887872,2.4523058409388687,2185793000.0,2517043000.0,1994734000.0,3969921000.0,263286500.0,81322000.0,17232000.0,31.020170242677253,74.83607797167761,13.05647463651661,2.9013380421806607,1.202628497368092,6.893131760719406,0.050688687659253,0.0387671440862391,2005-07-28,0.24,amc,,2025-04-25,2005-06-30,0.1250000000000001,17.23677419354839,16448898.596774194
2005-03-31,GEN,USD,849399,2005-03-31,2005-03-31 00:00:00,2005,Q4,712678000.0,72237000.0,640441000.0,0.898640059,90277000,0.0,0.0,260975000.0,8473000.0,359725000.0,431962000.0,0.0,47091000.0,43499000.0,334214000.0,0.4689551242,231822000.0,0.3252829469,16670000.0,248492000.0,0.3486735945,128810000.0,119682000.0,0.1679327831,0.17,0.16,711324000,737211000,,,1.0019034926418904,0.1682524419251986,0.4979137495712221,0.4625936985115081,4.507913412172231,5.209233766891037,3.067353273613712,5.209233766891037,0.0662018995563203,15172540919.999998,14081107919.999998,31.693447886900284,21.289475639769996,42.83874469899315,46.10957751615235,4.094652103265107,4.094652103265107,19.75802244491902,42.13201098697241,39.75715013354866,42.79269639633616,0.0078880657255132,0.0216874682846464,0.0,0.0,-3.265671096961827,2.16827285698077,4.922851500286679,2.9593255460303136,0.0,0.0,0.0,0.1266729153979777,0.2713770975528038,0.0709360829865209,0.035252947333859,0.5775764960114026,0.0,4.440776034812936,0.0285324622888395,0.0292574529720215,2.138788723563384,1987259000.0,2181882000.0,1779514000.0,3893519000.0,304906500.0,78779500.0,20501000.0,36.03205094025633,93.04996054653432,23.81909547738693,2.4977762200998863,0.9672223338019684,3.778481012658228,0.0322988849136664,0.0353200510597139,2005-05-04,0.24,amc,,2025-04-25,2005-03-31,0.0416666666666667,19.613968253968256,17957435.126984127
2004-12-31,GEN,USD,849399,2004-12-31,2004-12-31 00:00:00,2005,Q3,695224000.0,121498000.0,573726000.0,0.8252390596,85289000,0.0,0.0,256487000.0,2663000.0,344439000.0,465937000.0,0.0,0.0,27590000.0,256877000.0,0.3694881074,228069000.0,0.328051103,11613000.0,239682000.0,0.3447550717,76105000.0,163577000.0,0.2352867565,0.24,0.22,679032000,742446000,,,1.0238457097750917,0.2408973362080137,0.5654873408027898,0.5251770166943531,4.335586540840491,5.323279315260548,3.096831960791244,5.323279315260548,0.0,17491864320.0,16834574320.0,26.73337987614396,25.16004096521409,45.553628067836165,49.05012820656624,4.839122366950076,4.839122366950076,24.21460467417696,65.5355454945363,43.8418640360015,47.20697654593789,0.0093516046664601,0.0203873065486938,0.0,0.0,-2.558773265025674,2.108525187533386,0.0,2.3474204808744505,0.0,0.0,0.0,0.1226784460835644,0.2777001913078458,0.0712842201758406,0.0393714831478775,0.992098586444364,0.0,5.371516141285756,0.0411181543821096,0.0415985551370249,2.0159315024917825,1838642000.0,2102848000.0,1667852000.0,3736563000.0,326327000.0,86548000.0,21285500.0,42.00648999459168,61.38915866927851,16.21063721213518,2.1425260718424104,1.46605690566402,5.551910071284957,0.045253559308342,0.0403103241084367,2005-01-19,0.22,amc,,2025-04-25,2004-12-31,0.0909090909090908,21.9784375,14859879.28125
2004-09-30,GEN,USD,849399,2004-09-30,2004-09-30 00:00:00,2005,Q2,618313000.0,109219000.0,509094000.0,0.82335969,83816000,0.0,0.0,229464000.0,1781000.0,315061000.0,424280000.0,0.0,0.0,33015000.0,227048000.0,0.3672056062,192117000.0,0.3107115652,5432000.0,197549000.0,0.3194967597,61926000.0,135623000.0,0.2193436011,0.22,0.18,629730000,736538000,,,0.9818700077811126,0.2153669032760072,0.3806567894176869,0.3486954726628872,4.0412192526956,4.367633747796675,1.977034602131072,4.367633747796675,0.95266701602274,17279791200.0,17291140200.0,31.85261939346571,27.94667296336969,72.08593347823005,78.69330734479743,6.282578069610934,6.282578069610934,27.96502774484767,76.15632024946267,72.13327798891164,78.74499143835617,0.0078486480785716,0.0127075609571023,0.2181197121904575,0.1201706000547647,0.0499850251929107,2.0815377847824563,0.0,1.767480442107902,0.0,0.0,0.0,0.1355559401144727,0.3015531439562154,0.0839636061757699,0.0325514747385224,0.609631985461154,0.0,4.600487418241887,0.0375757505321741,0.0388957990196823,0.8884982452797231,1603038000.0,1244998000.0,843391000.0,3481681000.0,289184000.0,81984000.0,17717000.0,47.76697239100585,74.34585557457952,17.04675926349811,1.8841470475308228,1.2105584003901488,5.279595881471455,0.0493097442945284,0.0319613167547996,2004-10-20,0.19,amc,,2025-04-25,2004-09-30,0.1052631578947368,20.6978125,15306851.9375
2004-06-30,GEN,USD,849399,2004-06-30,2004-06-30 00:00:00,2005,Q1,556634000.0,100261000.0,456373000.0,0.8198798492,72884000,0.0,0.0,212217000.0,892000.0,285993000.0,386254000.0,0.0,0.0,27854000.0,209484000.0,0.3763406475,167258000.0,0.3004811061,5147000.0,117277000.0,0.2106896093,55128000.0,117277000.0,0.2106896093,0.19,0.16,624520000,735852000,,,0.8912989175686927,0.1877874207391276,0.3676199321078588,0.3373358739511945,3.744840837763402,4.11544386088516,1.7279814897841543,4.11544386088516,0.9606994171523732,13670742800.0,13765946800.0,29.141994593995413,24.559661824466342,59.5451935222531,64.89081562421383,5.318988847849779,5.318988847849779,24.73069701096232,65.7135953103817,59.95987037537133,65.34271976000721,0.0085786852781693,0.0154105013225762,0.2334376192768046,0.1281058640883333,0.4544690763972427,2.053857634444794,0.0,1.9576387526966077,0.0,0.0,0.0,0.1309370250469788,0.3183596498214239,0.0823787164722587,0.0339774429876723,0.6790048107991671,0.0,4.1699692116641325,0.0266281329314628,0.0367360695848072,0.6733026964708897,1427760000.0,1079159000.0,669292000.0,3298057000.0,254677000.0,72700000.0,14940500.0,40.45419431798992,66.1986215976302,13.237749473873192,2.224738411363618,1.3595449244704798,6.798738726520648,0.0456299313237959,0.0302840581566643,2004-07-21,0.17,amc,,2025-04-25,2004-06-30,0.0588235294117645,22.34196721311476,18916936.426229507
2004-03-31,GEN,USD,849399,2004-03-31,2004-03-31 00:00:00,2004,Q4,556435000.0,97558000.0,458877000.0,0.8246731424,70198000,0.0,0.0,221404000.0,779000.0,292381000.0,389939000.0,0.0,0.0,32768000.0,199264000.0,0.3581083145,164923000.0,0.2963922111,6301000.0,171224000.0,0.3077160854,54295000.0,116929000.0,0.2101395491,0.19,0.16,624520000,735852000,,,0.8909802728495485,0.1872301927880612,0.5374943956958944,0.5905895727919042,3.859493691154807,3.88491641580734,1.96072343559854,3.88491641580734,0.960717030679562,14457638000.0,12647294000.0,30.91114693531972,25.982617915839228,43.07021651830932,39.19811839982648,5.95894416307258,5.95894416307258,22.729148957200756,63.47003974626626,37.67708742954515,34.289842341426386,0.0080876973126592,0.0255114286303198,0.247294131418246,0.1346319464296853,-9.085153364380922,2.208271693187469,0.0,2.870767730845214,0.0,0.0,0.0,0.1261566939534716,0.2696505193091077,0.0987827547992707,0.0595918660760016,1.011932373046875,0.0,4.045479837260968,0.0355347956342418,0.0359250842063769,0.931870876833408,1555094000.0,1224511000.0,811844000.0,3135158000.0,243054000.0,71346500.0,14999500.0,41.91627054372928,66.10283113634966,13.961540826995224,2.147137587207508,1.3615150584754514,6.446279899563896,0.0481941366939685,0.0530951770960097,2004-04-28,0.17,amc,,2025-04-25,2004-03-31,0.0588235294117645,29.11078125,14414793.578125
2003-12-31,GEN,USD,849399,2003-12-31,2003-12-31 00:00:00,2004,Q3,493905000.0,87608000.0,406297000.0,0.8226217592,61885000,0.0,0.0,188726000.0,628000.0,251239000.0,338847000.0,0.0,0.0,20914000.0,171613000.0,0.3474615564,153584000.0,0.3109585852,9726000.0,163310000.0,0.3306506312,51834000.0,111476000.0,0.2257033235,0.18,0.15,616970000,724358000,,,0.8005332512115662,0.1806830153816231,0.4789568374475258,0.3480785127315753,3.676934048657147,3.8117250433570513,1.9964568779681344,3.8117250433570513,0.9724832649885732,10642732500.0,8974167500.0,23.8677663802074,21.54813678743888,36.01577146685978,49.55778472112277,4.525510052217101,4.525510052217101,18.169825168807765,52.29305180842943,30.369227619440817,41.78812734570718,0.0104743777032824,0.0201784645061782,0.2551294371778953,0.143506483100599,-9.722835682611455,2.1725617841482574,0.0,2.650812730991424,0.0,0.0,0.0,0.1252973750012654,0.2678737616142945,0.2732570337933415,0.1634889300573997,3.8609543846227408,0.0,3.9365040873072266,0.0354542210210136,0.036418390052078,1.0000170186556885,1435191000.0,1231754000.0,829943000.0,2924734000.0,225955000.0,75545500.0,13226000.0,41.35621222704771,72.97860925942837,15.270865674367638,2.176214772907524,1.233238080490998,5.893575512949882,0.0474019015869236,0.1308783247159505,2004-01-21,0.15,amc,,2025-04-25,2003-12-31,0.1333333333333334,23.42921875,8237600.5625
2003-09-30,GEN,USD,849399,2003-09-30,2003-09-30 00:00:00,2004,Q2,428665000.0,74810000.0,353855000.0,0.8254814366,59596000,0.0,0.0,176879000.0,756000.0,237231000.0,312041000.0,0.0,0.0,34916000.0,149711000.0,0.3492494139,115622000.0,0.2697257765,6347000.0,121969000.0,0.2845322105,38536000.0,83433000.0,0.1946345048,0.14,0.12,609700000,713660000,,,0.7030752829260292,0.1368427095292766,0.2623126127603739,0.1952878464818763,3.323880597014925,3.483875676562244,1.894136460554371,3.483875676562244,0.9840790552730851,9633260000.0,8206683000.0,28.86525715244568,22.472700127138907,60.23347422654629,80.90621246861011,4.535179055410738,4.535179055410738,19.14474706355779,54.81683376638991,51.3135770202336,68.92491622363879,0.0086609309828656,0.012359990283663,0.2824667544520811,0.1588207001904017,-9.528872293953016,2.2981744363830017,0.0,1.916891397888126,0.0,0.0,0.0,0.139026979109561,0.2565683052124767,0.2555148438086186,0.0953308527638132,1.1703803413907663,0.0,3.2751667458296203,0.028971023660093,0.0297069257054473,0.897813678858455,1360209000.0,1154855000.0,754313000.0,2694130000.0,177140500.0,73125500.0,7705500.0,47.2300281105292,96.30637615292072,13.939713941986366,1.905567360438134,0.9345175635836708,6.456373522050574,0.03927887279385,0.0670247662784976,2003-10-22,0.11,amc,,2025-04-25,2003-09-30,0.1818181818181818,22.975967741935484,10581775.838709677
2003-06-30,GEN,USD,849399,2003-06-30,2003-06-30 00:00:00,2004,Q1,391124000.0,67578000.0,323546000.0,0.8272210348,60605000,0.0,0.0,168209000.0,791000.0,229605000.0,297183000.0,0.0,21250000.0,28628000.0,122569000.0,0.3133763206,93373000.0,0.2387299169,-7654000.0,85719000.0,0.2191606754,26938000.0,58781000.0,0.1502873769,0.0981,0.084,598976000,699952000,,,0.6529877657869431,0.098135818463511,0.1861426835131958,0.1481511780104712,3.1863129741425364,3.2582874772945827,1.8672000213698048,3.2582874772945827,1.0371784512234212,6576756480.0,5268226480.0,27.97143838995594,16.815016414231803,58.98700820664604,74.11348426283821,3.3698683975905346,3.3698683975905346,13.46945337028666,42.98172033711624,47.25078685142832,59.36765661096023,0.0089376883846549,0.013492821312429,0.3074318161788366,0.1731204587961218,-10.675864207099677,2.3987797124158807,4.394023529411765,1.8967863765502453,0.0,0.0,0.0,0.1549508595739458,0.2404166928753989,0.2040988385129378,0.058181037215819,0.7948861254715663,0.0,2.682252959436998,0.0250284502983868,0.0223286425495092,0.8235759863500374,1269380000.0,1118408000.0,662741000.0,2444498000.0,139495500.0,66959500.0,4868000.0,29.75892555813502,88.16345556246117,5.092781674509456,3.0243027364742088,1.020831130379613,17.672071129707113,0.0301188336349606,0.0379915055027246,2003-07-23,0.1,amc,,2025-04-25,2003-06-30,0.0999999999999999,20.28790322580645,9626367.548387095
2003-03-31,GEN,USD,849399,2003-03-31,2003-03-31 00:00:00,2003,Q4,390039000.0,68225000.0,321814000.0,0.8250815944,54417000,0.0,0.0,167974000.0,793000.0,223184000.0,291409000.0,0.0,4145000.0,24963000.0,123593000.0,0.3168734409,91973000.0,0.2358046247,6587000.0,98560000.0,0.2526926795,30417000.0,68143000.0,0.1747081702,0.11,0.0974,598976000,699952000,,,0.6511763409552302,0.1137658270114328,0.3480256304092317,0.1180180841970296,2.847623277059515,2.94565892456459,1.4321191500160273,2.94565892456459,1.0086263890372904,5863975039.999999,4758315039.999999,21.513490160397986,15.034330002897144,28.130112108376228,82.95338859810438,3.3235348187662628,3.3235348187662628,12.199587836088185,38.49987491200957,22.82614346226356,67.31242099306832,0.0116206156293598,0.0120549626350387,0.3400618574580631,0.1837255376286465,-8.945975904784252,2.222325803913152,22.188902291917973,3.0591403372319976,0.0,0.0,0.0,0.1395168175490143,0.2776022512577586,0.6608925496140728,0.353218524301416,5.518928013459921,0.0,2.7459233022884515,0.0268182193018881,0.028884482416593,0.5334287183459772,1093522000.0,857805000.0,486795000.0,2333371000.0,172574500.0,71298500.0,8306000.0,34.53439271457469,89.33382191278858,7.798900696225724,2.6060976587556124,1.0074571766095688,11.54008795669824,0.0386215206596768,0.2300075462122021,2003-04-23,0.12,amc,,2025-04-25,2003-03-31,0.0,16.4703125,10963007.125
2002-12-31,GEN,USD,849399,2002-12-31,2002-12-31 00:00:00,2003,Q3,375635000.0,65280000.0,310355000.0,0.8262142772,50022000,0.0,0.0,158825000.0,793000.0,209640000.0,274920000.0,0.0,0.0,26086000.0,126801000.0,0.337564391,101157000.0,0.2692959921,3191000.0,104348000.0,0.2777909407,32616000.0,71732000.0,0.1909619711,0.12,0.1,580592000,683232000,,,0.6469861796235566,0.1235497561110039,0.3154848843938601,0.2912906137184115,2.462980888472456,2.7682245018877283,1.1950112988122468,2.7682245018877283,1.0334279494033676,5881396960.0,5051409960.0,20.49781464339486,15.657212347092257,32.10930380852551,34.776266460108445,3.6593852821879422,3.6593852821879422,13.44765519719941,39.83730380675231,27.578015592243187,29.868614542250818,0.0121964221234949,0.0287552432101097,0.373317969224911,0.1973131214541187,-6.545587179911831,2.1030708279177563,0.0,2.553504711983494,0.0,0.0,0.0,0.1331665047186764,0.3003746976176413,0.0766891596785464,0.0373953438843558,0.5384880778961896,0.0,2.774040896696824,0.03145559372215,0.0337172502193933,0.2554422899385455,915733000.0,693814000.0,312257000.0,2043011000.0,174806500.0,76851500.0,9486000.0,46.837089195628735,103.23115808823528,14.751838235294116,1.9215540834335112,0.8718298008734324,6.100934579439253,0.0446314076140688,0.0241942706754485,2003-01-15,0.1,amc,,2025-04-25,2002-12-31,0.1999999999999999,13.0328125,15063093.5625
2002-09-30,GEN,USD,849399,2002-09-30,2002-09-30 00:00:00,2003,Q2,325231000.0,61159000.0,264072000.0,0.8119521202,47344000,0.0,0.0,142150000.0,665000.0,190159000.0,251318000.0,0.0,0.0,23954000.0,97867000.0,0.3009153494,70392000.0,0.2164369325,6741000.0,77133000.0,0.237163739,25139000.0,51994000.0,0.1598679093,0.0899,0.0771,578148000,673956000,,,0.562539349785868,0.0899319897327328,0.1667427717470267,0.1353528854203421,2.0228038495333376,2.4852840449158347,1.0417090433591398,2.4852840449158347,1.0377965503642663,4862224680.0,5193296680.0,23.3787777435858,14.950065276680268,50.436968942553065,62.13388044061645,3.3839190402418606,3.3839190402418606,15.968024819282295,53.06483983365179,53.87125453828759,66.36461624964858,0.0106934589456281,0.0160942788847018,0.4175766357520764,0.2184233546987778,3.382876761318933,2.0432068197845266,0.0,1.854098549832673,0.0,0.0,0.0,0.1455703792073941,0.3038268863859999,0.1882533557395074,0.0558003388360888,0.75761876930784,0.0,2.242520263505248,0.0232349111911287,0.0271884097075915,-0.0361239682572628,735224000.0,602262000.0,129900000.0,1782610000.0,142914500.0,73870500.0,6848000.0,42.65128477912622,115.99829951438052,12.172860903546493,2.110135731340185,0.7758734427726892,7.393496131528046,0.0361857993321557,0.0313898863266845,2002-10-16,0.08,amc,,2025-04-25,2002-09-30,0.25,11.057460317460318,17922833.14285714
2002-06-30,GEN,USD,849399,2002-06-30,2002-06-30 00:00:00,2003,Q1,316041000.0,55452000.0,260589000.0,0.8245417525,45488000,0.0,0.0,130522000.0,536000.0,176546000.0,231998000.0,0.0,5261000.0,20725000.0,104768000.0,0.3315012926,77990000.0,0.2467717796,5600000.0,83590000.0,0.2644909996,27021000.0,56569000.0,0.1789925991,0.0983,0.0837,575652000,676108000,,,0.549013987617519,0.0982694405647856,0.1665520140640526,0.1241131794903865,2.6534295025466776,2.5094327823059763,1.4948354214004294,2.5094327823059763,1.05143558955758,4461303000.0,3533851000.0,19.71620056921636,14.116215934008562,46.532010096374485,62.4430059065588,3.0883473168300384,3.0883473168300384,11.181622004739893,33.73025160354307,36.85855688597772,49.46184530974442,0.012679927814811,0.0160146038052111,0.4153513872736335,0.2222361325579267,-8.852435858277337,2.6961443627665336,14.824177912944307,1.6948505365129312,0.0,0.0,0.0,0.1439306925367278,0.2163302073351998,0.2548082940464767,0.0773000971392952,1.1787696019300362,0.0,2.355528072890067,0.0257700541941266,0.0267367623037599,0.6491226470159055,1105457000.0,860505000.0,501933000.0,1893096000.0,110462000.0,69486000.0,6443500.0,37.504912337323326,111.850789872322,8.803289331313568,2.3996856515895857,0.804643401291446,10.223451327433628,0.0391600210444702,0.042438834573666,2002-07-17,0.08,amc,,2025-04-25,2002-06-30,0.25,11.177049180327868,24443920.393442623
2002-03-31,GEN,USD,849399,2002-03-31,2002-03-31 00:00:00,2002,Q4,310783000.0,56029000.0,254754000.0,0.8197166512,43774000,0.0,0.0,125965000.0,52588000.0,222327000.0,278356000.0,0.0,11968000.0,72672000.0,105099000.0,0.338174868,23422000.0,0.0753644826,6441000.0,29863000.0,0.0960895544,25084000.0,4779000.0,0.015377289,0.0083,0.0071,575652000,676108000,,,0.5398799969425973,0.0083018907256467,0.3601637795056736,0.2794535587472987,2.388684482986249,2.292836644361524,1.3861273825158256,2.292836644361524,1.0630867260080743,5981024280.0,5205973280.0,312.8805335844319,19.245017520263332,28.84798691934076,37.17970186736952,4.531504686803912,4.531504686803912,16.75115202568995,49.5339944243047,25.109720685480564,32.36177039560385,0.0007990270188302,0.0268963964145619,0.4545881582815355,0.2397501803121147,-7.3744850093721155,2.6987124804437244,1.9570521390374327,43.38334379577317,0.0,0.0,0.0,0.140850690031308,0.2085622781062133,0.224093108055313,0.1494965940865491,0.6393246367239102,0.0,0.654434705412296,0.0019486498202686,0.0024128369590681,0.4568224378617637,983721000.0,797927000.0,380090000.0,1691975000.0,121944000.0,71413500.0,9705000.0,25.838189347551182,112.5333309536133,11.9878991236681,3.483216211066653,0.7997630500877857,7.507570682031354,0.0036207946807124,0.0807102207583748,2002-04-24,0.09,amc,,2025-04-25,2002-03-31,0.1111111111111112,9.99703125,14814511.25
2001-12-31,GEN,USD,849399,2001-12-31,2001-12-31 00:00:00,2002,Q3,290247000.0,52565000.0,237682000.0,0.8188956303,40714000,0.0,0.0,125046000.0,49949000.0,215709000.0,268274000.0,0.0,6236000.0,71123000.0,93103000.0,0.3207716187,12596000.0,0.04339752,8164000.0,20760000.0,0.0715252871,20660000.0,100000.0,0.0003445341,0.0002,0.0002,558960000,588560000,,,0.5192625590382138,0.0001789036782596,0.3352476026907113,0.2468065693430657,2.1243344783168743,2.245060469443252,1.2245133819951337,2.245060469443252,1.0888059968512953,4633778400.0,4048723400.0,11584.446,15.964948474919638,24.72799188857463,33.5890573012939,3.6925508746122193,3.6925508746122193,13.949234272877929,43.48649774980398,21.60586690858637,29.348145409735057,2.1580660827457784e-05,0.0297716006445193,0.4800091481465839,0.2494414760024134,-6.283954330150478,2.6217294224199,2.019884541372675,1873.9,0.0,0.0,0.0,0.1402736290125307,0.2362240754797301,0.2638081007524414,0.1703204512019073,0.6950634815741743,0.0,0.0950637441810507,3.266872083516576e-05,5.4218115139758034e-05,0.2673576821239444,904252000.0,684454000.0,301889000.0,1626639000.0,148047000.0,67015500.0,9507500.0,47.9586352313719,124.59431180443262,20.45524588604585,1.8766172049267773,0.7223443726810499,4.399849334560978,7.96876880131389e-05,0.0884410333476456,2002-01-16,0.08,amc,,2025-04-25,2001-12-31,0.25,8.09515625,17158924.5
2001-09-30,GEN,USD,849399,2001-09-30,2001-09-30 00:00:00,2002,Q2,242372000.0,43895000.0,198477000.0,0.8188940967,40020000,0.0,0.0,115256000.0,49952000.0,205228000.0,249123000.0,0.0,0.0,63069000.0,56304000.0,0.2323040615,-6751000.0,-0.0278538775,11281000.0,4530000.0,0.0186902778,16342000.0,-11812000.0,-0.0487350024,-0.0203,-0.0203,583200000,583200000,,,0.4155898491083676,-0.0202537722908093,0.1070113168724279,0.078088134430727,0.8082887517146776,2.1188031550068587,1.0473731138545954,2.1188031550068587,0.0040517832647462,2536920000.0,2067889000.0,-53.69370132069082,10.467050649414947,40.64990626351968,55.70628664280538,2.0530458385058985,2.0530458385058985,8.531880745300612,36.727212986643934,33.1344677850951,45.407193517928896,-0.0046560396070826,0.0179512952714315,0.0019122981080954,0.001412678475455,-8.330331770389314,1.6595384898541388,0.0,-5.283525228581104,0.0,0.0,0.0,0.165118082946875,0.3735604937858288,0.2702815299075454,0.0695954978297823,0.267453106914649,0.0,,0.0142185565815039,-0.0112725950540678,0.2468737139917695,286675000.0,610828000.0,284312000.0,1030320000.0,128629000.0,58194000.0,4766000.0,52.51683362764676,125.60633329536392,14.49185556441508,1.7137362210013505,0.716524379295147,6.210384833050368,-0.0095590627392395,0.0289231824417009,2001-10-17,0.05,amc,,2025-04-25,2001-09-30,0.4000000000000001,8.6578125,15748659.0625
2001-06-30,GEN,USD,849399,2001-06-30,2001-06-30 00:00:00,2002,Q1,228036000.0,42121000.0,185915000.0,0.815287937,39471000,0.0,0.0,116108000.0,49516000.0,205095000.0,247216000.0,0.0,0.0,66003000.0,44885000.0,0.1968329562,-21226000.0,-0.0930817941,11571000.0,-9655000.0,-0.042339806,11563000.0,-21218000.0,-0.0930467119,-0.0362,-0.0362,586400000,586400000,,,0.3888744884038199,-0.0361834924965893,0.0922049795361528,0.0442974079126875,1.07362380627558,2.446157912687585,1.138613574351978,2.446157912687585,0.0040296725784447,3201744000.0,2574534000.0,-37.72438495616929,14.040519917907698,59.215890806192085,123.25777640899292,2.232071761058597,2.232071761058597,11.290033152660106,57.35844937061379,47.61571325528491,99.11202648598706,-0.0066270132777636,0.0081130783722871,0.0016473476865675,0.0012881848967816,-13.973710593739556,2.1362413035057624,0.0,-2.5482609105476484,0.0,0.0,0.0,0.1730910908803873,0.4179890141760305,0.5195768370045682,0.1231954603659071,0.4256321682347772,0.0,,-0.0324658688693413,-0.0198741125119424,0.5418481412005457,451740000.0,667683000.0,449377000.0,1327702000.0,116245000.0,60618000.0,4159500.0,45.7147555649108,117.7899385104817,5.264832268939483,1.9687297654300733,0.7640720518076441,17.09456168831169,-0.0147919691974565,0.0479075716234652,2001-07-18,0.05,amc,,2025-04-25,2001-06-30,0.1999999999999999,9.382666666666667,20614377.066666663
2001-03-31,GEN,USD,849399,2001-03-31,2001-03-31 00:00:00,2001,Q4,250606000.0,33296000.0,217310000.0,0.8671380573,40669000,0.0,0.0,124267000.0,22734000.0,187670000.0,220966000.0,0.0,63342000.0,70823000.0,100463000.0,0.4008802662,-28301000.0,-0.1129302571,15157000.0,-13144000.0,-0.052448864,14304000.0,-27448000.0,-0.1095265077,-0.0468,-0.0468,586400000,586400000,,,0.4273635743519782,-0.0468076398362892,0.1897578444747612,0.1433407230559345,0.9499096180081856,2.34737551159618,0.9527012278308322,2.34737551159618,0.1120480900409277,3066872000.0000005,2512208000.0000005,-27.933474205770917,12.237823515797707,27.56144292467243,36.48649098804355,2.228020175793552,2.228020175793552,10.024532533139672,25.006300827170207,22.57677444865827,29.887668788293382,-0.0089498355327512,0.0274074040259913,0.0017166714735405,0.0013189467849904,-5.521077411584365,1.894520942922148,-0.4467967541283824,-4.053993004954823,0.0,0.0,0.0,0.1622826269123644,0.4564889893340016,0.2446123982242033,0.1086127227600296,0.3843243014275023,0.0,,-0.0428611187776956,-0.0281881069357038,0.3962657742155525,369184000.0,558664000.0,366821000.0,1280240000.0,117162000.0,62791000.0,5245500.0,41.896403118839935,178.69443777030273,15.826225372417106,2.148155767565853,0.5036530578287374,5.686763450042698,-0.0199404141370038,0.0464171214188267,2001-04-25,0.08,amc,,2025-04-25,2001-03-31,0.0,7.3725,21279960.125
2000-12-31,GEN,USD,849399,2000-12-31,2000-12-31 00:00:00,2001,Q3,219294000.0,23759000.0,195535000.0,0.8916568625,31524000,0.0,0.0,98390000.0,19464000.0,149378000.0,173137000.0,0.0,28619000.0,19464000.0,65621000.0,0.2992375532,46157000.0,0.2104799949,-9911000.0,36246000.0,0.1652849599,22372000.0,13874000.0,0.0632666648,0.0275,0.0265,504568000,523872000,,,0.4346173360181383,0.0274967893326568,0.1833945077769498,0.166173835835804,1.4188454281682548,3.231080845396458,1.4720374657132438,3.231080845396458,0.0567198078356138,2119185600.0,1403281600.0,38.18627648839556,9.663673424717503,22.901449181390824,25.274737017866087,1.2998746243022756,1.2998746243022756,6.399087982343338,21.384642111519177,15.164873831523208,16.736416764067457,0.0065468546030135,0.0395651990085247,0.0,0.0,-10.9096783042014,2.535677145605908,1.6128096718962928,6.6696698861179184,0.0,0.0,0.0,0.1437522230430381,0.4454925325188663,0.093899605554655,0.0396226070936733,0.4464138923140156,0.0,1.4138592078985823,0.01082137948503,0.0125585201330982,0.8808807732555374,552294000.0,742743000.0,549931000.0,1516856000.0,105131000.0,56109000.0,3765500.0,48.28983009111057,225.2859968853908,17.561345174460204,1.863746462354351,0.3994922065475089,5.124892148403797,0.0085100901674538,0.0172206719411456,2001-01-17,0.09,amc,,2025-04-25,2000-12-31,0.1111111111111112,5.353728813559322,15075577.491525425
2000-09-30,GEN,USD,849399,2000-09-30,2000-09-30 00:00:00,2001,Q2,192296000.0,17558000.0,174738000.0,0.9086928485,28711000,0.0,0.0,85072000.0,14532000.0,128315000.0,145873000.0,0.0,0.0,14532000.0,60955000.0,0.3169852727,46423000.0,0.241414278,12949000.0,59372000.0,0.3087531722,20259000.0,39113000.0,0.2033999667,0.0801,0.0765,488088000,511584000,,,0.3939781350903935,0.0801351395649964,0.0559550736752388,0.0211990460736588,1.0404455753880448,1.4190945075478192,1.209888380783793,1.4190945075478192,0.0,2684484000.0,2176655000.0,17.158515071715286,13.960165578067146,98.29314195745305,259.44563641635256,3.875710864038184,3.875710864038184,11.319294213088156,35.709211713559185,79.69883929552195,210.3658065139654,0.0145700253754539,0.0038543720133925,0.0,0.0,-8.331211549503733,2.411529915971816,0.0,0.6982588909058369,0.0,0.0,0.0,0.1493062778216915,0.1048419223945327,0.6211416645307751,0.0882181636643508,1.1673548031929537,0.0,1.5995890314111776,0.0439810982468635,0.0448625380086506,0.6093506703709167,393248000.0,590532000.0,390536000.0,556557000.0,72442000.0,50508000.0,2713500.0,43.33896700919416,270.3639366670464,14.839389452101608,2.076653095605784,0.3328846336145606,6.064939550949914,0.0564692056369587,0.03475602760158,2000-10-18,0.08,amc,,2025-04-25,2000-09-30,0.1249999999999999,7.379047619047619,15745381.968253968
2000-06-30,GEN,USD,849399,2000-06-30,2000-06-30 00:00:00,2001,Q1,191358000.0,17270000.0,174088000.0,0.9097503109,25769000,0.0,0.0,86976000.0,16022000.0,128767000.0,146037000.0,0.0,0.0,16022000.0,61343000.0,0.3205666865,45321000.0,0.2368388048,12985000.0,58306000.0,0.3046959103,19909000.0,38397000.0,0.2006553162,0.0793,0.0747,483984000,513984000,,,0.3953808390360012,0.079335267281563,0.192987784720156,0.1758384574696684,1.080453072828854,1.3640182320076697,1.1381946510628451,1.3640182320076697,0.0043472511487983,3262052160.0,2741234160.0,21.23897804515978,17.046855422820055,34.92449021980022,38.33063652280178,4.9412829255805,4.9412829255805,14.325161007117549,44.68699215884453,29.348459471323192,32.2107817585749,0.0117708111693713,0.0260887919094463,0.0031870916728141,0.0022640234408206,-8.490259687331887,2.423456854844749,0.0,2.4325598354038074,0.0,0.0,0.0,0.1346638238275901,0.1176076245078385,0.0888622421121377,0.0433741991450579,0.5180376981650231,0.0,1.560394789083264,0.0450661454697608,0.0468242392905573,0.6079658625078515,380137000.0,550868000.0,378033000.0,541998000.0,49775500.0,45650500.0,4103500.0,24.5908193020412,251.55703532136656,13.195136074116968,3.659902457683848,0.3577717470116633,6.820695102685624,0.0581629082514469,0.0171493272504876,2000-07-19,0.08,amc,,2025-04-25,2000-06-30,0.0,5.745645161290323,12222334.322580645
2000-03-31,GEN,USD,849399,2000-03-31,2000-03-31 00:00:00,2000,Q4,187225000.0,22360000.0,164865000.0,0.8805715049,24825000,0.0,0.0,87505000.0,11314000.0,123644000.0,146004000.0,0.0,0.0,11314000.0,52535000.0,0.2805982107,41221000.0,0.2201682468,6270000.0,47491000.0,0.2536573641,15943000.0,31548000.0,0.1685031379,0.0652,0.0614,483984000,513984000,,,0.3868413005388608,0.0651839730239016,0.1021190783166385,0.0912612813646732,0.891661707825052,1.276812869846937,1.0349825614069887,1.276812869846937,0.0032087837614466,4544609760.0,4114612760.0,36.013453784709014,24.273519882494323,91.95147620589188,102.89138898322352,7.354249179150007,7.354249179150007,21.976834076645748,78.32136213952603,83.25131029459372,93.1561221671308,0.0069418501622898,0.0097189863008171,0.0025131198449083,0.0018356388153096,-8.184962406015037,2.408371115633705,0.0,1.5666286293901357,0.0,0.0,0.0,0.1325944718921084,0.1383431025250967,0.106324862415021,0.0280678328214714,0.4644687997171646,0.0,1.3684385453702868,0.0442008600642227,0.0432766106298483,0.4995351085986313,319020000.0,500915000.0,317467000.0,487967000.0,46483000.0,42565000.0,6687500.0,22.72100413940446,173.19767441860466,22.842128801431127,3.961092540092244,0.5196374622356495,3.940088105726872,0.0510520958578024,0.0108577969519653,2000-04-19,0.07,amc,,2025-04-25,2000-03-31,0.1428571428571427,4.693015873015873,11455770.285714284
1999-12-31,GEN,USD,849399,1999-12-31,1999-12-31 00:00:00,2000,Q3,200800000.0,24300000.0,176500000.0,0.8789840637,28700000,0.0,0.0,93300000.0,11100000.0,133100000.0,157400000.0,0.0,0.0,11100000.0,54500000.0,0.2714143426,43400000.0,0.2161354582,91800000.0,135200000.0,0.6733067729,46200000.0,89000000.0,0.4432270916,0.19,0.18,467200000,504160000,,,0.4297945205479452,0.1904965753424657,0.1812928082191781,0.2555650684931507,0.8657962328767124,1.2007705479452055,0.986943493150685,1.2007705479452055,0.0021404109589041,3424576000.0,3021076000.0,9.619595505617978,17.054661354581672,40.43182998819362,28.681541038525964,6.104413547237076,6.104413547237076,15.04519920318725,55.4325871559633,35.667957497048405,25.30214405360134,0.0259886187370348,0.0348656300809209,0.0017825311942959,0.0012619888944977,-7.403669724770643,2.220486111111111,0.0,0.9516853932584268,0.0,0.0,0.0,0.1429282868525896,0.126072690560323,0.409681227863046,0.172808764940239,3.126126126126126,0.0,2.268636206182538,0.0508354566320621,0.1285198555956678,0.4521083047945205,281200000.0,461100000.0,280200000.0,436000000.0,63600000.0,44750000.0,7100000.0,20.483067729083665,155.92592592592592,28.51851851851852,4.393873085339169,0.5771971496437055,3.155844155844156,0.1586452762923351,0.0742722602739726,2000-01-19,0.06,amc,,2025-04-25,1999-12-31,0.1666666666666668,6.21063492063492,10945561.777777778
1999-09-30,GEN,USD,849399,1999-09-30,1999-09-30 00:00:00,2000,Q2,182500000.0,19800000.0,162700000.0,0.8915068493,28500000,0.0,0.0,85900000.0,16200000.0,130600000.0,150400000.0,0.0,0.0,16200000.0,48300000.0,0.2646575342,32100000.0,0.175890411,7000000.0,39100000.0,0.2142465753,13300000.0,25800000.0,0.141369863,0.0565,0.0534,456272000,483160000,,,0.3999807132587579,0.056545218641512,0.0740786197706631,-0.0372584773994459,0.4609092821825578,0.9069151734053372,0.6042448364133675,0.9069151734053372,0.0019725076270294,2053224000.0,1843824000.0,19.89558139534884,11.250542465753425,60.74627218934911,-120.77788235294118,4.961875302078299,4.961875302078299,10.103145205479452,38.1744099378882,54.55100591715976,-108.46023529411764,0.0125656041425582,-0.0082796616443213,0.0021749637506041,0.0014485755673587,-4.3354037267080745,1.6360116166505323,0.0,1.305019305019305,0.0,0.0,0.0,0.1561643835616438,0.2222758731691614,1.5029585798816567,0.2783561643835616,3.135802469135802,0.0,1.0741688076433642,0.0510756550971737,0.0533940397350993,0.1472257776063401,131400000.0,275700000.0,130500000.0,325600000.0,70950000.0,43600000.0,6450000.0,40.19178082191781,215.45454545454547,29.545454545454547,2.239263803680981,0.4177215189873418,3.046153846153846,0.0623489608506524,0.111337097170109,1999-10-20,0.05,amc,,2025-04-25,1999-09-30,0.1999999999999999,7.745873015873016,7005155.301587301
1999-06-30,GEN,USD,849399,1999-06-30,1999-06-30 00:00:00,2000,Q1,175100000.0,22700000.0,152400000.0,0.8703597944,27600000,0.0,0.0,82300000.0,12000000.0,121900000.0,144600000.0,0.0,0.0,12000000.0,42500000.0,0.2427184466,30500000.0,0.1741861793,4900000.0,35400000.0,0.2021701885,11700000.0,23700000.0,0.1353512279,0.0525,0.0513,451428571,462439024,,,0.3878797472036833,0.0525000000498417,0.1247151899918182,0.1089873418756209,0.4419303801663896,0.797689874175022,0.6448417727640903,0.797689874175022,0.0024367088630728,1440057141.49,1241657141.49,15.190476176054853,8.224198409423186,25.57827960017762,29.269454095325205,3.999047879727853,3.999047879727853,7.091131590462592,29.21546215270588,22.05430091456483,25.23693377012195,0.016457680266408,0.0341653109327965,0.0030547070258261,0.0019448373408769,-4.668235294117647,1.5934442270058709,0.0,2.3755274261603376,0.0,0.0,0.0,0.1576242147344374,0.1219943422913719,0.1261101243339254,0.0405482581382067,0.5916666666666667,0.0,0.9707065286500376,0.056532368564296,0.0477245267821184,0.0941455697096318,121300000.0,291100000.0,120200000.0,244100000.0,68393000.0,42831000.0,6400000.0,31.0451170759566,157.79735682819384,25.37444933920705,2.8990066225165565,0.5703517587939698,3.546875,0.0658150513746181,0.0157278481161973,1999-07-21,0.06,amc,,2025-04-25,1999-06-30,0.0,8.04015873015873,8081332.952380952
1999-03-31,GEN,USD,849399,1999-03-31,1999-03-31 00:00:00,1999,Q4,175700000.0,23300000.0,152400000.0,0.8673875925,26500000,0.0,0.0,80300000.0,11300000.0,118100000.0,141400000.0,0.0,0.0,11300000.0,45600000.0,0.2595332954,34300000.0,0.1952191235,16100000.0,50400000.0,0.2868525896,13400000.0,37000000.0,0.2105862265,0.082,0.08,451428571,462439024,,,0.3892088611289958,0.0819620253942677,0.0832911393195802,-0.1076582279503084,0.3409177218426434,0.7644620260422108,0.5176898739091993,0.7644620260422108,0.0033227848132811,957028570.52,804628570.5200001,6.46640926027027,5.44694690108139,25.45288751382979,-19.691945895473253,2.7731920328020863,2.7731920328020863,4.579559308594195,17.645363388596493,21.39969602446809,-16.55614342633745,0.0386613327331451,-0.0507821829954285,0.0043465662126919,0.0026619343389529,-3.3421052631578947,1.4591977869986168,0.0,1.0162162162162165,0.0,0.0,0.0,0.1508252703471827,0.1976929902395741,2.292553191489361,0.4906089926010245,7.628318584070796,0.0,1.187341256676893,0.0726501891389369,0.081840300818403,-0.0088840189957759,99600000.0,233700000.0,98100000.0,263900000.0,68993000.0,47031000.0,6650000.0,39.127717700626064,177.14935622317597,24.721030042918457,2.300159715131045,0.5080458767607169,3.640625,0.1072152999130686,0.1909493672698886,1999-04-15,0.05,amc,,2025-04-25,1999-03-31,0.1999999999999999,6.08859375,8720024.875
1998-12-31,GEN,USD,849399,1998-12-31,1998-12-31 00:00:00,1999,Q3,165100000.0,16500000.0,148600000.0,0.9000605694,24400000,0.0,0.0,81600000.0,10100000.0,116100000.0,132600000.0,0.0,9600000.0,10100000.0,32700000.0,0.1980617807,32500000.0,0.1968503937,-5600000.0,27400000.0,0.1659600242,11200000.0,16200000.0,0.0981223501,0.0369,0.0357,438620690,454285714,,,0.3764072324084849,0.0369339622351148,0.0989465408027149,0.085723270372859,0.3424371066490274,0.6328930812634488,0.5255110058761706,0.6328930812634488,0.1114858489689576,1193048276.8000002,1082148276.8000002,18.41123883950617,7.226216092065416,27.48959163133641,31.73000736170213,4.297724340057638,4.297724340057638,6.554501979406422,33.09321947400612,24.934292092165904,28.78053927659575,0.0135786625864392,0.0315159082253158,0.1415706051873199,0.0777755788640411,-3.3914373088685017,1.318656377666818,3.3854166666666665,2.6790123456790123,0.0,0.0,0.0,0.1477892186553603,0.0932119532950722,0.1336405529953917,0.035130224106602,0.5742574257425742,0.0,0.7252193503696778,0.0603686096988793,0.0353557398515931,-0.0634944968054288,70200000.0,230500000.0,62800000.0,171100000.0,64400000.0,43600000.0,5700000.0,33.579648697758934,262.9090909090909,37.63636363636363,2.680194805194805,0.3423236514522821,2.391304347826087,0.05835734870317,0.0132232704298559,1999-01-14,0.05,amc,,2025-04-25,1998-12-31,0.0,3.80265625,6950449.75
1998-09-30,GEN,USD,849399,1998-09-30,1998-09-30 00:00:00,1999,Q2,140100000.0,13800000.0,126300000.0,0.9014989293,25800000,0.0,0.0,80900000.0,7700000.0,114400000.0,128200000.0,0.0,13500000.0,7700000.0,4800000.0,0.034261242,11900000.0,0.0849393291,-7500000.0,5000000.0,0.0356887937,2700000.0,2300000.0,0.0164168451,0.0045,0.0045,506666667,506666667,,,0.2765131577128203,0.004539473681224,0.020921052617815,0.0787499999481907,0.1624342104194511,0.5540131575302545,0.5540131575302545,0.5540131575302545,0.0655263157463642,836000000.55,773400000.55,90.8695652771739,5.967166313704497,78.86792458018867,20.95238096616541,2.9782686161382257,2.9782686161382257,5.520342616345467,161.12500011458332,72.96226420283018,19.383458660401,0.0027511961704388,0.0477272726958732,0.0701816886355539,0.0421030134644154,-13.041666666666666,1.6145537237066514,0.8814814814814815,4.608695652173913,0.0,0.0,0.0,0.1841541755888651,0.0,2.7641509433962264,0.2091363311920057,3.805194805194805,0.0,0.2378778748062948,0.0182284382284382,0.0049155802521906,-0.1031249999321546,108100000.0,280700000.0,96800000.0,160100000.0,64650000.0,37100000.0,4050000.0,43.16916488222698,254.3478260869565,29.34782608695652,2.0848214285714284,0.3538461538461538,3.066666666666667,0.0081938012112575,0.0578289473303756,1998-10-15,0.01895,amc,,2025-04-25,1998-09-30,0.0554089709762532,2.6582539682539683,7896482.285714285
1998-06-30,GEN,USD,849399,1998-06-30,1998-06-30 00:00:00,1999,Q1,153100000.0,13200000.0,139900000.0,0.9137818419,54300000,0.0,0.0,79000000.0,7100000.0,140400000.0,153600000.0,0.0,0.0,7100000.0,20600000.0,0.13455258,-500000.0,-0.0032658393,15900000.0,400000.0,0.0026126715,5700000.0,-5300000.0,-0.0346178968,-0.0114,-0.0114,462912000,462912000,,,0.3307324070233651,-0.0114492603345776,0.0689115857873634,-0.0233305682289506,0.2702457486520116,0.6871716438545555,0.6871716438545555,0.6871716438545555,0.0481733029171851,1513722240.0,1410922240.0,-71.40199245283019,9.887147224036577,47.45210783699059,-140.15946666666667,4.758636403646652,4.758636403646652,9.215690659699543,68.49137087378641,44.22953730407524,-130.64094814814814,-0.0035013028546108,-0.0071347303452448,0.0701037409619616,0.0458658988070752,-4.990291262135922,2.0265888456549934,0.0,-6.018867924528302,0.0,0.0,0.0,0.3546701502286087,0.0,1.3385579937304075,0.278902677988243,6.014084507042254,0.0,,0.0194681163679106,-0.0109008638420403,0.0116112781695008,158300000.0,318100000.0,144400000.0,209000000.0,63650000.0,34700000.0,3400000.0,36.5055519268452,240.00000000000003,24.545454545454547,2.465378421900161,0.375,3.6666666666666665,-0.0166614272241433,0.0922421540163141,1998-07-16,0.05,amc,,2025-04-25,1998-06-30,0.0,2.3472131147540987,8398766.950819673
1998-03-31,GEN,USD,849399,1998-03-31,1998-03-31 00:00:00,1998,Q4,156100000.0,15000000.0,141100000.0,0.9039077514,24200000,0.0,0.0,80600000.0,6500000.0,111300000.0,126300000.0,0.0,0.0,6500000.0,36300000.0,0.2325432415,29800000.0,0.1909032671,2300000.0,32100000.0,0.2056374119,8000000.0,24100000.0,0.1543882127,0.0512,0.0512,451984734,471111111,,,0.3453656467963805,0.0533203849314078,0.0960209421586349,0.0800912006023637,0.3075325106002363,0.7024573533494607,0.7024573533494607,0.7024573533494607,0.0316382367020387,1523188553.5800002,1398488553.5800002,15.800711136721992,9.757774206149906,35.09651045115208,42.07703186685083,4.797444263244095,4.797444263244095,8.958927313132609,38.52585547052342,32.22323856175115,38.63228048563536,0.0158220726799429,0.0237659348968438,0.0450393700787401,0.0300104931794333,-3.435261707988981,2.147058823529412,0.0,1.8008298755186722,0.0,0.0,0.0,0.1550288276745675,0.0,0.1658986175115207,0.0461242793081358,1.1076923076923078,0.0,0.9180109861902814,0.0674298032632351,0.0505771248688352,0.0674801552036489,175500000.0,317500000.0,169500000.0,225500000.0,65000000.0,34100000.0,3550000.0,37.59128763613069,205.2,19.200000000000003,2.394171779141104,0.4385964912280701,4.6875,0.0759055118110236,0.0159297415562712,1998-04-23,0.05,amc,,2025-04-25,1998-03-31,0.0,2.08484375,10929075.0
1997-12-31,GEN,USD,849399,1997-12-31,1997-12-31 00:00:00,1998,Q3,148200000.0,15700000.0,132500000.0,0.8940620783,21900000,0.0,0.0,77700000.0,6900000.0,106500000.0,122200000.0,0.0,0.0,6900000.0,32900000.0,0.2219973009,26000000.0,0.1754385965,3100000.0,29100000.0,0.1963562753,7300000.0,21800000.0,0.1470985155,0.0488,0.0463,447179487,471351351,,,0.3314105505917359,0.048750000019567,0.0529988532322816,0.0402522935941379,0.2386066514719178,0.6207798167629277,0.6207798167629277,0.6207798167629277,0.0319782110220096,1225271794.38,1132871794.38,14.051282045642203,8.267690920242917,51.69923183037975,68.07065524333333,4.4138032938760805,4.4138032938760805,7.644209138866397,34.43379314224924,47.80049765316456,62.93732191000001,0.0177919708100609,0.0146906181000503,0.0515129682997118,0.0334973061606933,-2.8085106382978724,2.0955555555555554,0.0,1.082191780821918,0.0,0.0,0.0,0.1477732793522267,0.0,0.240506329113924,0.0384615384615384,0.8260869565217391,0.0,0.825177472902127,0.0667271779042156,0.0510658233778402,0.0177780963374109,147900000.0,277600000.0,133600000.0,198100000.0,60350000.0,32600000.0,3100000.0,39.35222672064777,194.9044585987261,22.356687898089177,2.287037037037037,0.4617647058823529,4.0256410256410255,0.0785302593659942,0.0127465596381436,1998-01-20,0.05,amc,,2025-04-25,1997-12-31,0.0,2.6653125,9028787.25
1997-09-30,GEN,USD,849399,1997-09-30,1997-09-30 00:00:00,1998,Q2,139000000.0,15500000.0,123500000.0,0.8884892086,23600000,0.0,0.0,70300000.0,6900000.0,100800000.0,116300000.0,0.0,0.0,6900000.0,29600000.0,0.2129496403,22700000.0,0.1633093525,4000000.0,26700000.0,0.1920863309,6100000.0,20600000.0,0.1482014388,0.0463,0.0437,445405405,470857143,,,0.3120752430024957,0.0462500000420964,0.0597208738407653,0.0431067961557404,0.2393325244896837,0.5873300976219631,0.5873300976219631,0.5873300976219631,0.0339016990599833,1264951350.2,1173451350.2,15.35135133737864,9.10036942589928,47.55456203759398,65.88288282291667,4.835440941131498,4.835440941131498,8.442096044604316,39.64362669594595,44.11471241353384,61.11725782291667,0.0162852112824283,0.0151784493506128,0.0577217125382263,0.0375341784737757,-3.091216216216216,2.078821656050956,0.0,1.2912621359223302,0.0,0.0,0.0,0.1697841726618705,0.0,0.2781954887218045,0.0532374100719424,1.072463768115942,0.0,0.7817866610490084,0.0632954740798793,0.0512055679840914,0.0201501820571755,135500000.0,261600000.0,120400000.0,187300000.0,48450000.0,30950000.0,2800000.0,36.19424460431655,181.16129032258064,13.35483870967742,2.486583184257603,0.4967948717948718,6.739130434782608,0.0787461773700305,0.0166140776850249,1997-10-29,0.03771,amc,,2025-04-25,1997-09-30,0.0607265977194378,3.408095238095238,8485777.396825397
1997-06-30,GEN,USD,849399,1997-06-30,1997-06-30 00:00:00,1998,Q1,135000000.0,14500000.0,120500000.0,0.8925925926,21600000,0.0,0.0,70700000.0,6400000.0,98700000.0,113200000.0,0.0,0.0,6400000.0,28200000.0,0.2088888889,21800000.0,0.1614814815,2200000.0,24000000.0,0.1777777778,5500000.0,18500000.0,0.137037037,0.0413,0.04,448484848,462500000,,,0.3010135138389335,0.0412500000445945,0.0829459460356172,0.0673378379106355,0.2490608110800657,0.5280000005708108,0.5280000005708108,0.5280000005708108,0.0336689189553177,1094303029.12,997703029.12,14.787878771891892,8.105948363851851,29.416748094623657,36.23519963973509,4.621212116216217,4.621212116216217,7.390392808296295,35.37954003971631,26.819973901075265,33.03652414304636,0.0169057377231945,0.0275974745535391,0.0637668918918918,0.0413019693654267,-3.425531914893617,2.275043936731107,0.0,2.0108108108108107,0.0,0.0,0.0,0.16,0.0,0.1881720430107527,0.0518518518518518,1.09375,0.0,0.7000357141314774,0.066736166269526,0.0506017505470459,0.0341148649017458,145100000.0,236800000.0,130100000.0,196600000.0,43200000.0,30500000.0,3900000.0,27.33333333333333,190.55172413793105,20.48275862068965,3.292682926829268,0.4723127035830619,4.393939393939394,0.078125,0.0156081081249817,1997-07-29,0.0375,amc,,2025-04-25,1997-06-30,0.0666666666666667,3.1072131147540984,7151449.049180328
1997-03-31,GEN,USD,849399,1997-03-31,1997-03-31 00:00:00,1997,Q4,129700000.0,17700000.0,112000000.0,0.8635312259,24100000,0.0,0.0,58000000.0,11600000.0,93700000.0,111400000.0,0.0,16800000.0,11600000.0,29900000.0,0.2305319969,18300000.0,0.1410948342,-8700000.0,9600000.0,0.0740169622,1400000.0,8200000.0,0.0632228219,0.0183,0.0177,448484848,462500000,,,0.2891959462585902,0.01828378380355,0.0590878379017165,0.0481621622142293,0.2136081083390358,0.4860810816065741,0.4860810816065741,0.4860810816065741,0.0711283784552739,798303029.44,717603029.44,24.33850699512195,6.154996371935235,30.12464262037736,36.95847358518519,3.6619405020183486,3.6619405020183486,5.532791283269083,24.000101319063543,27.07935960150943,33.222362474074075,0.0102717886536797,0.027057394502376,0.0692660550458715,0.0441908106526192,-2.698996655518395,2.1933701657458564,1.0892857142857142,3.231707317073171,0.0,0.0,0.0,0.1858134155744024,0.0,0.1849056603773584,0.0377794911333847,0.4224137931034483,0.0,0.447176175192209,0.0670581295581295,0.0239976587649985,0.018729729749978,129600000.0,218000000.0,114500000.0,181200000.0,60100000.0,28150000.0,4800000.0,31.50346954510409,154.0677966101695,22.88135593220339,2.856828193832599,0.5841584158415841,3.933333333333333,0.0376146788990825,0.0109256756874872,1997-04-28,0.03467,amc,,2025-04-25,1997-03-31,0.1537352177675224,2.883125,8892337.125
1996-12-31,GEN,USD,849399,1996-12-31,1996-12-31 00:00:00,1997,Q3,124100000.0,15100000.0,109000000.0,0.8783239323,21000000,0.0,0.0,66400000.0,6900000.0,94300000.0,109400000.0,0.0,0.0,6900000.0,21600000.0,0.1740531829,14700000.0,0.1184528606,1600000.0,16300000.0,0.131345689,2400000.0,13900000.0,0.1120064464,0.0313,0.0313,444800000,444800000,,,0.2790017985611511,0.03125,0.0892535971223021,0.0863309352517985,0.127023381294964,0.4615557553956834,0.4615557553956834,0.4615557553956834,0.0341726618705036,805088000.0,763788000.0,14.48,6.487413376309428,20.279294710327456,20.96583333333333,3.9215197272284463,3.9215197272284463,6.154617244157937,35.36055555555556,19.238992443324936,19.8903125,0.0172651933701657,0.0476966493103859,0.0740379931807111,0.0437032777458309,-1.912037037037037,1.854673998428908,0.0,2.856115107913669,0.0,0.0,0.0,0.169218372280419,0.0,0.0327455919395466,0.0104754230459307,0.1884057971014492,0.0,0.5696765665819421,0.0568507157464212,0.0399654974123059,-0.0614883093525179,108800000.0,205300000.0,93600000.0,161900000.0,70100000.0,24700000.0,3800000.0,54.24657534246575,154.96688741721854,30.397350993377483,1.6590909090909092,0.5807692307692308,2.9607843137254903,0.0677057963955187,0.0029226618705035,1997-01-23,0.0231,amc,,2025-04-25,1996-12-31,0.2987012987012987,2.8496875,9251174.75
1996-09-30,GEN,USD,849399,1996-09-30,1996-09-30 00:00:00,1997,Q2,109200000.0,12600000.0,96600000.0,0.8846153846,20800000,0.0,0.0,68100000.0,8100000.0,97000000.0,109600000.0,0.0,0.0,8100000.0,7700000.0,0.0705128205,-400000.0,-0.0036630037,1400000.0,1000000.0,0.0091575092,100000.0,900000.0,0.0082417582,0.0025,0.0025,360000000,360000000,,,0.3033333333333333,0.0025,0.0402777777777777,0.0022222222222222,0.0683333333333333,0.525,0.525,0.525,0.0425,489600000.00000006,480300000.00000006,136.0,4.4835164835164845,33.765517241379314,612.0000000000001,2.5904761904761906,2.5904761904761906,4.398351648351649,62.376623376623385,33.12413793103449,600.3750000000001,0.0018382352941176,0.0016339869281045,0.0809523809523809,0.0514112903225806,-1.207792207792208,2.5112540192926045,0.0,16.11111111111111,0.0,0.0,0.0,0.1904761904761904,0.0,0.9448275862068966,0.1254578754578754,1.691358024691358,0.0,0.171846588560844,-0.0017621145374449,0.003024193548387,-0.0936111111111111,141000000.0,189000000.0,125700000.0,194500000.0,63050000.0,22850000.0,4250000.0,53.901098901098905,167.14285714285714,17.857142857142858,1.6697247706422018,0.5384615384615384,5.04,0.0047619047619047,0.0380555555555555,1996-10-29,0.0175,amc,,2025-04-25,1996-09-30,0.1428571428571427,2.1296875,6700111.5
1996-06-30,GEN,USD,849399,1996-06-30,1996-06-30 00:00:00,1997,Q1,109200000.0,14900000.0,94300000.0,0.8635531136,23000000,0.0,0.0,62300000.0,6600000.0,91900000.0,106800000.0,0.0,0.0,6600000.0,9000000.0,0.0824175824,2400000.0,0.021978022,900000.0,3300000.0,0.0302197802,300000.0,3000000.0,0.0274725275,0.0075,0.0075,400000000,400000000,,,0.273,0.0075,0.03425,0.01425,0.08875,0.46925,0.4685,0.46925,0.03825,636000000.0,615800000.0,53.00000000000001,5.824175824175824,46.42335766423358,111.57894736842104,3.388385721896644,3.388385721896644,5.63919413919414,68.42222222222222,44.948905109489054,108.03508771929825,0.0047169811320754,0.0089622641509433,0.08151305274374,0.0517941773865944,-2.2444444444444445,2.485373781148429,0.0,4.566666666666666,0.0,0.0,0.0,0.2106227106227106,0.0010155721056194,0.583941605839416,0.0732600732600732,1.2121212121212122,0.0,0.2813999600213191,0.0107425809050624,0.0101660454083361,-0.0591875,137100000.0,187400000.0,121700000.0,190800000.0,66500000.0,22850000.0,6950000.0,50.02747252747253,134.6979865771812,36.24161073825504,1.799011532125206,0.6681614349775785,2.4833333333333334,0.0159829515183803,0.02,1996-07-25,0.01547,amc,,2025-04-25,1996-06-30,-0.5151906916612798,1.957868852459016,8022255.081967213
1996-03-31,GEN,USD,849399,1996-03-31,1996-03-31 00:00:00,1996,Q4,115900000.0,18100000.0,97800000.0,0.8438308887,43300000,0.0,0.0,43600000.0,2500000.0,89400000.0,107500000.0,0.0,0.0,2500000.0,10900000.0,0.0940465919,8400000.0,0.0724762726,-500000.0,7900000.0,0.0681622088,600000.0,7900000.0,0.0681622088,0.0198,0.0198,400000000,400000000,,,0.28975,0.01975,0.0245,0.00475,0.1045,0.45075,0.4495,0.45075,0.03875,624000000.0,597700000.0,19.746835443037977,5.383951682484901,63.67346938775511,328.42105263157896,3.4608985024958403,3.4608985024958403,5.157031924072476,54.8348623853211,60.98979591836735,314.57894736842104,0.0126602564102564,0.0030448717948717,0.0859678313921242,0.0520308828465928,-2.412844036697248,2.3180039138943247,0.0,1.240506329113924,0.0,0.0,0.0,0.3735979292493528,0.0016784155756965,0.8061224489795918,0.0681622088006902,3.16,0.0,0.4475511493114502,0.039642621636648,0.0265635507733692,-0.0440625,134700000.0,179800000.0,119300000.0,186900000.0,75400000.0,22150000.0,8150000.0,56.14322691975841,116.353591160221,39.2817679558011,1.603042876901798,0.7735042735042735,2.2911392405063293,0.0438158624514697,0.01975,1996-04-25,0.01688,amc,,2025-04-25,1996-03-31,0.1848341232227489,1.61265625,5816612.5
1995-12-31,GEN,USD,849399,1995-12-31,1995-12-31 00:00:00,1996,Q3,111100000.0,4400000.0,106700000.0,0.9603960396,26300000,0.0,0.0,66500000.0,26700000.0,119500000.0,123900000.0,0.0,23700000.0,26700000.0,13900000.0,0.1251125113,-12800000.0,-0.1152115212,12800000.0,-12800000.0,-0.1152115212,47800000.0,-36900000.0,-0.3321332133,-0.0862,-0.0862,427826087,427826087,,,0.2596849593232027,-0.0862499999912347,-0.0434756097516793,-0.0687195121881382,0.0806402438942438,0.4006300812600986,0.3982926828863524,0.4006300812600986,0.0925609756003495,1244973913.17,1226373913.17,-8.434782609552846,11.205885807110713,-66.9340813532258,-42.34605146836735,7.2635584198949825,7.2635584198949825,11.038469065436544,88.22833907697843,-65.9340813532258,-41.71339840714286,-0.0296391752547198,-0.0236149526419719,0.0927654609101517,0.0542662116040955,-1.3381294964028776,2.2080979284369118,-0.540084388185654,0.2572614107883817,0.0,0.0,0.0,0.2367236723672367,0.0034129692832764,-0.5806451612903226,0.0972097209720972,0.4044943820224719,0.0,,-0.3237179487179487,-0.1263698630136986,-0.0561559959292524,128300000.0,170400000.0,112900000.0,177100000.0,72850000.0,20300000.0,8100000.0,63.59135913591359,427.5,171.8181818181818,1.4152866242038216,0.2105263157894736,0.5238095238095238,-0.2152858809801633,0.0252439024364589,1996-01-24,,amc,,2025-04-25,1995-12-31,,1.29171875,4190337.5
1995-09-30,GEN,USD,849399,1995-09-30,1995-09-30 00:00:00,1996,Q2,102800000.0,11100000.0,91700000.0,0.8920233463,19400000,0.0,0.0,52800000.0,4900000.0,77100000.0,88200000.0,0.0,0.0,4900000.0,19500000.0,0.189688716,14600000.0,0.1420233463,1500000.0,16100000.0,0.156614786,3200000.0,12900000.0,0.1254863813,0.0387,0.0375,332903226,344000000,,,0.3087984494328691,0.0387499999774709,0.0282364340921106,-0.0018023255803474,0.1063372092405016,0.4806201547593293,0.4586918601984349,0.4806201547593293,0.0474612402824837,1248387097.5,1228787097.5,24.19354840116279,12.14384336089494,132.8071380319149,-2080.6451625,7.802419359375,7.802419359375,11.95318188229572,63.014722948717946,130.72203164893617,-2047.9784958333328,0.0103333333273255,-0.0004806201547593,0.09875,0.0606991932385708,-1.005128205128205,2.468786808009422,0.0,0.7286821705426356,0.0,0.0,0.0,0.188715953307393,0.0280445639646561,1.0638297872340423,0.0972762645914396,2.0408163265306123,0.0,0.6473335285516748,0.0665423017404023,0.0509881422924901,-0.0318410852528055,124700000.0,152700000.0,109300000.0,170200000.0,58350000.0,17950000.0,5550000.0,58.83268482490272,159.72972972972974,63.24324324324325,1.5297619047619049,0.5634517766497462,1.4230769230769231,0.080625,0.030038759672458,1995-10-25,0.03923,amc,,2025-04-25,1995-09-30,0.0196278358399184,1.8104761904761904,7811846.73015873
1995-06-30,GEN,USD,849399,1995-06-30,1995-06-30 00:00:00,1996,Q1,90100000.0,10100000.0,80000000.0,0.8879023307,18600000,0.0,0.0,43200000.0,4800000.0,66600000.0,76700000.0,0.0,0.0,4800000.0,18200000.0,0.2019977802,13400000.0,0.1487236404,1200000.0,14600000.0,0.1620421754,2900000.0,11700000.0,0.1298557159,0.0362,0.035,322758621,334285714,,,0.2791559826375637,0.0362499999651442,0.0322222221912393,0.0089850427264032,0.0790064101804425,0.4300427346292324,0.4061858970453341,0.4300427346292324,0.0489529914059212,1165158621.81,1155458621.81,24.89655174807692,12.931838199889013,112.03448286634614,401.7788351068965,8.394514566354466,8.394514566354466,12.824180042286349,63.48673746208791,111.10179055865385,398.4340075206897,0.010041551236882,0.0024889315031588,0.1138328530259366,0.0702846975088967,-0.532967032967033,2.558073654390935,0.0,0.8888888888888888,0.0,0.0,0.0,0.2064372918978912,0.0342526690391459,0.7211538461538461,0.0832408435072142,1.5625,0.0,0.5922445483874923,0.0694140669966616,0.0538922155688622,-0.0673103631831417,110000000.0,131100000.0,94600000.0,149400000.0,51750000.0,17050000.0,3750000.0,49.44506104328523,144.35643564356437,29.405940594059405,1.82020202020202,0.6234567901234568,3.060606060606061,0.0842939481268011,0.023237179464836,1995-07-24,0.03738,amc,,2025-04-25,1995-06-30,0.0700909577314072,1.6173015873015872,13964977.523809524
1995-03-31,GEN,USD,849399,1995-03-31,1995-03-31 00:00:00,1995,Q4,88600000.0,11100000.0,77500000.0,0.874717833,0,0.0,0.0,-1700000.0,66400000.0,64700000.0,75800000.0,0.0,0.0,3600000.0,16400000.0,0.1851015801,12800000.0,0.144469526,1100000.0,13900000.0,0.1568848758,3500000.0,10400000.0,0.1173814898,0.0322,0.0311,322758621,334285714,,,0.2745085467445964,0.0322222221912393,0.0551495725965442,0.0158012820360885,0.0706410255731015,0.3448397432581669,0.3191239313170816,0.3448397432581669,0.0802457264185671,926317242.27,929417242.27,22.26724140072115,10.45504788115124,52.04029450955056,181.63083181764705,8.322706579245283,8.322706579245283,10.490036594469526,56.6717830652439,52.21445181292135,182.238674954902,0.0112272551188987,0.0055056731833061,0.2327044025157232,0.1170356981473113,0.1890243902439024,2.1229314420803784,0.0,1.7115384615384617,0.0,0.0,0.0,0.0,0.0375056484410302,0.7134831460674157,0.1433408577878104,3.5277777777777777,0.0,0.5000088135440993,0.069803049688529,0.0488262910798122,-0.1381837605508916,95000000.0,103000000.0,69600000.0,132200000.0,49250000.0,16100000.0,4900000.0,54.85327313769752,145.13513513513513,34.054054054054056,1.6407407407407408,0.6201117318435754,2.642857142857143,0.0934411500449236,0.0393482905604557,1995-04-25,0.02818,amc,,2025-04-25,1995-03-31,0.0645848119233498,3.125714285714285,11854628.063492063
1994-12-31,GEN,USD,849399,1994-12-31,1994-12-31 00:00:00,1995,Q3,84100000.0,9500000.0,74600000.0,0.887039239,0,0.0,0.0,57400000.0,5400000.0,62800000.0,72300000.0,0.0,0.0,4100000.0,16200000.0,0.192627824,11800000.0,0.1403091558,300000.0,12100000.0,0.1438763377,3000000.0,9100000.0,0.1082045184,0.0313,0.0313,291200000,291200000,,,0.288804945054945,0.03125,0.0885989010989011,0.0772664835164835,0.0779532967032967,0.3197115384615384,0.2857142857142857,0.3197115384615384,0.0896291208791208,637728000.0,641128000.0,17.52,7.582972651605232,24.71813953488372,28.343466666666668,6.849924812030076,6.849924812030076,7.623400713436385,39.5758024691358,24.849922480620155,28.49457777777777,0.014269406392694,0.0352814993225952,0.280343716433942,0.1331632653061224,0.2098765432098765,2.019404915912031,0.0,2.8351648351648358,0.0,0.0,0.0,0.0,0.0505102040816326,0.127906976744186,0.0392390011890606,0.8048780487804879,0.0,0.4741278050070141,0.0743870927517959,0.0488984416980118,-0.1511847527472527,78800000.0,83200000.0,53200000.0,114000000.0,46550000.0,15950000.0,5300000.0,47.6218787158145,135.4736842105263,53.05263157894736,1.8898876404494385,0.6643356643356644,1.6964285714285714,0.0977443609022556,0.0113324175824175,1995-01-19,0.02955,amc,,2025-04-25,1994-12-31,0.015228426395939,3.617619047619048,8527364.698412698
1994-09-30,GEN,USD,849399,1994-09-30,1994-09-30 00:00:00,1995,Q2,79100000.0,8600000.0,70500000.0,0.8912768647,14600000,0.0,0.0,39000000.0,6000000.0,59600000.0,68200000.0,0.0,0.0,7600000.0,18500000.0,0.2338811631,10900000.0,0.1378002528,100000.0,11000000.0,0.1390644753,3000000.0,8000000.0,0.1011378003,0.0275,0.0275,290909091,290909091,,,0.2719062499150293,0.0274999999914062,0.0010312499996777,-0.0103124999967773,0.0663437499792675,0.2698437499156738,0.235468749926416,0.2698437499156738,0.090406249971748,544000000.1700001,551000000.1700001,17.0000000053125,6.877370419342605,1813.3333339,-181.33333339000004,6.92993630789809,6.92993630789809,6.965865994563845,29.783783792972976,1836.6666672333336,-183.66666672333332,0.0147058823483455,-0.0055147058806295,0.3350318471337579,0.142085359265262,0.3783783783783784,1.7972805933250926,0.0,0.0375,0.0,0.0,0.0,0.1845764854614412,0.0540248514316585,11.0,0.0417193426042983,0.4342105263157895,0.0,0.4086145129680862,0.075569806742352,0.0456881781838949,-0.1662031249480615,64500000.0,68500000.0,38800000.0,99700000.0,45000000.0,17250000.0,5250000.0,55.29709228824273,184.1860465116279,52.325581395348834,1.627572016460905,0.4886363636363636,1.72,0.1019108280254777,0.011343749996455,1994-10-20,0.02949,amc,,2025-04-25,1994-09-30,0.017293997965412,3.0061904761904765,5243809.015873016
1994-06-30,GEN,USD,849399,1994-06-30,1994-06-30 00:00:00,1995,Q1,83100000.0,12300000.0,70800000.0,0.8519855596,14900000,0.0,0.0,40400000.0,4500000.0,59800000.0,72100000.0,0.0,19200000.0,4500000.0,15500000.0,0.1865222623,11000000.0,0.1323706378,-9600000.0,1400000.0,0.0168471721,400000.0,1000000.0,0.0120336943,0.0037,0.0037,266666667,266666667,,,0.3116249996104687,0.0037499999953125,0.0232499999709375,0.013499999983125,0.09599999988,0.2542499996821875,0.2152499997309375,0.2542499996821875,0.1717499997853125,357333333.78000003,358333333.78000003,89.33333344500001,4.300040117689531,57.63440867419355,99.25925938333334,5.270403153097346,5.270403153097346,4.312073812033694,23.11827959870968,57.7956989967742,99.53703716111112,0.0027985074591884,0.0100746268530783,0.3923303834808259,0.1451172940534642,0.064516129032258,1.6104910714285714,0.5729166666666666,6.2,0.0,0.0,0.0,0.1793020457280385,0.0567375886524822,0.4193548387096774,0.0312876052948255,0.5777777777777777,0.0,0.146466186187697,0.0831443688586545,0.0057836899942163,-0.2103749997370312,54700000.0,57400000.0,28800000.0,89900000.0,41050000.0,16400000.0,3950000.0,44.83754512635379,123.65853658536588,40.2439024390244,2.0072463768115942,0.727810650887574,2.2363636363636363,0.0147492625368731,0.0097499999878125,1994-07-20,0.02786,amc,,2025-04-25,1994-06-30,0.0768126346015793,2.547142857142857,4789929.904761905
1994-03-31,GEN,USD,849399,1994-03-31,1994-03-31 00:00:00,1994,Q4,69900000.0,700000.0,69200000.0,0.9899856938,0,0.0,0.0,45300000.0,13000000.0,58300000.0,59000000.0,0.0,900000.0,13000000.0,23900000.0,0.3419170243,10900000.0,0.1559370529,-500000.0,10400000.0,0.1487839771,3200000.0,7200000.0,0.1030042918,0.027,0.027,266666667,266666667,,,0.2621249996723437,0.02699999996625,0.0539999999325,0.0292499999634375,0.0896249998879687,0.3003749996245312,0.2583749996770312,0.3003749996245312,0.1008749998739062,520000000.65,522100000.65,18.055555578125,7.439198864806866,36.11111115625,66.66666674999999,6.491885151685393,6.491885151685393,7.469241783261802,21.84518831171548,36.25694448958333,66.93589751923076,0.0138461538288461,0.01499999998125,0.3245942571785268,0.1640378548895899,0.0878661087866108,2.2770398481973437,12.11111111111111,2.0,0.0,0.0,0.0,0.0,0.0706624605678233,0.4583333333333333,0.0944206008583691,0.5076923076923077,0.0,0.4271742174380442,0.0710560625814863,0.0488798370672097,-0.0854062498932421,67300000.0,68900000.0,41600000.0,102000000.0,36750000.0,13950000.0,2500000.0,52.40343347639485,2044.2857142857144,308.5714285714286,1.7174447174447174,0.0440251572327044,0.2916666666666667,0.0898876404494382,0.0247499999690625,1994-04-26,0.02844,amc,,2025-04-25,1994-03-31,0.0548523206751054,2.132857142857143,4730107.301587301
1993-12-31,GEN,USD,849399,1993-12-31,1993-12-31 00:00:00,1994,Q3,67100000.0,10200000.0,56900000.0,0.8479880775,0,0.0,0.0,65700000.0,4100000.0,69800000.0,80000000.0,0.0,800000.0,4800000.0,-8100000.0,-0.1207153502,-12900000.0,-0.1922503726,-400000.0,-13300000.0,-0.1982116244,-4100000.0,-9200000.0,-0.1371087928,-0.0387,-0.0387,237419355,237419355,,,0.2826222824166968,-0.0387499999736752,-0.0581249999605129,-0.0534918477897473,0.0320108695434708,0.2935733693657789,0.2396603259241438,0.2935733693657789,0.1154076086172502,541316129.4,560316129.4,-14.709677429347824,8.067304461997018,-39.225806478260864,-42.62331727559055,7.766372014347202,7.766372014347202,8.350463925484352,-69.17483079012345,-40.60261807246377,-44.11938026771654,-0.0169956140235417,-0.0234613367498892,0.381635581061693,0.1734028683181225,-2.345679012345679,1.9844020797227035,-16.125,1.0147058823529411,0.0,0.0,0.0,0.0,0.0834419817470664,-0.0797101449275362,0.0163934426229508,0.2291666666666666,0.0,,-0.0926615604431639,-0.0654338549075391,-0.2114402172476629,56800000.0,56900000.0,30800000.0,92700000.0,31650000.0,14050000.0,2800000.0,43.99403874813712,105.88235294117648,22.94117647058824,2.0457317073170733,0.85,3.923076923076923,-0.1319942611190817,0.0046331521707655,1994-01-19,0.01933,amc,,2025-04-25,1993-12-31,0.0346611484738748,1.639375,3101337.5
1993-09-30,GEN,USD,849399,1993-09-30,1993-09-30 00:00:00,1994,Q2,58000000.0,8900000.0,49100000.0,0.8465517241,0,0.0,0.0,42900000.0,2500000.0,45400000.0,54300000.0,0.0,500000.0,3800000.0,7500000.0,0.1293103448,3700000.0,0.0637931034,-200000.0,3500000.0,0.0603448276,1100000.0,2400000.0,0.0413793103,0.0113,0.0113,213333333,213333333,,,0.2718750004248046,0.0112500000175781,0.0135937500212402,-0.0014062500021972,0.1504687502351074,0.3309375005170898,0.3098437504841309,0.3309375005170898,0.1275000001992187,516266665.86,510866665.86,53.77777769375,8.901149411379311,178.02298822758618,-1720.8888862,7.31255900651558,7.31255900651558,8.80804596310345,68.115555448,176.16091926206897,-1702.8888862,0.0046487603378422,-0.0005810950422302,0.3781869688385269,0.1825017088174983,-0.72,2.3360160965794767,7.4,1.2083333333333333,0.0,0.0,0.0,0.0,0.0307587149692412,1.103448275862069,0.0551724137931034,0.8421052631578947,0.0,0.2894279788639597,0.0260754661576861,0.0169252468265162,-0.0901171876408081,66400000.0,66100000.0,40400000.0,92700000.0,28950000.0,13000000.0,2850000.0,47.32758620689655,162.80898876404495,30.337078651685392,1.901639344262295,0.5527950310559007,2.966666666666667,0.0339943342776204,0.0150000000234375,1993-10-25,,amc,,2025-04-25,1993-09-30,,1.7508064516129032,2121754.8387096776
1993-06-30,GEN,USD,849399,1993-06-30,1993-06-30 00:00:00,1994,Q1,59100000.0,10000000.0,49100000.0,0.8307952623,0,0.0,0.0,43300000.0,3700000.0,47000000.0,57000000.0,0.0,24700000.0,3700000.0,5800000.0,0.0981387479,2100000.0,0.0355329949,-12400000.0,-10300000.0,-0.1742808799,-3200000.0,-7100000.0,-0.1201353638,-0.0338,-0.0338,210370370,210370370,,,0.2809330990861498,-0.033750000059419,-0.0104577464972847,-0.0180633803134918,0.1064788734268994,0.304700704761797,0.2818838033131757,0.304700704761797,0.2457570426861919,351318517.9,355918517.9,-12.37037034859155,5.944475768189509,-159.69023540909092,-92.45224155263158,5.480788110764431,5.480788110764431,6.022309947546531,61.36526170689655,-161.78114449999998,-93.66276786842104,-0.0202095808739036,-0.0108163953973005,0.4212168486739469,0.198237885462555,0.7931034482758621,2.2956521739130435,0.0850202429149797,0.3098591549295774,0.0,0.0,0.0,0.0,0.0352422907488986,-0.7272727272727273,0.027072758037225,0.4324324324324324,0.0,,0.0159073935772964,-0.0540334855403348,-0.1321478875565984,59600000.0,59300000.0,33500000.0,86500000.0,28400000.0,13400000.0,2950000.0,41.7258883248731,89.1,24.3,2.156934306569343,1.0101010101010102,3.703703703703704,-0.110764430577223,0.0076056338162071,1993-07-23,,amc,,2025-04-25,1993-06-30,,1.9353968253968248,4269015.873015873
1993-03-31,GEN,USD,849399,1993-03-31,1993-03-31 00:00:00,1993,Q4,51300000.0,5500000.0,45800000.0,0.8927875244,0,0.0,0.0,29000000.0,7200000.0,36200000.0,41700000.0,0.0,24000000.0,7200000.0,16800000.0,0.3274853801,9600000.0,0.1871345029,-11700000.0,-2100000.0,-0.0409356725,-700000.0,-1400000.0,-0.0272904483,-0.0067,-0.0067,210370370,210370370,,,0.2438556342321402,-0.0066549295891812,0.0294718310378025,0.01616197185944,0.2429049300051143,0.3308450710050089,0.3018485920807193,0.3308450710050089,0.2429049300051143,338696295.70000005,314696295.70000005,-60.48148137500001,6.602266972709552,54.628434790322586,99.61655755882354,4.866326087643678,4.866326087643678,6.134430715399611,18.73192236309524,50.75746704838711,92.55773402941178,-0.0041334966392429,0.0100384918381615,0.389367816091954,0.1912491178546224,-1.4285714285714286,2.407407407407407,0.4,-4.428571428571429,0.0,0.0,0.0,0.0,0.0430486944248412,0.4516129032258064,0.0545808966861598,0.3888888888888889,0.0,,0.0661840744570837,-0.0103244837758112,0.012596831008093,64600000.0,63500000.0,38400000.0,93100000.0,26700000.0,14350000.0,3350000.0,51.578947368421055,276.54545454545456,52.36363636363637,1.7448979591836735,0.3254437869822485,1.71875,-0.0201149425287356,0.0133098591783624,1993-04-27,,amc,,2025-04-25,1993-03-31,,2.24578125,1749774.875
1992-12-31,GEN,USD,849399,1992-12-31,1992-12-31 00:00:00,1993,Q3,48700000.0,10500000.0,38200000.0,0.7843942505,0,0.0,0.0,42400000.0,2000000.0,44400000.0,54900000.0,0.0,0.0,2000000.0,-4200000.0,-0.0862422998,-6200000.0,-0.1273100616,0.0,-6200000.0,-0.1273100616,-2100000.0,-4100000.0,-0.0841889117,-0.0213,-0.0213,192941176,192941176,,,0.2524085372009964,-0.0212500000518292,0.011920731736392,-0.0051829268419095,0.0901829270492266,0.3571036594075699,0.3208231715142028,0.3571036594075699,0.0098475609996281,327999999.2,312499999.2,-19.99999995121951,6.7351129199178645,142.6086953043478,-327.9999992,4.760522484760522,4.760522484760522,6.416837765913757,-74.40476171428571,135.8695648695652,-312.4999992,-0.0125000000304878,-0.0030487804952409,0.0275761973875181,0.0175115207373271,3.6904761904761902,2.0103896103896104,0.0,-0.46,0.0,0.0,0.0,0.0,0.064516129032258,1.434782608695652,0.0677618069815195,1.65,0.0,,-0.0578279266572637,-0.0403940886699507,-0.0126981707626784,38900000.0,61900000.0,37800000.0,68300000.0,28050000.0,11900000.0,3600000.0,44.35318275154004,101.14285714285714,30.0,2.029166666666667,0.8898305084745762,3.0,-0.0595065312046444,0.0171036585783016,1992-12-31,,amc,,2025-04-25,1992-12-31,,1.9171875,4374237.375
1992-09-30,GEN,USD,849399,1992-09-30,1992-09-30 00:00:00,1993,Q2,43700000.0,10700000.0,33000000.0,0.7551487414,0,0.0,0.0,47000000.0,2900000.0,49900000.0,60600000.0,0.0,0.0,2900000.0,-14000000.0,-0.3203661327,-16900000.0,-0.3867276888,-100000.0,-17000000.0,-0.3890160183,-5800000.0,-11200000.0,-0.2562929062,-0.06,-0.06,186666667,186666667,,,0.2341071424390944,-0.0599999998928571,-0.036964285648278,-0.0573214284690688,0.0824999998526785,0.4033928564225127,0.3626785707809311,0.4033928564225127,0.012321428549426,242666667.1,229566667.1,-5.416666676339286,5.553012977116705,-35.169082188405795,-22.67912776635514,3.222664901726428,3.222664901726428,5.2532418100686495,-16.397619078571427,-33.27053146376812,-21.45482870093458,-0.0461538460714285,-0.0440934065146683,0.0305444887118193,0.0196749358426005,0.9357142857142856,2.133663366336634,0.0,0.6,0.0,0.0,0.0,0.0,0.0650128314798973,-0.5507246376811594,0.0869565217391304,1.3103448275862069,0.0,,-0.1432962374138844,-0.1024702653247941,-0.0014732142830835,45800000.0,67700000.0,44600000.0,75000000.0,33200000.0,12000000.0,4100000.0,66.10983981693364,100.93457943925232,31.121495327102803,1.3613707165109037,0.8916666666666667,2.891891891891892,-0.148738379814077,0.0203571428207908,1993-01-18,,amc,,2025-04-25,1992-09-30,,1.8852380952380952,3542349.0793650798
1992-06-30,GEN,USD,849399,1992-06-30,1992-06-30 00:00:00,1993,Q1,60200000.0,11000000.0,49200000.0,0.8172757475,0,0.0,0.0,37400000.0,2800000.0,40200000.0,51200000.0,0.0,0.0,2800000.0,11800000.0,0.196013289,9000000.0,0.1495016611,300000.0,9300000.0,0.1544850498,2900000.0,6400000.0,0.1063122924,0.0325,0.0325,196923077,196923077,,,0.3057031248805847,0.0324999999873046,0.0330078124871063,0.0050781249980163,0.1112109374565582,0.4428124998270263,0.4006640623434906,0.4428124998270263,0.0101562499960327,935384615.75,915484615.75,36.538461552734375,15.537950427740864,143.9053255,935.38461575,10.726887795298165,10.726887795298165,15.207385643687708,77.58344201271187,140.84378703846153,915.48461575,0.0068421052604851,0.0010690789469508,0.0229357798165137,0.0164068908941755,-1.6864406779661016,2.736526946107785,0.0,1.015625,0.0,0.0,0.0,0.0,0.0680885972108285,0.8461538461538461,0.0913621262458471,1.9642857142857144,0.0,0.5690401043617453,0.069434398958484,0.056338028169014,0.0770605468448982,58000000.0,78900000.0,56700000.0,86900000.0,37100000.0,13150000.0,5050000.0,51.27906976744186,98.1818181818182,36.81818181818182,1.7551020408163265,0.9166666666666666,2.4444444444444446,0.073394495412844,0.0279296874890899,1992-06-30,,amc,,2025-04-25,1992-06-30,,1.492741935483871,2799741.935483871
1992-03-31,GEN,USD,849399,1992-03-31,1992-03-31 00:00:00,1992,Q4,67400000.0,15000000.0,52400000.0,0.7774480712,0,0.0,0.0,42600000.0,-300000.0,42300000.0,57300000.0,0.0,0.0,-300000.0,9800000.0,0.1454005935,10100000.0,0.149851632,200000.0,10300000.0,0.1528189911,3900000.0,6400000.0,0.0949554896,0.0325,0.0325,196923077,196923077,,,0.3422656248663024,0.0324999999873046,0.0858203124664764,0.0634765624752044,0.1305078124490203,0.3839062498500366,0.3427734373661041,0.3839062498500366,0.0142187499944458,1051569231.18,1028669231.18,41.07692309296876,15.601917376557862,62.22303143076923,84.12553849439999,13.909645915079365,13.909645915079365,15.2621547652819,104.96624807959184,60.86800184497041,82.2935384944,0.0060861423197199,0.011886996718203,0.037037037037037,0.022801302931596,-2.336734693877551,2.103296703296704,0.0,2.640625,0.0,0.0,0.0,0.0,0.0659609120521172,0.2603550295857988,0.0652818991097922,-14.666666666666666,0.0,0.5298409620755822,0.0799455815966854,0.055797733217088,0.0570019531027336,50200000.0,67500000.0,48500000.0,75900000.0,35900000.0,12600000.0,6150000.0,53.27893175074184,85.80000000000001,33.6,1.6892230576441103,1.048951048951049,2.6785714285714284,0.0846560846560846,0.0223437499912719,1992-03-31,,amc,,2025-04-25,1992-03-31,,1.46999984375,5481725.0
1991-12-31,GEN,USD,849399,1991-12-31,1991-12-31 00:00:00,1992,Q3,54500000.0,12500000.0,42000000.0,0.7706422018,0,0.0,0.0,31300000.0,1800000.0,33100000.0,45600000.0,0.0,0.0,1400000.0,10400000.0,0.1908256881,8900000.0,0.1633027523,200000.0,9100000.0,0.1669724771,3000000.0,6100000.0,0.1119266055,0.0325,0.0325,187692308,187692308,,,0.2903688519830019,0.0324999999467213,0.0575409835122278,0.0404918032123085,0.0740573769277748,0.3228688519297232,0.2845081962549046,0.3228688519297232,0.0143852458780569,1043569232.48,1032369232.48,42.76923083934425,19.14805931155963,96.62678078518518,137.31174111578946,17.220614397359736,17.220614397359736,18.942554724403667,99.26627235384616,95.58974374814814,135.83805690526316,0.0058453237314246,0.0072826984194799,0.0445544554455445,0.0289079229122055,-1.0769230769230769,2.261290322580645,0.0,1.7704918032786885,0.0,0.0,0.0,0.0,0.0770877944325481,0.2962962962962963,0.0587155963302752,2.2857142857142856,0.0,0.4858990096579375,0.0940999064027455,0.0707656612529002,0.0446209015661952,39100000.0,53400000.0,37300000.0,60700000.0,30950000.0,10950000.0,8100000.0,52.67889908256881,78.48,48.24,1.70846394984326,1.146788990825688,1.8656716417910448,0.1006600660066006,0.0170491802999193,1991-12-31,,amc,,2025-04-25,1991-12-31,,2.465,6839675.0
1991-09-30,GEN,USD,849399,1991-09-30,1991-09-30 00:00:00,1992,Q2,52600000.0,13500000.0,39100000.0,0.7433460076,0,0.0,0.0,33600000.0,2000000.0,35600000.0,49100000.0,0.0,0.0,2400000.0,5900000.0,0.1121673004,3500000.0,0.066539924,200000.0,3700000.0,0.0703422053,1300000.0,2400000.0,0.0456273764,0.0125,0.0125,192000000,192000000,,,0.2739583333333333,0.0125,-0.0546875,-0.065625,0.0130208333333333,0.2557291666666667,0.228125,0.2557291666666667,0.0151041666666666,758400000.0,758800000.0,79.0,14.418250950570345,-72.22857142857143,-60.19047619047619,15.44602851323829,15.44602851323829,14.425855513307985,128.61016949152545,-72.26666666666667,-60.22222222222222,0.0031645569620253,-0.0166139240506329,0.0590631364562118,0.0352369380315917,0.0677966101694915,2.02258064516129,0.0,-3.75,0.0,0.0,0.0,0.0,0.0643985419198055,-0.2,0.0399239543726235,0.875,0.0,0.2681861818308318,0.0435752451107537,0.0311688311688311,-0.01796875,31700000.0,43800000.0,29500000.0,49500000.0,26500000.0,12350000.0,7400000.0,51.33079847908745,73.33333333333333,63.333333333333336,1.7533333333333334,1.2272727272727273,1.4210526315789471,0.0488798370672097,0.0109375,1991-09-30,,amc,,2025-04-25,1991-09-30,,5.09063492063492,2584774.476190476
1991-06-30,GEN,USD,849399,1991-06-30,1991-06-30 00:00:00,1992,Q1,38300000.0,7400000.0,30900000.0,0.8067885117,0,0.0,0.0,24200000.0,1700000.0,25900000.0,33300000.0,0.0,0.0,1700000.0,6700000.0,0.1749347258,5000000.0,0.1305483029,200000.0,5200000.0,0.135770235,1800000.0,3400000.0,0.088772846,0.02,0.02,170000000,170000000,,,0.2252941176470588,0.02,0.0076470588235294,-0.01,0.1147058823529411,0.2764705882352941,0.2429411764705882,0.2764705882352941,0.0141176470588235,467500000.0,450400000.0,34.375,12.20626631853786,359.6153846153846,-275.0,9.946808510638297,9.946808510638297,11.759791122715404,67.22388059701493,346.46153846153845,-264.94117647058823,0.0072727272727272,-0.0036363636363636,0.051063829787234,0.0308483290488431,-2.5522388059701493,2.065068493150685,0.0,0.3823529411764705,0.0,0.0,0.0,0.0,0.0732647814910025,2.3076923076923075,0.0783289817232376,1.7647058823529411,0.0,0.3527205192583533,0.066045066045066,0.0471567267683772,0.0505882352941176,31100000.0,41300000.0,29500000.0,47400000.0,20800000.0,12100000.0,4600000.0,54.04699738903394,166.62162162162164,64.45945945945947,1.6652173913043478,0.5401459854014599,1.3962264150943395,0.0723404255319148,0.0176470588235294,1991-06-30,,amc,,2025-04-25,1991-06-30,,5.597777777777778,2243174.476190476
1991-03-31,GEN,USD,849399,1991-03-31,1991-03-31 00:00:00,1991,Q4,35000000.0,6600000.0,28400000.0,0.8114285714,0,0.0,0.0,20600000.0,1300000.0,21900000.0,28500000.0,0.0,0.0,1300000.0,7800000.0,0.2228571429,6500000.0,0.1857142857,500000.0,7000000.0,0.2,2300000.0,4700000.0,0.1342857143,0.0276,0.0276,170000000,170000000,,,0.2058823529411764,0.0276470588235294,0.0164705882352941,0.008235294117647,0.1141176470588235,0.2411764705882353,0.2205882352941176,0.2411764705882353,0.0152941176470588,518500000.0,501700000.0,27.57978723404255,14.814285714285711,185.17857142857144,370.3571428571428,12.646341463414632,12.646341463414632,14.334285714285713,64.32051282051282,179.17857142857142,358.35714285714283,0.0090646094503375,0.0027000964320154,0.0634146341463414,0.0397553516819571,-2.1538461538461537,2.3026315789473686,0.0,0.5957446808510638,0.0,0.0,0.0,0.0,0.0535168195718654,0.5,0.04,1.0769230769230769,0.0,0.3873318364879053,0.1000982961992136,0.0759289176090468,0.0641176470588235,29700000.0,37500000.0,28100000.0,41800000.0,16300000.0,9450000.0,3700000.0,47.82857142857143,143.1818181818182,53.18181818181819,1.881720430107527,0.6285714285714286,1.6923076923076923,0.1146341463414634,0.008235294117647,1991-03-31,,amc,,2025-04-25,1991-03-31,,4.15546875,1943162.5
1990-12-31,GEN,USD,849399,1990-12-31,1990-12-31 00:00:00,1991,Q3,30900000.0,5200000.0,25700000.0,0.8317152104,0,0.0,0.0,19100000.0,900000.0,20000000.0,25200000.0,0.0,0.0,1100000.0,6800000.0,0.2200647249,5700000.0,0.1844660194,300000.0,6000000.0,0.1941747573,2100000.0,3900000.0,0.1262135922,0.025,0.025,156000000,156000000,,,0.198076923076923,0.025,-0.0064102564102564,-0.0128205128205128,0.1198717948717948,0.2057692307692307,0.1967948717948718,0.2057692307692307,0.0224358974358974,260520000.0,245320000.0,16.7,8.431067961165049,-260.52,-130.26,8.11588785046729,8.11588785046729,7.9391585760517795,36.076470588235296,-245.32,-122.66,0.0149700598802395,-0.0076769537847382,0.1090342679127725,0.0657894736842105,-2.235294117647059,2.3027027027027027,0.0,-0.2564102564102564,0.0,0.0,0.0,0.0,0.0263157894736842,-1.0,0.0323624595469255,0.9090909090909092,0.0,0.3402134510975312,0.1040730337078651,0.0752895752895752,0.0631410256410256,24100000.0,30700000.0,21500000.0,33500000.0,12500000.0,8150000.0,3300000.0,40.77669902912621,145.3846153846154,60.57692307692307,2.2071428571428573,0.6190476190476191,1.4857142857142858,0.1214953271028037,0.0064102564102564,1990-12-31,,amc,,2025-04-25,1990-12-31,,3.34078125,1458825.0
1990-09-30,GEN,USD,849399,1990-09-30,1990-09-30 00:00:00,1991,Q2,27500000.0,4800000.0,22700000.0,0.8254545455,0,0.0,0.0,23600000.0,900000.0,24500000.0,29300000.0,0.0,0.0,1100000.0,-700000.0,-0.0254545455,-1800000.0,-0.0654545455,400000.0,-1400000.0,-0.0509090909,-500000.0,-900000.0,-0.0327272727,-0.0062,-0.0062,144000000,144000000,,,0.1909722222222222,-0.00625,0.0006944444444444,-0.0076388888888888,0.1340277777777777,0.1652777777777777,0.1548611111111111,0.1652777777777777,0.0222222222222222,216000000.0,199900000.0,-60.0,7.8545454545454545,2160.0,-196.3636363636364,9.07563025210084,9.07563025210084,7.269090909090909,-285.57142857142856,1999.0,-181.72727272727272,-0.0041666666666666,-0.0050925925925925,0.134453781512605,0.0670859538784067,23.0,1.7570093457943925,0.0,-0.0769230769230769,0.0,0.0,0.0,0.0,0.0314465408805031,12.0,0.0436363636363636,1.0909090909090908,0.0,,-0.0428571428571428,-0.0194805194805194,0.0361111111111111,16200000.0,22300000.0,13700000.0,25200000.0,8300000.0,6650000.0,2450000.0,36.0,148.125,58.125,2.5,0.6075949367088608,1.5483870967741935,-0.0378151260504201,0.0083333333333333,1990-09-30,,amc,,2025-04-25,1990-09-30,,2.85375,1402125.0
1990-06-30,GEN,USD,849399,1990-06-30,1990-06-30 00:00:00,1991,Q1,17100000.0,2600000.0,14500000.0,0.8479532164,0,0.0,0.0,11000000.0,700000.0,11700000.0,14300000.0,0.0,0.0,700000.0,3500000.0,0.2046783626,2800000.0,0.1637426901,300000.0,3100000.0,0.1812865497,1000000.0,2100000.0,0.1228070175,0.02,0.02,105000000,105000000,,,0.1628571428571428,0.02,0.0304761904761904,0.0123809523809523,0.2114285714285714,0.2228571428571428,0.2076190476190476,0.2228571428571428,0.0657142857142857,169050000.0,153750000.0,20.125,9.885964912280702,52.828125,130.03846153846155,7.2243589743589745,7.2243589743589745,8.991228070175438,43.92857142857143,48.046875,118.26923076923076,0.0124223602484472,0.007690032534753,0.2948717948717949,0.1674757281553398,-4.371428571428571,2.6178861788617884,0.0,1.5238095238095235,0.0,0.0,0.0,0.0,0.0388349514563106,0.59375,0.1111111111111111,2.7142857142857144,0.0,0.3166791977470485,0.0623938879456706,0.053030303030303,0.0904761904761904,19900000.0,21800000.0,14400000.0,27700000.0,5700000.0,3800000.0,1500000.0,29.473684210526315,186.9230769230769,62.30769230769231,3.0535714285714284,0.4814814814814814,1.4444444444444444,0.0897435897435897,0.018095238095238,1990-06-30,,amc,,2025-04-25,1990-06-30,,2.4188524590163936,2254740.9836065574
1990-03-31,GEN,USD,849399,1990-03-31,1990-03-31 00:00:00,1990,Q4,14000000.0,1500000.0,12500000.0,0.8928571429,0,0.0,0.0,9100000.0,1100000.0,10200000.0,11700000.0,0.0,0.0,1100000.0,3400000.0,0.2428571429,2300000.0,0.1642857143,200000.0,2500000.0,0.1785714286,500000.0,2000000.0,0.1428571429,0.019,0.019,105000000,105000000,,,0.1333333333333333,0.019047619047619,0.0371428571428571,0.0228571428571428,0.2047619047619047,0.2028571428571428,0.1866666666666666,0.2028571428571428,0.0733333333333333,131250000.0,117450000.0,16.40625,9.375,33.65384615384615,54.6875,6.161971830985916,6.161971830985916,8.389285714285714,34.544117647058826,30.115384615384617,48.9375,0.0152380952380952,0.0182857142857142,0.3615023474178404,0.2015706806282722,-4.0588235294117645,2.842592592592593,0.0,1.95,0.0,0.0,0.0,0.0,0.0445026178010471,0.3846153846153846,0.1071428571428571,1.3636363636363635,0.0,0.2948538205792899,0.0634482758620689,0.0547945205479452,0.0909523809523809,19900000.0,19600000.0,13800000.0,26500000.0,6300000.0,2200000.0,1050000.0,37.285714285714285,132.0,72.0,2.413793103448276,0.6818181818181818,1.25,0.0938967136150234,0.0142857142857142,1990-03-31,,amc,,2025-04-25,1990-03-31,,1.433125,1038275.0
1989-12-31,GEN,USD,849399,1989-12-31,1989-12-31 00:00:00,1990,Q3,12900000.0,2000000.0,10900000.0,0.8449612403,0,0.0,0.0,8300000.0,500000.0,8800000.0,10800000.0,0.0,0.0,500000.0,2600000.0,0.2015503876,2100000.0,0.1627906977,200000.0,2300000.0,0.1782945736,500000.0,1800000.0,0.1395348837,0.0175,0.0175,102857143,102857143,,,0.1254166664924768,0.0174999999756944,0.0194444444174382,0.0155555555339506,0.1847222219656635,0.1808333330821759,0.1662499997690972,0.1808333330821759,0.0758333332280092,99642857.28125,88442857.28125,13.839285733506944,7.72425250242248,49.821428640624994,62.27678580078125,5.357142864583333,5.357142864583333,6.856035448158915,34.01648356971154,44.221428640625,55.27678580078125,0.0180645161039426,0.016057347647949,0.4193548387096774,0.2234957020057306,-4.307692307692308,3.0104166666666665,0.0,1.1111111111111112,0.0,0.0,0.0,0.0,0.0429799426934097,0.2,0.0310077519379844,0.8,0.0,0.2668391365639859,0.0622529644268774,0.0538922155688622,0.0802083332219328,19300000.0,17100000.0,12600000.0,24800000.0,6850000.0,2700000.0,1050000.0,47.44186046511628,99.0,40.5,1.897058823529412,0.9090909090909092,2.2222222222222223,0.0967741935483871,0.0038888888834876,1989-12-31,,amc,,2025-04-25,1989-12-31,,1.4753968253968257,513142.8571428572
1989-09-30,GEN,USD,849399,1989-09-30,1989-09-30 00:00:00,1990,Q2,12000000.0,1800000.0,10200000.0,0.85,0,0.0,0.0,7600000.0,500000.0,8100000.0,9900000.0,0.0,0.0,500000.0,2600000.0,0.2166666667,2100000.0,0.175,0.0,2100000.0,0.175,500000.0,1600000.0,0.1333333333,0.0163,0.0163,98461538,98461538,,,0.121875000571289,0.0162500000761718,0.0213281250999755,0.0162500000761718,0.1767187508283691,0.1685937507902832,0.1503125007045898,0.1685937507902832,0.0802343753760986,98461538.0,88961538.0,15.3846153125,8.205128166666666,46.88644666666666,61.53846125,5.931417951807228,5.931417951807228,7.4134615,34.21597615384616,42.362637142857146,55.60096125,0.0162500000761718,0.0162500000761718,0.4759036144578313,0.2365269461077844,-3.6538461538461537,2.71,0.0,1.2352941176470589,0.0,0.0,0.0,0.0,0.0538922155688622,0.238095238095238,0.0416666666666666,1.0,0.0,0.248278252011014,0.0653061224489796,0.050632911392405,0.0647460940534973,17100000.0,14800000.0,10300000.0,22800000.0,6300000.0,2850000.0,950000.0,51.74999999999999,160.0,60.0,1.7391304347826086,0.5625,1.5,0.0963855421686747,0.0050781250238037,1989-09-30,,amc,,2025-04-25,1989-09-30,,1.3768253968253967,410412.4444444445
1989-06-30,GEN,USD,849399,1989-06-30,1989-06-30 00:00:00,1990,Q1,11200000.0,1800000.0,9400000.0,0.8392857143,0,0.0,0.0,7200000.0,400000.0,7600000.0,9400000.0,0.0,100000.0,400000.0,2200000.0,0.1964285714,1800000.0,0.1607142857,-100000.0,1700000.0,0.1517857143,500000.0,1200000.0,0.1071428571,0.015,0.015,80000000,80000000,,,0.14,0.015,0.04375,0.03875,0.19875,0.18625,0.16125,0.18625,0.1,56250400.0,48250400.0,11.718833333333334,5.022357142857143,16.07154285714286,18.14529032258065,3.775194630872483,3.775194630872483,4.308071428571429,21.932,13.78582857142857,15.564645161290322,0.0213331816307084,0.0551107192126633,0.5302013422818792,0.265993265993266,-3.636363636363636,2.9375,18.0,2.9166666666666665,0.0,0.0,0.0,0.0,0.0673400673400673,0.1142857142857142,0.0357142857142857,1.0,0.0,0.2507177197567016,0.0557275541795665,0.0433212996389891,0.0715625,15500000.0,12900000.0,8700000.0,21200000.0,5750000.0,1250000.0,900000.0,45.80357142857143,125.0,35.0,1.9649122807017545,0.72,2.571428571428572,0.0805369127516778,0.005,1989-06-30,,amc,,2025-04-25,1989-06-30,,1.1331746031746033,893663.4920634921
1989-03-31,GEN,USD,849399,1989-03-31,1989-03-31 00:00:00,1989,Q4,10800000.0,0.0,10800000.0,1.0,0,0.0,0.0,0.0,-35900000.0,-35900000.0,-35900000.0,0.0,0.0,0.0,-25100000.0,-2.3240740741,-25100000.0,-2.3240740741,25100000.0,0.0,0.0,0.0,0.0,0.0,0.0,0.0,80000000,80000000,,,0.135,0.0,,,0.05375,0.04875,0.02125,0.04875,0.02125,57500000.0,54900000.0,0.0,5.324074074074074,0.0,0.0,14.743589743589745,14.743589743589745,5.083333333333333,-2.187250996015936,0.0,0.0,0.0,,0.4358974358974359,0.0944444444444444,0.1035856573705179,2.1666666666666665,0.0,0.0,,0.0,0.0,0.0,0.1222222222222222,0.0,,0.0,,0.0,,0.0,-0.06125,6300000.0,1700000.0,-2400000.0,11900000.0,,,,48.333333333333336,0.0,0.0,1.862068965517241,0.0,0.0,0.0,,1989-03-31,,amc,,2025-04-25,1989-03-31,,,
1988-12-31,GEN,USD,849399,1988-12-31,1988-12-31 00:00:00,1989,Q3,10700000.0,0.0,10700000.0,1.0,0,0.0,0.0,0.0,0.0,0.0,0.0,0.0,0.0,0.0,10700000.0,1.0,10700000.0,1.0,-10700000.0,0.0,0.0,0.0,0.0,0.0,-0.0012,-0.0012,80000000,80000000,,,0.13375,0.0,,,,,,,,57500000.0,,0.0,5.373831775700935,0.0,0.0,0.0,0.0,,,0.0,0.0,0.0,,0.0,0.0,,0.0,0.0,0.0,,0.0,0.0,0.0,0.0,0.0,,0.0,,,0.0,0.0,,,,,,,,,,0.0,0.0,0.0,0.0,0.0,0.0,,1988-12-31,,amc,,2025-04-25,1988-12-31,,,
1988-09-30,GEN,USD,849399,1988-09-30,1988-09-30 00:00:00,1989,Q2,9600000.0,0.0,9600000.0,1.0,0,0.0,0.0,0.0,0.0,0.0,0.0,0.0,0.0,0.0,9600000.0,1.0,9600000.0,1.0,-9600000.0,0.0,0.0,0.0,0.0,0.0,0.0075,0.0075,80000000,80000000,,,0.12,0.0,,,,,,,,57500000.0,,0.0,5.989583333333333,0.0,0.0,0.0,0.0,,,0.0,0.0,0.0,,0.0,0.0,,0.0,0.0,0.0,,0.0,0.0,0.0,0.0,0.0,,0.0,,,0.0,0.0,,,,,,,,,,0.0,0.0,0.0,0.0,0.0,0.0,,1988-09-30,,amc,,2025-04-25,1988-09-30,,,
1988-06-30,GEN,USD,849399,1988-06-30,1988-06-30 00:00:00,1989,Q1,8800000.0,0.0,8800000.0,1.0,0,0.0,0.0,0.0,0.0,0.0,0.0,0.0,0.0,0.0,8800000.0,1.0,8800000.0,1.0,-8800000.0,0.0,0.0,0.0,0.0,0.0,-0.01,-0.01,80000000,80000000,,,0.11,0.0,,,,,,,,57500000.0,,0.0,6.534090909090909,0.0,0.0,0.0,0.0,,,0.0,0.0,0.0,,0.0,0.0,,0.0,0.0,0.0,,0.0,0.0,0.0,0.0,0.0,,0.0,,,0.0,0.0,,,,,,,,,,0.0,0.0,0.0,0.0,0.0,0.0,,1988-06-30,,amc,,2025-04-25,1988-06-30,,,
