date,symbol,reportedCurrency,cik,fillingDate,acceptedDate,calendarYear,period,revenue,costOfRevenue,grossProfit,grossProfitRatio,researchAndDevelopmentExpenses,generalAndAdministrativeExpenses,sellingAndMarketingExpenses,sellingGeneralAndAdministrativeExpenses,otherExpenses,operatingExpenses,costAndExpenses,interestIncome,interestExpense,depreciationAndAmortization,ebitda,ebitdaratio,operatingIncome,operatingIncomeRatio,totalOtherIncomeExpensesNet,incomeBeforeTax,incomeBeforeTaxRatio,incomeTaxExpense,netIncome,netIncomeRatio,eps,epsdiluted,weightedAverageShsOut,weightedAverageShsOutDil,link,finalLink,revenuePerShare,netIncomePerShare,operatingCashFlowPerShare,freeCashFlowPerShare,cashPerShare,bookValuePerShare,tangibleBookValuePerShare,shareholdersEquityPerShare,interestDebtPerShare,marketCap,enterpriseValue,peRatio,priceToSalesRatio,pocfratio,pfcfRatio,pbRatio,ptbRatio,evToSales,enterpriseValueOverEBITDA,evToOperatingCashFlow,evToFreeCashFlow,earningsYield,freeCashFlowYield,debtToEquity,debtToAssets,netDebtToEBITDA,currentRatio,interestCoverage,incomeQuality,dividendYield,payoutRatio,salesGeneralAndAdministrativeToRevenue,researchAndDdevelopementToRevenue,intangiblesToTotalAssets,capexToOperatingCashFlow,capexToRevenue,capexToDepreciation,stockBasedCompensationToRevenue,grahamNumber,roic,returnOnTangibleAssets,grahamNetNet,workingCapital,tangibleAssetValue,netCurrentAssetValue,investedCapital,averageReceivables,averagePayables,averageInventory,daysSalesOutstanding,daysPayablesOutstanding,daysOfInventoryOnHand,receivablesTurnover,payablesTurnover,inventoryTurnover,roe,capexPerShare,report_date,epsEstimated,time,revenueEstimated,updatedFromDate,fiscalDateEnding,surprise(%),QuarterAvgPrice,QuarterAvgVolume
2025-03-31,GLW,USD,24741,2025-05-02,2025-05-02 11:06:26,2025,Q1,3452000000.0,2238000000.0,1214000000.0,0.3516801854,270000000,0.0,0.0,471000000.0,0.0,741000000.0,2979000000.0,12000000.0,82000000.0,319000000.0,641000000.0,0.1856894554,445000000.0,0.1289107764,-205000000.0,240000000.0,0.0695249131,55000000.0,157000000.0,0.0454808806,0.18,0.18,855000000,854000000,https://www.sec.gov/Archives/edgar/data/24741/000162828025021711/0001628280-25-021711-index.htm,https://www.sec.gov/Archives/edgar/data/24741/000162828025021711/glw-20250331.htm,4.037426900584795,0.183625730994152,0.1766081871345029,-0.0666666666666666,1.5894736842105264,13.015204678362574,9.385964912280702,12.533333333333331,9.63157894736842,39141900000.0,45935900000.0,62.32786624203822,11.338904982618772,259.21788079470195,-686.7,3.652659574468085,3.652659574468085,13.307039397450753,71.6628705148206,304.2112582781457,-805.8929824561403,0.0040110469854554,-0.00145623998835,0.7608249346771183,0.2976199167700956,10.5990639625585,1.690028741985408,5.426829268292683,0.8162162162162162,0.006182632932995,1.5414012738853504,0.0,0.0782155272305909,0.1132729794845586,1.3774834437086092,0.0602549246813441,0.6520376175548589,0.0156431054461181,7.196002789073312,0.0148147548299789,0.0064632991642995,-13.94766081871345,3121000000.0,8025000000.0,-8622000000.0,19584000000.0,2049000000.0,1604500000.0,2810000000.0,53.31691772885284,69.85254691689008,116.46112600536192,1.6880195599022003,1.2884283246977548,0.7727900552486188,0.0146509891750653,0.2432748538011696,2025-04-29,0.507,bmo,3643380974.0,2025-05-11,2025-03-31,0.0650887573964497,49.37408333333334,5984428.8
2024-12-31,GLW,USD,24741,2025-02-13,2025-02-13 13:15:45,2024,Q4,3501000000.0,2304000000.0,1197000000.0,0.3419023136,275000000,0.0,0.0,499000000.0,30000000.0,804000000.0,3108000000.0,13000000.0,79000000.0,335000000.0,776000000.0,0.2216509569,393000000.0,0.1122536418,44000000.0,437000000.0,0.1248214796,97000000.0,310000000.0,0.0885461297,0.35,0.36,881989768,854000000,https://www.sec.gov/Archives/edgar/data/24741/000162828025005347/0001628280-25-005347-index.htm,https://www.sec.gov/Archives/edgar/data/24741/000162828025005347/glw-20241231.htm,3.969433804134562,0.3514780003660995,0.7063574007357418,0.4183722004357765,2.004558402087948,12.551166013073294,9.019379009394584,12.115786812619804,9.263146009648493,41912153775.36,48235153775.36,33.8001240123871,11.97148065562982,67.2747251610915,113.58307256195124,3.922155509578889,3.922155509578889,13.777536068369038,62.15870331876289,77.42400284969503,130.71857391696477,0.0073964225666266,0.0088041287970491,0.757158899494666,0.2917252568956192,8.14819587628866,1.6247204716405774,4.974683544303797,1.8323529411764703,0.0059409974809356,0.8032258064516129,0.0,0.0785489860039988,0.1123129619614205,0.4077046548956661,0.0725506998000571,0.7582089552238805,0.0202799200228506,9.78849997393039,0.0131586087011669,0.012591389114541,-13.600214464165983,3073000000.0,7955000000.0,-8673000000.0,19547000000.0,2019500000.0,1518500000.0,2758500000.0,52.77634961439589,57.5,106.40625,1.7053093034583535,1.565217391304348,0.8458149779735683,0.0290099195208684,0.2879852002999654,2025-01-29,0.56,bmo,3763835760.0,2025-04-29,2024-12-31,0.0178571428571426,47.3721875,4342501.65625
2024-09-30,GLW,USD,24741,2024-11-01,2024-11-01 10:59:58,2024,Q3,3391000000.0,2254000000.0,1137000000.0,0.3352993217,294000000,0.0,0.0,510000000.0,0.0,804000000.0,3058000000.0,12000000.0,83000000.0,339000000.0,330000000.0,0.0973164258,302000000.0,0.0890592746,-394000000.0,-92000000.0,-0.0271306399,3000000.0,-117000000.0,-0.0345030964,-0.14,-0.14,854000000,854000000,https://www.sec.gov/Archives/edgar/data/24741/000143774924032912/0001437749-24-032912-index.htm,https://www.sec.gov/Archives/edgar/data/24741/000143774924032912/glw20240930_10q.htm,3.970725995316159,-0.1370023419203747,0.8185011709601874,0.5644028103044496,1.8887587822014047,13.427400468384077,9.675644028103044,13.001170960187354,9.864168618266978,38558100000.0,45286100000.0,-82.38910256410256,11.370716602772044,55.161802575107295,79.9960580912863,3.472764117805998,3.472764117805998,13.35479209672663,137.23060606060605,64.78698140200287,93.9545643153527,-0.0030343818808499,0.0125006159535869,0.7512384040349455,0.2945060377092013,20.387878787878787,1.6553806340306232,3.63855421686747,-7.3578947368421055,0.0062762428646639,-2.068376068376069,0.0,0.086700088469478,0.1131276039827695,0.3104434907010014,0.0639929224417576,0.640117994100295,0.0224122677676201,,0.0129327676393213,-0.0046580141731029,-14.468384074941453,3039000000.0,8263000000.0,-9179000000.0,20302000000.0,1853500000.0,1515500000.0,2737500000.0,52.71011501032144,62.48890860692103,111.52173913043478,1.7074521651560923,1.4402555910543131,0.8070175438596491,-0.0105376925155363,0.2540983606557377,2024-10-29,0.526,bmo,3716779400.0,2025-04-25,2024-09-30,0.026615969581749,42.0709375,6690366.46875
2024-06-30,GLW,USD,24741,2024-08-02,2024-08-02 16:20:53,2024,Q2,3251000000.0,2317000000.0,934000000.0,0.2872962165,262000000,0.0,0.0,319000000.0,33000000.0,581000000.0,2898000000.0,10000000.0,84000000.0,335000000.0,591000000.0,0.1817902184,353000000.0,0.1085819748,-14000000.0,172000000.0,0.0529067979,50000000.0,104000000.0,0.0319901569,0.12,0.12,853000000,864000000,https://www.sec.gov/Archives/edgar/data/24741/000143774924024494/0001437749-24-024494-index.htm,https://www.sec.gov/Archives/edgar/data/24741/000143774924024494/glw20240630_10q.htm,3.811254396248535,0.1219226260257913,0.6107854630715123,0.3270808909730363,1.663540445486518,12.81008206330598,9.05744431418523,12.409144196951935,9.708089097303636,32976980000.0,39754980000.0,79.27158653846153,10.143641956321131,63.295547024952015,118.19706093189964,3.115444496929617,3.115444496929617,12.228538911104277,67.26730964467005,76.30514395393475,142.4909677419355,0.0031537151067199,0.0084604472574505,0.774397732640529,0.3015931417638618,11.468697123519458,1.5733539549270878,4.2023809523809526,5.009615384615385,0.007641694297052,2.423076923076923,0.0,0.0805905875115349,0.1177747525663195,0.4644913627639155,0.0744386342663795,0.7223880597014926,0.0203014457090126,5.834509196373292,0.0108292773206276,0.0043373092001,-14.303927315357562,2595000000.0,7726000000.0,-9131000000.0,19538000000.0,1671000000.0,1471000000.0,2697500000.0,47.64380190710551,56.94432455761761,104.17781614156236,1.8890180127832656,1.5804911323328783,0.8639075316927666,0.0098252243741143,0.283704572098476,2024-07-30,0.4631,bmo,3549707683.0,2025-04-25,2024-06-30,0.0148995897214423,34.92634920634921,6015168.079365079
2024-03-31,GLW,USD,24741,2024-05-02,2024-05-02 13:40:38,2024,Q1,2975000000.0,2012000000.0,963000000.0,0.323697479,258000000,0.0,0.0,451000000.0,74000000.0,709000000.0,2721000000.0,12000000.0,83000000.0,337000000.0,594000000.0,0.1996638655,254000000.0,0.0853781513,42000000.0,296000000.0,0.0994957983,71000000.0,209000000.0,0.0702521008,0.25,0.24,852000000,862000000,https://www.sec.gov/Archives/edgar/data/24741/000143774924014319/0001437749-24-014319-index.htm,https://www.sec.gov/Archives/edgar/data/24741/000143774924014319/glw20240331_10q.htm,3.491784037558685,0.2453051643192488,0.1126760563380281,-0.1830985915492957,1.602112676056338,13.566901408450704,9.762910798122066,13.17605633802817,9.828638497652582,27834840000.0,34760840000.0,33.29526315789474,9.3562487394958,289.94625,-178.42846153846153,2.479497594869054,2.479497594869054,11.684315966386556,58.51993265993266,362.0920833333333,-222.82589743589745,0.0075085755836929,-0.0056044870385459,0.738553358275432,0.3002027663118256,11.65993265993266,1.6697005988023952,3.060240963855421,0.4593301435406698,0.0087300663485042,1.1626794258373203,0.0,0.0867226890756302,0.1173510029690781,2.625,0.0847058823529411,0.7477744807121661,0.0201680672268907,8.52780628088448,0.0080906103052432,0.0085736554949337,-14.227406103286384,2796000000.0,8318000000.0,-9088000000.0,20236000000.0,1596500000.0,1471000000.0,2689500000.0,49.03865546218487,66.02385685884691,121.35685884691848,1.835286859962986,1.3631436314363143,0.7416144489495023,0.0186174951006591,0.2957746478873239,2024-04-30,0.3518,bmo,3117630997.0,2025-04-25,2024-03-31,0.0801591813530415,31.840983606557376,4846685.360655738
2023-12-31,GLW,USD,24741,2024-02-12,2024-02-12 13:58:00,2023,Q4,2994000000.0,2083000000.0,911000000.0,0.3042752171,289000000,0.0,0.0,514000000.0,-72000000.0,803000000.0,2886000000.0,13000000.0,90000000.0,345000000.0,837000000.0,0.2795591182,78000000.0,0.0260521042,-116000000.0,-38000000.0,-0.0126920508,10000000.0,-40000000.0,-0.0133600534,-0.047,-0.047,851000000,851000000,https://www.sec.gov/Archives/edgar/data/24741/000143774924003735/0001437749-24-003735-index.htm,https://www.sec.gov/Archives/edgar/data/24741/000143774924003735/glw20231231_10k.htm,3.518213866039953,-0.0470035252643948,0.8378378378378378,0.5099882491186839,2.09048178613396,13.945945945945946,10.08578143360752,13.573443008225617,10.075205640423032,25912950000.0,32617950000.0,-161.9559375,8.65495991983968,36.34354838709677,59.70725806451613,2.243351225002164,2.243351225002164,10.894438877755512,38.970071684587815,45.74747545582048,75.1565668202765,-0.0015436297295367,0.016748382565474,0.7344818630421609,0.2976842105263158,8.010752688172044,1.669830979393378,0.8666666666666667,-25.464285714285715,0.009570504323128,-6.2,0.0,0.0965263861055444,0.1152631578947368,0.391304347826087,0.0931863727454909,0.808695652173913,0.0167000668002672,,0.0040030193714489,-0.0015863573269879,-14.501762632197416,2893000000.0,8583000000.0,-9420000000.0,21691000000.0,1648500000.0,1462500000.0,2660500000.0,47.25450901803607,63.341334613538166,115.18963034085454,1.904580152671756,1.4208731241473398,0.7813203300825207,-0.003462903644706,0.3278495887191539,2024-01-30,0.4,bmo,3252780000.0,2025-04-25,2023-12-31,-0.025,28.594285714285714,4037692.793650794
2023-09-30,GLW,USD,24741,2023-10-30,2023-10-30 11:53:49,2023,Q3,3173000000.0,2169000000.0,1004000000.0,0.316419792,270000000,0.0,0.0,468000000.0,33000000.0,738000000.0,2907000000.0,10000000.0,82000000.0,340000000.0,565000000.0,0.1780649228,236000000.0,0.0743775607,-19000000.0,217000000.0,0.0683895367,-35000000.0,164000000.0,0.0516861015,0.19,0.19,850000000,859000000,https://www.sec.gov/Archives/edgar/data/24741/000143774923029347/0001437749-23-029347-index.htm,https://www.sec.gov/Archives/edgar/data/24741/000143774923029347/glw20230930_10q.htm,3.732941176470588,0.1929411764705882,0.8494117647058823,0.448235294117647,1.928235294117647,13.816470588235294,9.92235294117647,13.447058823529412,8.928235294117647,25899500000.0,31767500000.0,39.48094512195122,8.16246454459502,35.871883656509695,67.97769028871392,2.265923009623797,2.265923009623797,10.011818468326505,56.22566371681416,43.99930747922438,83.37926509186352,0.0063321685746829,0.0147107087009401,0.6567804024496938,0.2654713911874956,10.385840707964602,1.7031505250875143,2.8780487804878048,3.967032967032967,0.0094982528620243,1.5,0.0,0.0850929719508351,0.1170521253271094,0.4722991689750692,0.107469271982351,1.0029411764705882,0.0179640718562874,7.640422459741464,0.0112330730440623,0.0065684075616789,-14.43970588235294,3013000000.0,8434000000.0,-9236000000.0,20730000000.0,1699500000.0,1489000000.0,2706000000.0,48.92845887173023,60.53941908713693,110.16597510373444,1.8394202898550724,1.4866346812885538,0.8169491525423729,0.0143482064741907,0.4011764705882353,2023-10-24,0.46,bmo,3502080000.0,2025-04-25,2023-09-30,-0.0217391304347826,32.705714285714286,3576724.777777778
2023-06-30,GLW,USD,24741,2023-07-27,2023-07-27 12:22:51,2023,Q2,3243000000.0,2230000000.0,1013000000.0,0.312365094,263000000,0.0,0.0,440000000.0,31000000.0,734000000.0,2933000000.0,8000000.0,81000000.0,343000000.0,621000000.0,0.1914893617,45000000.0,0.0138760407,130000000.0,409000000.0,0.1261177922,-106000000.0,515000000.0,0.1588035769,0.61,0.6,848000000,859000000,https://www.sec.gov/Archives/edgar/data/24741/000143774923020854/0001437749-23-020854-index.htm,https://www.sec.gov/Archives/edgar/data/24741/000143774923020854/glw20230630_10q.htm,3.8242924528301887,0.6073113207547169,0.7299528301886793,0.2724056603773584,1.8136792452830188,13.808962264150944,9.85377358490566,13.45754716981132,9.086084905660377,29713920000.0,35799920000.0,14.424233009708738,9.162479185938944,48.00310177705977,128.63168831168832,2.603743427970558,2.603743427970558,11.03913660191181,57.64882447665056,57.83508885298869,154.97800865800866,0.0173319440854656,0.0077741341431894,0.6680686996144409,0.2661546517716879,9.800322061191626,1.653366583541147,0.5555555555555556,2.042904290429043,0.0086154906521926,0.4970873786407767,0.0,0.0810977489978415,0.1170884971199162,0.6268174474959612,0.1196423065063213,1.131195335276968,0.0181930311440024,13.56063113504983,0.0023104955018366,0.0203629749713336,-15.05070754716981,2882000000.0,8356000000.0,-9642000000.0,20917000000.0,1681000000.0,1590500000.0,2810000000.0,46.45698427382053,61.304932735426014,111.26905829596411,1.9372759856630823,1.468071099407505,0.8088501994922017,0.0451279355064844,0.4575471698113207,2023-07-25,0.46,bmo,3480910000.0,2025-04-25,2023-06-30,-0.0217391304347826,32.8716129032258,4959416.129032258
2023-03-31,GLW,USD,24741,2023-04-28,2023-04-28 11:32:07,2023,Q1,3178000000.0,2175000000.0,1003000000.0,0.3156073002,254000000,0.0,0.0,421000000.0,31000000.0,706000000.0,2881000000.0,7000000.0,76000000.0,341000000.0,637000000.0,0.2004405286,297000000.0,0.0934550031,-69000000.0,228000000.0,0.0717432347,37000000.0,176000000.0,0.0553807426,0.21,0.2,844000000,859000000,https://www.sec.gov/Archives/edgar/data/24741/000143774923011533/0001437749-23-011533-index.htm,https://www.sec.gov/Archives/edgar/data/24741/000143774923011533/glw20230331_10q.htm,3.765402843601896,0.2085308056872037,-0.0580568720379146,-0.5106635071090048,1.3578199052132702,14.463270142180097,10.43957345971564,14.12914691943128,8.207345971563981,29776320000.0,35481320000.0,42.29590909090909,9.369515418502203,-607.68,-69.08658932714617,2.496966037735849,2.496966037735849,11.16466960352423,55.70065934065934,-724.1085714285714,-82.32324825986079,0.0059107371226531,-0.0144745892037699,0.5745073375262054,0.2377003677746166,8.956043956043956,1.440812905929185,3.9078947368421058,-0.256544502617801,0.0080265123426937,1.3579545454545454,0.0,0.079924480805538,0.1178266601901325,-7.795918367346939,0.1202013845185651,1.1202346041055715,0.0163624921334172,8.142060782909462,0.0102194459697259,0.0069220482970187,-15.132109004739336,2104000000.0,8811000000.0,-9738000000.0,20637000000.0,1704500000.0,1733000000.0,2883500000.0,47.80365009439899,68.77241379310344,118.46896551724136,1.882701421800948,1.3086642599277978,0.759692630108278,0.0147589098532494,0.45260663507109,2023-04-25,0.39,bmo,3343210000.0,2025-04-25,2023-03-31,0.0512820512820511,34.781612903225806,4374750.774193549
2022-12-31,GLW,USD,24741,2023-02-13,2023-02-13 15:17:42,2022,Q4,3406000000.0,2491000000.0,915000000.0,0.2686435702,281000000,0.0,0.0,517000000.0,31000000.0,829000000.0,3320000000.0,6000000.0,76000000.0,346000000.0,847000000.0,0.2486788021,-14000000.0,-0.0041103934,-82000000.0,4000000.0,0.0011743981,31000000.0,-27000000.0,-0.0079271873,-0.032,-0.032,843000000,843000000,https://www.sec.gov/Archives/edgar/data/24741/000143774923003123/0001437749-23-003123-index.htm,https://www.sec.gov/Archives/edgar/data/24741/000143774923003123/glw20221231_10k.htm,4.040332147093713,-0.0320284697508896,0.7319098457888493,0.2538552787663108,1.98220640569395,14.561091340450773,10.5005931198102,14.244365361803084,9.362989323843417,26925420000.0,33071420000.0,-249.30944444444444,7.905290663534938,43.63925445705025,125.81971962616822,2.242290139906729,2.242290139906729,9.709753376394598,39.045360094451006,53.60035656401945,154.53934579439252,-0.0010027698732276,0.0079478797359521,0.6509826782145236,0.2649920336282585,7.256198347107438,1.440193236714976,-0.1842105263157894,-22.85185185185185,0.0087649514845079,-8.74074074074074,0.0,0.0825014679976512,0.1160378317909081,0.653160453808752,0.1183206106870229,1.1647398843930636,0.0088079859072225,,0.0038322721927085,-0.0010354348826507,-15.196026097271648,2278000000.0,8852000000.0,-9771000000.0,21914000000.0,1670500000.0,1806000000.0,2927500000.0,45.47563123899001,65.17864311521478,104.9217181854677,1.979081929110982,1.380820399113082,0.8577823691460055,-0.0022485009993337,0.4780545670225385,2023-01-31,0.44,bmo,3550769940.0,2025-04-25,2022-12-31,0.0681818181818181,32.4384126984127,4462552.920634921
2022-09-30,GLW,USD,24741,2022-10-27,2022-10-27 14:38:18,2022,Q3,3488000000.0,2426000000.0,1062000000.0,0.3044724771,278000000,0.0,0.0,461000000.0,31000000.0,770000000.0,3196000000.0,3000000.0,73000000.0,358000000.0,677000000.0,0.1940940367,401000000.0,0.1149655963,-32000000.0,260000000.0,0.0745412844,34000000.0,208000000.0,0.0596330275,0.25,0.24,843000000,855000000,https://www.sec.gov/Archives/edgar/data/24741/000143774922024920/0001437749-22-024920-index.htm,https://www.sec.gov/Archives/edgar/data/24741/000143774922024920/glw20220930_10q.htm,4.137603795966785,0.2467378410438908,0.8374851720047449,0.2858837485172005,1.933570581257414,13.698695136417555,9.645314353499408,13.38552787663108,8.073546856465006,24463860000.0,29566860000.0,29.403677884615384,7.01372133027523,34.651359773371105,101.50979253112033,2.1680131159163416,2.1680131159163416,8.476737385321101,43.673353028064994,41.87940509915014,122.6840663900415,0.0085023377341106,0.0098512663169262,0.5966855724920241,0.2343135548982077,7.537666174298376,1.5103541706986645,5.493150684931507,3.1238938053097347,0.0095651299508744,1.125,0.0,0.0797018348623853,0.1189142161127544,0.6586402266288952,0.1333142201834862,1.2988826815642458,0.0149082568807339,8.620389527975943,0.0146006592578033,0.0082154988545698,-15.262752075919336,2637000000.0,8131000000.0,-9383000000.0,20699000000.0,1703000000.0,1871000000.0,2893000000.0,41.800458715596335,67.07337180544106,109.4765045342127,2.1530864197530866,1.3418141592920354,0.8220942053541173,0.0184331797235023,0.5516014234875445,2022-10-25,0.51,bmo,3664095403.0,2025-04-25,2022-09-30,0.0,33.865625,4484341.328125
2022-06-30,GLW,USD,24741,2022-07-29,2022-07-29 11:01:17,2022,Q2,3615000000.0,2369000000.0,1246000000.0,0.3446749654,240000000,0.0,0.0,486000000.0,30000000.0,756000000.0,3125000000.0,3000000.0,72000000.0,375000000.0,866000000.0,0.2395573997,490000000.0,0.1355463347,260000000.0,750000000.0,0.2074688797,166000000.0,563000000.0,0.1557399723,0.67,0.66,843000000,856000000,https://www.sec.gov/Archives/edgar/data/24741/000143774922018099/0001437749-22-018099-index.htm,https://www.sec.gov/Archives/edgar/data/24741/000143774922018099/glw20220630_10q.htm,4.288256227758007,0.66785290628707,0.8991696322657177,0.4804270462633452,1.9323843416370108,14.2135231316726,10.088967971530248,13.919335705812577,8.149466192170818,26562930000.0,31731930000.0,11.795261989342809,7.34797510373444,35.04344327176781,65.58748148148148,2.2637574569626726,2.2637574569626726,8.777850622406639,36.641951501154736,41.86270448548812,78.35044444444445,0.021194951008793,0.0152468120045491,0.5793420828362025,0.2287502523722996,5.968822170900693,1.425497287522604,6.805555555555555,1.297945205479452,0.0088092691581839,0.4156305506216696,0.0,0.0663900414937759,0.1169997981021603,0.4656992084432718,0.0976486860304287,0.9413333333333334,0.0141078838174273,14.462418473617303,0.0156339547906849,0.021454975039061,-15.83629893238434,2353000000.0,8505000000.0,-9853000000.0,21180000000.0,1848000000.0,1891500000.0,2726500000.0,44.46473029045644,73.47403967918953,107.70367243562684,2.02407614781635,1.2249224405377457,0.835626102292769,0.0479802283961138,0.4187425860023724,2022-07-26,0.56,bmo,3776444216.0,2025-04-25,2022-06-30,0.0178571428571426,34.45935483870968,5283062.096774193
2022-03-31,GLW,USD,24741,2022-04-29,2022-04-29 15:27:25,2022,Q1,3680000000.0,2397000000.0,1283000000.0,0.3486413043,248000000,0.0,0.0,434000000.0,31000000.0,713000000.0,3110000000.0,3000000.0,71000000.0,373000000.0,967000000.0,0.2627717391,570000000.0,0.1548913043,191000000.0,761000000.0,0.2067934783,180000000.0,581000000.0,0.1578804348,0.69,0.68,843000000,859000000,https://www.sec.gov/Archives/edgar/data/24741/000143774922010222/0001437749-22-010222-index.htm,https://www.sec.gov/Archives/edgar/data/24741/000143774922010222/glw20220331_10q.htm,4.365361803084223,0.6892052194543298,0.6334519572953736,0.1791221826809015,2.391459074733096,14.981020166073549,10.798339264531435,14.70344009489917,8.368920521945434,31115130000.0,36083130000.0,13.388610154905336,8.455198369565217,58.268033707865165,206.06046357615887,2.510296893908834,2.510296893908834,9.805198369565217,37.31450879007239,67.57140449438202,238.96112582781456,0.0186725879017699,0.0048529445321295,0.5634530052440501,0.2308226195591103,5.137538779731127,1.553250345781466,8.028169014084508,0.919104991394148,0.0073276248564605,0.3924268502581756,0.0,0.067391304347826,0.1165350166903526,0.7172284644194756,0.1040760869565217,1.0268096514745308,0.0114130434782608,15.099932857139397,0.0171268998449492,0.0217350641577195,-15.267497034400948,2800000000.0,9103000000.0,-9767000000.0,22106000000.0,1957000000.0,1730500000.0,2549500000.0,46.71195652173913,69.42428035043805,98.29787234042554,1.9267015706806283,1.296376419686317,0.9155844155844156,0.0468737394110528,0.4543297746144721,2022-04-26,0.5,bmo,3551677611.0,2025-04-25,2022-03-31,0.08,39.02322580645161,5165414.29032258
2021-12-31,GLW,USD,24741,2022-02-14,2022-02-14 15:33:51,2021,Q4,3676000000.0,2405000000.0,1271000000.0,0.3457562568,280000000,0.0,0.0,476000000.0,67000000.0,788000000.0,3193000000.0,3000000.0,73000000.0,379000000.0,967000000.0,0.2630576714,483000000.0,0.1313928183,93000000.0,576000000.0,0.1566920566,89000000.0,487000000.0,0.1324809576,0.57,0.56,849000000,864000000,https://www.sec.gov/Archives/edgar/data/24741/000143774922003247/0001437749-22-003247-index.htm,https://www.sec.gov/Archives/edgar/data/24741/000143774922003247/glw20211231_10k.htm,4.329799764428739,0.5736160188457008,1.204946996466431,0.4711425206124853,2.530035335689046,14.77620730270907,10.57243816254417,14.526501766784452,8.382803297997643,31608270000.0,36504270000.0,16.226011293634496,8.598550054406964,30.89762463343109,79.020675,2.562901970323522,2.562901970323522,9.930432535364528,37.75002068252327,35.68354838709677,91.260675,0.0154073601623878,0.0126549159444664,0.5711505716370713,0.2336783439490445,5.063081695966908,1.593632958801498,6.616438356164384,2.1006160164271046,0.0067071054505672,0.4353182751540041,0.0,0.0761697497279651,0.1183983545647558,0.6089931573802542,0.1694776931447225,1.6437994722955145,0.0198585418933623,13.692489455990229,0.0160226700540144,0.0183254938852304,-14.967608951707891,2853000000.0,8976000000.0,-9940000000.0,22226000000.0,2059000000.0,1504000000.0,2472000000.0,49.06420021762785,60.32432432432432,92.84407484407484,1.8343313373253496,1.4919354838709675,0.9693671906489318,0.039487553717668,0.7338044758539458,2022-01-26,0.52,bmo,3590759816.0,2025-04-25,2021-12-31,0.0384615384615384,37.44765625,4028393.984375
2021-09-30,GLW,USD,24741,2021-10-29,2021-10-29 15:03:01,2021,Q3,3615000000.0,2294000000.0,1321000000.0,0.3654218534,251000000,0.0,0.0,486000000.0,-6000000.0,769000000.0,3063000000.0,3000000.0,72000000.0,371000000.0,952000000.0,0.2633471646,552000000.0,0.1526970954,-72000000.0,480000000.0,0.132780083,109000000.0,371000000.0,0.1026279391,0.44,0.43,852000000,866000000,https://www.sec.gov/Archives/edgar/data/24741/000143774921024640/0001437749-21-024640-index.htm,https://www.sec.gov/Archives/edgar/data/24741/000143774921024640/glw20210930_10q.htm,4.242957746478873,0.4354460093896714,1.050469483568075,0.57981220657277,2.596244131455399,14.501173708920188,10.255868544600938,14.254694835680752,8.381455399061032,31089480000.0,35946480000.0,20.94978436657682,8.600132780082987,34.736849162011175,62.93417004048583,2.5598583779333057,2.5598583779333057,9.943701244813278,37.75890756302521,40.16366480446927,72.76615384615384,0.0119332970509638,0.015889619253844,0.5820502264306299,0.2379653941964586,5.101890756302521,1.7705787410652525,7.666666666666667,2.4123989218328843,0.0069798529920732,0.5849056603773585,0.0,0.069432918395574,0.1217599138221234,0.4480446927374302,0.1109266943291839,1.0808625336927224,0.0107883817427385,11.817820212647367,0.0167215363511659,0.01422055272337,-14.46244131455399,3342000000.0,8738000000.0,-9672000000.0,22342000000.0,2085500000.0,1354000000.0,2425000000.0,52.63070539419088,54.768962510898,96.6303400174368,1.7100283822138127,1.643266475644699,0.93138449045879,0.0305475504322766,0.4706572769953052,2021-10-26,0.58,bmo,3634600000.0,2025-04-25,2021-09-30,-0.0344827586206894,39.9309375,4004245.203125
2021-06-30,GLW,USD,24741,2021-07-27,2021-07-27 16:53:31,2021,Q2,3501000000.0,2186000000.0,1315000000.0,0.3756069694,242000000,0.0,0.0,465000000.0,7000000.0,740000000.0,2926000000.0,2000000.0,78000000.0,369000000.0,963000000.0,0.2750642674,575000000.0,0.1642387889,-59000000.0,516000000.0,0.147386461,67000000.0,449000000.0,0.1282490717,-0.42,-0.42,842857142,844000000,https://www.sec.gov/Archives/edgar/data/24741/000143774921017671/0001437749-21-017671-index.htm,https://www.sec.gov/Archives/edgar/data/24741/000143774921017671/glw20210630_10q.htm,4.153728817783453,0.5327118649485205,0.9147457636421144,0.5303389835901753,2.752542375680552,14.405762726514334,10.062203400063256,14.189830522904913,8.84610170391129,34472857107.799995,39530857107.8,19.194241151336303,9.846574438103396,44.7118769232166,77.12048569977628,2.8823459120234114,2.8823459120234114,11.29130451522422,41.04969585441329,51.27218820726329,88.43592194138701,0.0130247399742914,0.0129667233151632,0.6168896321070234,0.2475340535462658,5.252336448598131,1.6539792387543253,7.371794871794871,1.7171492204899776,0.0067879491180049,0.5211581291759465,0.0,0.069123107683519,0.1228276186002818,0.4202334630350194,0.0925449871465295,0.8780487804878049,0.0125678377606398,13.041455031019453,0.0195223827416919,0.0171734557276725,-14.958347472838998,3024000000.0,8481000000.0,-10016000000.0,22140000000.0,1978500000.0,1292000000.0,2374000000.0,52.87917737789203,54.01646843549863,98.2753888380604,1.7019931939718036,1.666158536585366,0.915793883535819,0.0375418060200668,0.3844067800519391,2021-07-27,0.51,bmo,3634600000.0,2025-04-25,2021-06-30,0.0392156862745098,43.59126984126984,4547335.142857143
2021-03-31,GLW,USD,24741,2021-04-30,2021-04-30 11:45:36,2021,Q1,3290000000.0,2134000000.0,1156000000.0,0.3513677812,222000000,0.0,0.0,400000000.0,117000000.0,654000000.0,2788000000.0,3000000.0,77000000.0,362000000.0,892000000.0,0.2711246201,502000000.0,0.1525835866,323000000.0,825000000.0,0.2507598784,226000000.0,599000000.0,0.1820668693,0.75,0.67,766000000,898000000,https://www.sec.gov/Archives/edgar/data/24741/000143774921010366/0001437749-21-010366-index.htm,https://www.sec.gov/Archives/edgar/data/24741/000143774921010366/glw20210331_10q.htm,4.295039164490862,0.7819843342036553,0.943864229765013,0.566579634464752,3.744125326370757,17.699738903394255,12.885117493472585,17.453002610966056,10.288511749347258,33328660000.0,38264660000.0,13.910125208681135,10.13029179331307,46.097731673582295,76.79414746543779,2.4929807764230683,2.4929807764230683,11.630595744680852,42.897600896860986,52.92484094052559,88.16741935483871,0.0179725197472685,0.0130218256599575,0.5837384995138006,0.2588992469230003,5.533632286995516,2.306575576430401,6.51948051948052,1.207011686143573,0.0062408749706708,0.347245409015025,0.0,0.0674772036474164,0.1223501310420329,0.3997233748271093,0.0878419452887538,0.7983425414364641,0.0103343465045592,17.52368195038635,0.0135631460664021,0.0226422226422226,-14.505874673629243,4590000000.0,9870000000.0,-8482000000.0,23642000000.0,2016500000.0,1223000000.0,2399500000.0,51.97568389057752,53.64573570759138,99.57357075913777,1.731578947368421,1.677672955974843,0.9038542990258364,0.0448051462338245,0.3772845953002611,2021-04-27,0.42,bmo,3102740000.0,2025-04-25,2021-03-31,0.0714285714285715,38.44278688524591,4998731.836065574
2020-12-31,GLW,USD,24741,2021-02-12,2021-02-12 17:24:24,2020,Q4,3350000000.0,2137000000.0,1213000000.0,0.3620895522,232000000,0.0,0.0,471000000.0,11000000.0,737000000.0,2874000000.0,3000000.0,75000000.0,392000000.0,959000000.0,0.2862686567,476000000.0,0.1420895522,-146000000.0,330000000.0,0.0985074627,78000000.0,252000000.0,0.0752238806,0.3,0.28,763000000,894000000,https://www.sec.gov/Archives/edgar/data/24741/000156276221000023/0001562762-21-000023-index.htm,https://www.sec.gov/Archives/edgar/data/24741/000156276221000023/glw-20201231x10k.htm,4.390563564875492,0.3302752293577982,1.0144167758846658,0.5019659239842726,3.5019659239842724,17.62516382699869,12.686762778505898,17.37483617300131,10.577981651376149,27468000000.0,32792000000.0,27.25,8.199402985074627,35.48837209302325,71.71801566579634,2.071961982348948,2.071961982348948,9.788656716417911,34.19395203336809,42.366925064599485,85.61879895561357,0.0091743119266055,0.013943497888452,0.6031530512182244,0.2598212835093419,5.551616266944734,2.124767719670825,6.346666666666667,3.071428571428572,0.0072811999417504,0.7936507936507936,0.0,0.0692537313432835,0.1224370430544272,0.5051679586563308,0.1167164179104477,0.9974489795918368,0.0238805970149253,11.362911380763029,0.0133342226372307,0.0093309142074277,-15.512778505897773,4237000000.0,9680000000.0,-9323000000.0,23771000000.0,2116000000.0,1175000000.0,2509500000.0,57.30447761194029,49.44314459522696,102.676649508657,1.5705578996718237,1.8202725724020443,0.876538146021329,0.0190088255261371,0.5124508519003932,2021-01-27,0.48,bmo,3144897959.0,2025-04-25,2020-12-31,0.0833333333333334,35.516875,3872691.375
2020-09-30,GLW,USD,24741,2020-10-29,2020-10-29 17:06:45,2020,Q3,3001000000.0,2000000000.0,1001000000.0,0.3335554815,231000000,0.0,0.0,480000000.0,-62000000.0,744000000.0,2744000000.0,3000000.0,70000000.0,394000000.0,826000000.0,0.2752415861,257000000.0,0.0856381206,193000000.0,450000000.0,0.1499500167,23000000.0,427000000.0,0.1422859047,0.53,0.48,760000000,889000000,https://www.sec.gov/Archives/edgar/data/24741/000002474120000065/0000024741-20-000065-index.htm,https://www.sec.gov/Archives/edgar/data/24741/000002474120000065/glw-20200930x10q.htm,3.948684210526315,0.5618421052631579,0.8,0.5986842105263158,3.307894736842105,16.917105263157893,11.971052631578948,16.657894736842106,10.721052631578948,24631600000.0,30195600000.0,14.421311475409832,8.207797400866376,40.5125,54.13538461538461,1.9456240126382305,1.9456240126382305,10.061846051316229,36.55641646489104,49.66381578947368,66.36395604395604,0.0173354552688416,0.0184722064340116,0.6380726698262243,0.2668913337958833,6.736077481840193,2.093530787217459,3.6714285714285713,1.423887587822014,0.008282044203381,0.477751756440281,0.0,0.0769743418860379,0.1241946674596094,0.2516447368421052,0.0509830056647784,0.3883248730964467,0.0206597800733088,14.511371388827714,0.0091119995682264,0.0161083446506714,-15.830592105263158,4209000000.0,9098000000.0,-9352000000.0,23417000000.0,1905500000.0,1142500000.0,2408000000.0,62.94901699433522,52.92,116.145,1.429728442115293,1.7006802721088434,0.7748934521503293,0.0337282780410742,0.2013157894736842,2020-10-27,0.38,bmo,2652046511.0,2025-04-25,2020-09-30,0.131578947368421,30.901875,4825521.78125
2020-06-30,GLW,USD,24741,2020-07-30,2020-07-30 18:59:45,2020,Q2,2561000000.0,1805000000.0,756000000.0,0.2951971886,430000000,0.0,0.0,401000000.0,2000000.0,859000000.0,2664000000.0,3000000.0,67000000.0,352000000.0,596000000.0,0.2327215931,-103000000.0,-0.0402186646,54000000.0,-49000000.0,-0.0191331511,22000000.0,-71000000.0,-0.0277235455,-0.0961,-0.0935,738461538,759000000,https://www.sec.gov/Archives/edgar/data/24741/000002474120000055/0000024741-20-000055-index.htm,https://www.sec.gov/Archives/edgar/data/24741/000002474120000055/glw-20200630x10q.htm,3.4680208355008464,-0.0961458333934244,0.7447916671321615,0.3547916668884114,2.922291668493099,16.430104176935483,12.37166667439896,16.316354176864387,10.665416673332553,19126153834.2,24777153834.2,-67.34561209225352,7.468236561577509,34.77482515309091,73.00058715343512,1.587364414822807,1.587364414822807,9.674796499101914,41.572405762080535,45.04937060763636,94.56928944351144,-0.0037121943395144,0.0136985199570815,0.6481035770603369,0.2834894358527554,9.481543624161072,2.266887417218543,-1.537313432835821,-7.746478873239437,0.009986325617567,-2.6901408450704225,0.0,0.1679031628270207,0.1087998257460248,0.5236363636363637,0.1124560718469347,0.8181818181818182,0.021475985942991,,-0.0060626761164716,-0.0028921748340054,-14.697447925852572,3826000000.0,9136000000.0,-8567000000.0,21514000000.0,1710000000.0,1179500000.0,2291000000.0,60.16399843811011,55.29639889196676,111.4404432132964,1.495911214953271,1.6275924256086565,0.8076062639821029,-0.0058926051954519,0.39000000024375,2020-07-28,0.11,bmo,1782696091.0,2025-04-25,2020-06-30,1.272727272727273,22.67079365079365,6115542.746031746
2020-03-31,GLW,USD,24741,2020-05-05,2020-05-05 16:42:29,2020,Q1,2391000000.0,1830000000.0,561000000.0,0.234629862,261000000,0.0,0.0,395000000.0,-11000000.0,682000000.0,2512000000.0,6000000.0,64000000.0,382000000.0,338000000.0,0.1413634463,-121000000.0,-0.0506064408,13000000.0,-108000000.0,-0.0451693852,-12000000.0,-96000000.0,-0.0401505646,-0.13,-0.13,750000000,760000000,https://www.sec.gov/Archives/edgar/data/24741/000002474120000029/0000024741-20-000029-index.htm,https://www.sec.gov/Archives/edgar/data/24741/000002474120000029/glw-20200331x10q.htm,3.188,-0.128,0.3306666666666666,-0.396,2.7,16.382666666666665,12.293333333333331,16.264,10.521333333333333,15405000000.0,21207000000.0,-40.1171875,6.442910915934755,62.11693548387097,-51.86868686868687,1.262911952779144,1.262911952779144,8.869510664993726,62.74260355029586,85.51209677419355,-71.4040404040404,-0.0062317429406037,-0.0192794547224926,0.6416625676340384,0.2809505007358484,17.16568047337278,2.1767471012221877,-1.890625,-2.583333333333333,0.0124634858812074,-2.0,0.0,0.1091593475533249,0.1100900965576653,2.1975806451612905,0.2279381012128816,1.4267015706806283,0.0041823504809703,,-0.0043448012747144,-0.0038722168441432,-14.79,3755000000.0,9220000000.0,-8626000000.0,21754000000.0,1772000000.0,1418500000.0,2333500000.0,64.29109159347553,61.47540983606558,115.42622950819673,1.3998829039812646,1.464,0.7797187899446102,-0.0078701426463354,0.7266666666666667,2020-04-28,0.17,bmo,2032350000.0,2025-04-25,2020-03-31,0.1764705882352941,26.080322580645163,7039805.677419355
2019-12-31,GLW,USD,24741,2020-02-18,2020-02-14 17:54:02,2019,Q4,2817000000.0,1963000000.0,854000000.0,0.3031593894,278000000,0.0,0.0,401000000.0,-96000000.0,707000000.0,2670000000.0,5000000.0,60000000.0,392000000.0,673000000.0,0.2389066383,147000000.0,0.0521831736,-130000000.0,17000000.0,0.0060347888,-15000000.0,32000000.0,0.0113596024,0.01,0.01,764000000,886000000,https://www.sec.gov/Archives/edgar/data/24741/000002474120000014/0000024741-20-000014-index.htm,https://www.sec.gov/Archives/edgar/data/24741/000002474120000014/glw-20191231x10k.htm,3.68717277486911,0.0418848167539267,1.3324607329842932,0.8403141361256544,3.1858638743455496,17.01178010471204,12.928010471204187,16.893979057591622,10.209424083769632,22240040000.0,27546040000.0,173.75031249999998,7.894937877174299,21.846797642436147,34.64180685358255,1.723099093515147,1.723099093515147,9.778501952431665,40.93022288261516,27.058978388998035,42.90660436137072,0.0014388463330101,0.0288668545560169,0.5996745951809096,0.2678386047477334,7.884101040118871,2.1195683044589604,2.45,31.8125,0.0084532222064348,5.875,0.0,0.098686545970891,0.1079659492006367,0.3693516699410609,0.1334753283635072,0.9591836734693876,0.0046148384806531,3.9901162118562112,0.0108725297584652,0.0012413686088913,-14.306282722513089,3942000000.0,9877000000.0,-8438000000.0,22399000000.0,1930000000.0,1517000000.0,2328500000.0,58.65814696485623,72.76107997962302,106.3678043810494,1.5343137254901962,1.236925015752993,0.8461206896551724,0.0024792748121174,0.4921465968586387,2020-01-29,0.44,bmo,2694521739.0,2025-04-25,2019-12-31,0.0454545454545455,29.0196875,4789679.34375
2019-09-30,GLW,USD,24741,2019-10-30,2019-10-30 07:53:36,2019,Q3,2934000000.0,1917000000.0,1017000000.0,0.3466257669,255000000,0.0,0.0,369000000.0,-15000000.0,652000000.0,2569000000.0,4000000.0,55000000.0,396000000.0,904000000.0,0.3081117928,365000000.0,0.1244035446,43000000.0,408000000.0,0.1390593047,71000000.0,337000000.0,0.114860259,0.4,0.38,775000000,897000000,https://www.sec.gov/Archives/edgar/data/24741/000002474119000061/0000024741-19-000061-index.htm,https://www.sec.gov/Archives/edgar/data/24741/000002474119000061/glw-20190930x10q.htm,3.785806451612903,0.4348387096774193,1.1470967741935485,0.48,1.2529032258064516,16.947096774193547,12.908387096774192,16.81806451612903,8.496774193548386,22103000000.0,27662000000.0,16.396884272997035,7.533401499659169,24.86276715410573,59.41666666666666,1.695795611477674,1.695795611477674,9.428084526244035,30.59955752212389,31.11586051743532,74.36021505376344,0.0152467990770483,0.0168302945301542,0.5009973914377781,0.2389403198067986,6.149336283185841,1.71,6.636363636363637,2.637982195845697,0.0086866036284667,0.56973293768546,0.0,0.0869120654396728,0.1145303523729371,0.5815523059617548,0.1762099522835719,1.3055555555555556,0.0044308111792774,12.82753963755192,0.0125122574449991,0.0139261952973263,-13.596774193548388,2556000000.0,10004000000.0,-8039000000.0,20769000000.0,2063500000.0,1372000000.0,2314000000.0,62.08588957055215,67.93427230046949,109.71830985915491,1.449604743083004,1.3248099516240497,0.8202824133504493,0.0258554549639404,0.6670967741935484,2019-10-29,0.4,bmo,2667272727.0,2025-04-25,2019-09-30,0.0999999999999999,29.92171875,5699294.046875
2019-06-30,GLW,USD,24741,2019-07-31,2019-07-31 15:01:51,2019,Q2,2940000000.0,1875000000.0,1065000000.0,0.362244898,249000000,0.0,0.0,414000000.0,-35000000.0,691000000.0,2566000000.0,5000000.0,54000000.0,380000000.0,799000000.0,0.2717687075,374000000.0,0.1272108844,-158000000.0,216000000.0,0.0734693878,124000000.0,92000000.0,0.031292517,0.09,0.09,781000000,789000000,https://www.sec.gov/Archives/edgar/data/24741/000002474119000052/0000024741-19-000052-index.htm,https://www.sec.gov/Archives/edgar/data/24741/000002474119000052/glw-20190630x10q.htm,3.764404609475032,0.117797695262484,0.1959026888604353,-0.5339308578745199,1.5083226632522406,17.312419974391805,13.243277848911651,17.189500640204866,8.43661971830986,26647720000.0,32004720000.0,72.41228260869565,9.063850340136051,174.1681045751634,-63.90340527577937,1.984932588454376,1.984932588454376,10.885959183673467,40.05596996245306,209.1811764705882,-76.74992805755394,0.0034524529678336,-0.0156486183433329,0.486778398510242,0.2369900271985494,6.704630788485607,1.8474824355971893,6.925925925925926,1.6630434782608696,0.0067923259475857,1.9673913043478264,0.0,0.0846938775510204,0.1152493200362647,3.725490196078431,0.1938775510204081,1.5,0.0071428571428571,6.749805927425273,0.0064557769522308,0.0037709554453416,-13.00032010243278,2895000000.0,10343000000.0,-7743000000.0,21210000000.0,2038500000.0,1287500000.0,2240500000.0,64.37755102040816,62.256,109.968,1.398002853067047,1.4456437933693138,0.8184199039720647,0.006852886405959,0.7298335467349552,2019-07-30,0.44,bmo,2940000000.0,2025-04-25,2019-06-30,0.0227272727272727,32.096666666666664,4557444.746031746
2019-03-31,GLW,USD,24741,2019-05-03,2019-05-03 12:36:20,2019,Q1,2812000000.0,1713000000.0,1099000000.0,0.3908250356,249000000,0.0,0.0,401000000.0,-9000000.0,679000000.0,2392000000.0,7000000.0,52000000.0,335000000.0,754000000.0,0.2681365576,420000000.0,0.1493598862,155000000.0,575000000.0,0.2044807966,76000000.0,499000000.0,0.1774537696,0.61,0.55,784000000,908000000,https://www.sec.gov/Archives/edgar/data/24741/000002474119000026/0000024741-19-000026-index.htm,https://www.sec.gov/Archives/edgar/data/24741/000002474119000026/glw-20190331x10q.htm,3.586734693877551,0.6364795918367347,-0.0369897959183673,-0.7053571428571429,1.8571428571428568,17.482142857142858,13.40688775510204,17.355867346938776,7.751275510204081,26593280000.0,31162280000.0,13.323286573146293,9.457069701280227,-917.009655172414,-48.08911392405064,1.9543823032262808,1.9543823032262808,11.081891891891892,41.32928381962865,-1074.5613793103448,-56.35132007233273,0.018764138910281,-0.0207947270889487,0.4427868009112956,0.2205263350536217,6.059681697612732,2.0755148741418763,8.076923076923077,-0.0581162324649298,0.0068062307470157,0.3627254509018036,0.0,0.0885490753911806,0.1169430108707587,-18.06896551724138,0.1863442389758179,1.564179104477612,0.0,15.7654605296332,0.0149821997912585,0.0206830804940727,-12.223852040816327,3290000000.0,10511000000.0,-7266000000.0,21363000000.0,1957000000.0,1367000000.0,2113500000.0,63.17923186344239,67.14535901926445,115.061295971979,1.4245187436676798,1.34037558685446,0.7821917808219178,0.036672301021533,0.6683673469387755,2019-04-30,0.39,bmo,2812000000.0,2025-04-25,2019-03-31,0.0256410256410256,32.80573770491804,4697320.622950819
2018-12-31,GLW,USD,24741,2019-02-12,2019-02-12 13:00:22,2018,Q4,3035000000.0,1833000000.0,1202000000.0,0.3960461285,265000000,0.0,0.0,447000000.0,-205000000.0,738000000.0,2571000000.0,9000000.0,51000000.0,330000000.0,787000000.0,0.2593080725,464000000.0,0.1528830313,-118000000.0,346000000.0,0.1140032949,54000000.0,292000000.0,0.0962108731,0.34,0.32,795000000,919000000,https://www.sec.gov/Archives/edgar/data/24741/000002474119000016/0000024741-19-000016-index.htm,https://www.sec.gov/Archives/edgar/data/24741/000002474119000016/glw-20181231x10k.htm,3.8176100628930816,0.3672955974842767,1.181132075471698,0.410062893081761,2.962264150943396,17.466666666666665,13.4062893081761,17.348427672955975,7.608805031446541,24016950000.0,27659950000.0,20.562457191780823,7.91332784184514,25.57715654952077,73.67162576687116,1.7413681844547564,1.7413681844547564,9.113657331136736,35.146060991105465,29.45681576144835,84.84647239263803,0.0121580800226506,0.0135737468746031,0.4348897911832947,0.2180694419196509,4.628970775095299,2.1244337058290546,9.098039215686274,3.2157534246575343,0.0069950597390592,0.5753424657534246,0.0,0.0873146622734761,0.1173604799127431,0.6528221512247071,0.2019769357495881,1.8575757575757577,0.0168039538714991,11.973722266693024,0.0161824867769609,0.0120278452856613,-11.057232704402516,3723000000.0,10658000000.0,-6585000000.0,21846000000.0,1956500000.0,1274000000.0,1979000000.0,57.52883031301482,71.48936170212765,100.01636661211128,1.5644329896907216,1.2589285714285714,0.8998527245949927,0.0211716937354988,0.7710691823899372,2019-01-29,0.57,bmo,2932118644.0,2025-04-25,2018-12-31,0.0350877192982456,31.908571428571427,6165140.206349206
2018-09-30,GLW,USD,24741,2018-10-24,2018-10-24 16:05:32,2018,Q3,3008000000.0,1776000000.0,1232000000.0,0.4095744681,244000000,0.0,0.0,439000000.0,12000000.0,710000000.0,2486000000.0,7000000.0,45000000.0,318000000.0,849000000.0,0.2822473404,522000000.0,0.173537234,236000000.0,758000000.0,0.2519946809,133000000.0,625000000.0,0.2077792553,0.75,0.67,805000000,930000000,https://www.sec.gov/Archives/edgar/data/24741/000002474118000053/0000024741-18-000053-index.htm,https://www.sec.gov/Archives/edgar/data/24741/000002474118000053/glw-20180930x10q.htm,3.73664596273292,0.7763975155279503,1.1714285714285717,0.5316770186335403,2.375155279503105,17.363975155279505,13.340372670807453,17.25465838509317,6.649689440993789,28400400000.0,31805400000.0,11.36016,9.441622340425532,30.117073170731707,66.35607476635514,2.044665226781857,2.044665226781857,10.573603723404256,37.46219081272085,33.727889713679744,74.31168224299066,0.022006732299545,0.0150702102787284,0.3821454283657307,0.2011215519854501,4.010600706713781,2.131105398457584,11.6,1.5088,0.0059506204137969,0.2704,0.0,0.0811170212765957,0.1227265838132767,0.5461293743372216,0.1712101063829787,1.619496855345912,0.0,17.361470639985303,0.0182903693258649,0.0269943419859197,-10.014596273291923,3520000000.0,10739000000.0,-5782000000.0,21104000000.0,1907500000.0,1101500000.0,1908500000.0,59.03257978723404,55.33783783783784,97.34797297297298,1.5245818550430816,1.6263736263736264,0.924518479958355,0.0449964002879769,0.639751552795031,2018-10-23,0.48,bmo,2890039215.0,2025-04-25,2018-09-30,0.0625,32.48587301587302,5010401.936507937
2018-06-30,GLW,USD,24741,2018-07-27,2018-07-27 11:26:47,2018,Q2,2747000000.0,1675000000.0,1072000000.0,0.3902439024,243000000,0.0,0.0,412000000.0,14000000.0,677000000.0,2352000000.0,9000000.0,43000000.0,322000000.0,725000000.0,0.263924281,395000000.0,0.143793229,469000000.0,864000000.0,0.3145249363,126000000.0,738000000.0,0.2686567164,0.87,0.78,819000000,943000000,https://www.sec.gov/Archives/edgar/data/24741/000002474118000045/0000024741-18-000045-index.htm,https://www.sec.gov/Archives/edgar/data/24741/000002474118000045/glw-20180630x10q.htm,3.354090354090354,0.9010989010989012,0.873015873015873,0.2356532356532356,2.47008547008547,17.034188034188034,13.065934065934066,16.943833943833944,6.586080586080586,22530690000.0,25858690000.0,7.63234756097561,8.20192573716782,31.511454545454548,116.73932642487048,1.6235994811558696,1.6235994811558696,9.413429195485984,35.667158620689655,36.166,133.98284974093264,0.032755321741145,0.0085660936260718,0.3856020753765223,0.2047054322876817,4.590344827586207,2.229711141678129,9.186046511627907,0.9688346883468836,0.0075896477205092,0.2317073170731707,0.0,0.0884601383327266,0.1243305279265493,0.73006993006993,0.1900254823443757,1.6211180124223603,0.0,18.53460488685416,0.0143670513257253,0.0322411533420707,-9.568376068376068,3576000000.0,10701000000.0,-5705000000.0,21027000000.0,1794500000.0,1137500000.0,1865000000.0,60.34947215143793,59.6955223880597,101.87462686567164,1.491313789359392,1.5076507650765076,0.8834388185654009,0.0531815233840167,0.6373626373626373,2018-07-25,0.37,bmo,2674710526.0,2025-04-25,2018-06-30,0.027027027027027,27.63375,6069905.390625
2018-03-31,GLW,USD,24741,2018-04-26,2018-04-26 16:59:41,2018,Q1,2500000000.0,1545000000.0,955000000.0,0.382,241000000,0.0,0.0,501000000.0,-37000000.0,761000000.0,2306000000.0,13000000.0,52000000.0,323000000.0,-90000000.0,-0.036,194000000.0,0.0776,-659000000.0,-465000000.0,-0.186,124000000.0,-589000000.0,-0.2356,-0.69,-0.69,848000000,848000000,https://www.sec.gov/Archives/edgar/data/24741/000002474118000018/0000024741-18-000018-index.htm,https://www.sec.gov/Archives/edgar/data/24741/000002474118000018/glw-20180331x10q.htm,2.94811320754717,-0.6945754716981132,0.3773584905660377,-0.3950471698113207,3.650943396226415,17.08490566037736,14.079009433962264,16.996462264150942,6.179245283018868,23642240000.0,25734240000.0,-10.03490662139219,9.456896,73.88199999999999,-70.57385074626866,1.6403413584958024,1.6403413584958024,10.293696,-285.936,80.4195,-76.81862686567165,-0.0249130370049538,-0.0141695541539211,0.3599528203704988,0.1933368115077886,-23.244444444444444,2.5585976627712856,3.730769230769231,-0.5432937181663837,0.0074866002544598,-0.300509337860781,0.0,0.0964,0.094991428784378,2.046875,0.262,2.027863777089783,0.0,,0.0101463038661106,-0.0242536545192505,-8.281544811320755,4668000000.0,11939000000.0,-4683000000.0,21633000000.0,1777000000.0,1301500000.0,1773000000.0,62.892,67.80582524271844,106.83495145631068,1.4310246136233544,1.327319587628866,0.8424209378407852,-0.0408658849649621,0.7724056603773585,2018-04-24,0.3,bmo,2419354838.0,2025-04-25,2018-03-31,0.0333333333333333,30.82754098360656,7448475.901639344
2017-12-31,GLW,USD,24741,2018-02-15,2018-02-15 07:34:29,2017,Q4,2637000000.0,1603000000.0,1034000000.0,0.3921122488,240000000,0.0,0.0,400000000.0,-60000000.0,662000000.0,2265000000.0,12000000.0,43000000.0,306000000.0,675000000.0,0.2559726962,372000000.0,0.141069397,194000000.0,566000000.0,0.214637846,1978000000.0,-1412000000.0,-0.5354569587,-1.71,-1.64,823624555,863000000,https://www.sec.gov/Archives/edgar/data/24741/000002474118000010/0000024741-18-000010-index.htm,https://www.sec.gov/Archives/edgar/data/24741/000002474118000010/glw-20171231x10k.htm,3.201701532562977,-1.7143733651797208,1.0781611531725157,0.4018821415541697,5.241465876402872,19.178641413866053,16.066786644067452,19.0912229419872,6.278346084521484,26347749514.45,27158749514.45,-4.664969814881373,9.991562197364429,29.67088909284909,79.600451705287,1.675639119463877,1.675639119463877,10.29910865166856,40.23518446585184,30.584177381137383,82.05060276268881,-0.0535909148227483,0.0125627427806867,0.3261256677690155,0.1866152334509989,1.2014814814814814,2.750701153007167,8.651162790697674,-0.6288951841359773,0.0059967170977296,-0.1118980169971671,0.0,0.0910125142207053,0.0932712252993194,0.6272522522522522,0.211224876753887,1.8202614379084967,0.0174440652256351,,-0.037649732993275,-0.0566704125862899,-6.258616221076604,5618000000.0,13233000000.0,-2856000000.0,22198000000.0,1777500000.0,1309000000.0,1702500000.0,61.67235494880546,80.7922645040549,96.11977542108546,1.4593248478140564,1.1139680333564976,0.9363317757009346,-0.0897990333248537,0.6762790116183459,2018-01-30,0.47,bmo,2529367346.0,2025-04-25,2017-12-31,0.0425531914893617,31.48444444444445,5179688.777777778
2017-09-30,GLW,USD,24741,2017-10-26,2017-10-26 13:17:36,2017,Q3,2607000000.0,1551000000.0,1056000000.0,0.4050632911,213000000,0.0,0.0,372000000.0,-4000000.0,603000000.0,2154000000.0,10000000.0,37000000.0,294000000.0,740000000.0,0.2838511699,453000000.0,0.1737629459,26000000.0,479000000.0,0.1837360951,89000000.0,390000000.0,0.1495972382,0.41,0.39,883000000,1009000000,https://www.sec.gov/Archives/edgar/data/24741/000002474117000060/0000024741-17-000060-index.htm,https://www.sec.gov/Archives/edgar/data/24741/000002474117000060/glw-20170930x10q.htm,2.9524348810872025,0.4416761041902605,0.7304643261608154,0.1800679501698754,4.377123442808607,19.68629671574179,16.770101925254814,19.611551528878824,5.279728199320498,26419360000.0,27179360000.0,16.93548717948718,10.134008438818563,40.96024806201551,166.1594968553459,1.5256314604146215,1.5256314604146215,10.425531261986958,36.72886486486487,42.13854263565892,170.9393710691824,0.0147619018780167,0.006018313842576,0.2670785932898308,0.1646258987684203,1.027027027027027,2.692985318107667,12.243243243243244,1.6538461538461535,0.0060561648730325,0.4102564102564102,0.0,0.0817031070195627,0.0916565814764718,0.7534883720930232,0.1864211737629459,1.653061224489796,0.0,13.960442604697004,0.0143737684218062,0.0152827305145185,-5.309739524348811,5189000000.0,14808000000.0,-2457000000.0,21108000000.0,1694000000.0,1137500000.0,1654500000.0,60.34522439585731,68.41392649903288,98.23984526112186,1.4914187643020596,1.3155216284987277,0.9161252215002952,0.022521221920656,0.5503963759909399,2017-10-24,0.41,bmo,2485744186.0,2025-04-25,2017-09-30,0.048780487804878,29.61460317460317,6043444.365079365
2017-06-30,GLW,USD,24741,2017-07-26,2017-07-26 16:11:07,2017,Q2,2497000000.0,1512000000.0,985000000.0,0.394473368,207000000,0.0,0.0,379000000.0,-18000000.0,604000000.0,2116000000.0,11000000.0,38000000.0,281000000.0,666000000.0,0.2667200641,381000000.0,0.1525830997,211000000.0,592000000.0,0.2370845014,153000000.0,439000000.0,0.1758109732,0.46,0.42,908000000,1034000000,https://www.sec.gov/Archives/edgar/data/24741/000002474117000050/0000024741-17-000050-index.htm,https://www.sec.gov/Archives/edgar/data/24741/000002474117000050/glw-20170630x10q.htm,2.75,0.4834801762114537,0.3083700440528634,-0.1288546255506608,4.613436123348017,19.911894273127757,17.2136563876652,19.837004405286343,4.3733480176211454,27285400000.0,27029400000.0,15.538382687927108,10.927272727272728,97.44785714285716,-233.208547008547,1.5148456584499224,1.5148456584499224,10.824749699639568,40.58468468468468,96.53357142857143,-231.02051282051283,0.0160891905561215,-0.0042880075058456,0.2183544303797468,0.1413223140495867,-0.3843843843843844,3.0024928774928776,10.026315789473683,0.6378132118451025,0.0060471900723463,0.3758542141230068,0.0,0.0828994793752503,0.0880344951491196,1.417857142857143,0.158990788946736,1.412811387900356,-0.0056067280736884,14.689893249133656,0.0110136083340971,0.0172970843183609,-3.879955947136564,5623000000.0,15630000000.0,-1319000000.0,21133000000.0,1611500000.0,1055500000.0,1580000000.0,59.11093311974369,65.23809523809524,96.1904761904762,1.522560975609756,1.3795620437956204,0.9356435643564356,0.0243726404619142,0.4372246696035242,2017-07-26,0.4,bmo,2378095238.0,2025-04-25,2017-06-30,0.0499999999999999,28.73206349206349,6257920.571428572
2017-03-31,GLW,USD,24741,2017-04-25,2017-04-25 16:21:09,2017,Q1,2375000000.0,1418000000.0,957000000.0,0.4029473684,200000000,0.0,0.0,316000000.0,-21000000.0,533000000.0,1951000000.0,12000000.0,37000000.0,277000000.0,683000000.0,0.2875789474,424000000.0,0.1785263158,-393000000.0,20000000.0,0.0084210526,-66000000.0,86000000.0,0.0362105263,0.07,0.07,925000000,1051000000,https://www.sec.gov/Archives/edgar/data/24741/000002474117000026/0000024741-17-000026-index.htm,https://www.sec.gov/Archives/edgar/data/24741/000002474117000026/glw-20170331x10q.htm,2.5675675675675675,0.0929729729729729,0.2064864864864865,-0.187027027027027,5.267027027027027,19.86918918918919,17.227027027027027,19.79243243243243,4.2843243243243245,24975000000.0,24057000000.0,72.60174418604652,10.51578947368421,130.7591623036649,-144.364161849711,1.3641577452479792,1.3641577452479792,10.129263157894735,35.22254758418741,125.95287958115183,-139.05780346820808,0.0034434434434434,-0.0069269269269269,0.2144417740878304,0.1387034092916446,-1.3440702781844802,3.600991325898389,11.45945945945946,2.2209302325581395,0.0067267267267267,1.9534883720930232,0.0,0.0842105263157894,0.0863451686981098,1.905759162303665,0.1532631578947368,1.3140794223826715,0.0058947368421052,6.434565169941441,0.0697448452622317,0.0033254707861258,-3.345675675675676,6297000000.0,15935000000.0,-1208000000.0,21710000000.0,1532000000.0,1047000000.0,1507500000.0,59.98736842105264,64.42172073342736,97.99717912552892,1.500315855969678,1.3970443349753694,0.9183937823834196,0.0046974000436967,0.3935135135135135,2017-04-25,0.35,bmo,2131410256.0,2025-04-25,2017-03-31,0.1142857142857144,26.606290322580644,6798858.629032258
2016-12-31,GLW,USD,24741,2017-02-06,2017-02-06 16:27:25,2016,Q4,2476000000.0,1486000000.0,990000000.0,0.3998384491,173000000,0.0,0.0,368000000.0,-14000000.0,559000000.0,2045000000.0,11000000.0,37000000.0,305000000.0,557000000.0,0.2249596123,432000000.0,0.1744749596,1972000000.0,2404000000.0,0.9709208401,832000000.0,1572000000.0,0.6348949919,1.64,1.47,942000000,1067000000,https://www.sec.gov/Archives/edgar/data/24741/000002474117000011/0000024741-17-000011-index.htm,https://www.sec.gov/Archives/edgar/data/24741/000002474117000011/q4201610k.htm,2.6284501061571124,1.6687898089171975,1.4915074309978769,1.1794055201698517,5.722929936305732,19.065817409766453,16.546709129511676,18.994692144373676,4.181528662420382,22862340000.0,21473340000.0,3.6358683206106863,9.233578352180936,16.272128113879003,20.57816381638164,1.277725367462136,1.277725367462136,8.672592891760905,38.55177737881508,15.283516014234875,19.327938793879387,0.0687593658391923,0.0485952006662485,0.2180741071927569,0.1398616437865156,-2.4937163375224416,3.288985823336968,11.675675675675675,0.8937659033078881,0.0066484882999727,0.0966921119592875,0.0,0.069870759289176,0.0850568120721172,0.2092526690391459,0.1187399030694668,0.9639344262295082,0.0036348949919224,26.705960854575757,0.0111198702838993,0.06158426702186,-2.868099787685775,6297000000.0,15587000000.0,-891000000.0,21216000000.0,1563000000.0,1006000000.0,1493500000.0,53.83279483037157,65.34993270524899,89.09152086137281,1.6718433490884537,1.3772011121408712,1.0101971447994562,0.0878555859833454,0.3121019108280254,2017-01-24,0.44,bmo,2178880000.0,2025-04-25,2016-12-31,0.1363636363636363,23.766349206349204,8100976.19047619
2016-09-30,GLW,USD,24741,2016-10-27,2016-10-27 10:02:21,2016,Q3,2507000000.0,1466000000.0,1041000000.0,0.4152373355,187000000,0.0,0.0,302000000.0,-28000000.0,506000000.0,1972000000.0,9000000.0,41000000.0,300000000.0,786000000.0,0.313522138,535000000.0,0.2134024731,-278000000.0,257000000.0,0.1025129637,-27000000.0,284000000.0,0.1132828081,0.27,0.26,978000000,1102000000,https://www.sec.gov/Archives/edgar/data/24741/000002474116000118/0000024741-16-000118-index.htm,https://www.sec.gov/Archives/edgar/data/24741/000002474116000118/q3201610q.htm,2.563394683026585,0.2903885480572597,0.6666666666666666,0.3783231083844581,4.929447852760736,18.187116564417177,15.767893660531698,18.11963190184049,4.0531697341513295,23129700000.0,22231700000.0,20.360651408450703,9.226047068209017,35.475,62.512702702702704,1.305214152700186,1.305214152700186,8.867850019944157,28.284605597964376,34.097699386503066,60.08567567567568,0.0122785855415331,0.0159967487688988,0.2213757688618023,0.1361727238015898,-1.1424936386768447,3.696163905841326,13.048780487804878,2.295774647887324,0.0066148717882203,0.5387323943661971,0.0,0.0745911447945752,0.0821271130549481,0.4325153374233129,0.1124850418827283,0.94,0.0039888312724371,10.880671210197372,0.0222911630224317,0.0107400824414778,-4.303936605316974,6185000000.0,15421000000.0,-2543000000.0,21844000000.0,1594500000.0,935500000.0,1508500000.0,59.05464698843239,57.27830832196453,93.06957708049114,1.5240121580547112,1.5712754555198285,0.967018469656992,0.0160261836239489,0.2883435582822086,2016-10-25,0.38,bmo,2268238095.0,2025-04-25,2016-09-30,0.1052631578947368,22.2975,8985328.5625
2016-06-30,GLW,USD,24741,2016-07-27,2016-07-27 11:35:01,2016,Q2,2360000000.0,1409000000.0,951000000.0,0.4029661017,192000000,0.0,0.0,499000000.0,-26000000.0,706000000.0,2115000000.0,6000000.0,40000000.0,295000000.0,605000000.0,0.2563559322,247000000.0,0.1046610169,1456000000.0,1703000000.0,0.7216101695,-504000000.0,2207000000.0,0.9351694915,2.06,1.87,1059000000,1182000000,https://www.sec.gov/Archives/edgar/data/24741/000002474116000105/0000024741-16-000105-index.htm,https://www.sec.gov/Archives/edgar/data/24741/000002474116000105/q2201610q.htm,2.2285174693106704,2.084041548630784,0.4966949952785647,0.2483474976392823,6.745986779981115,18.57601510859301,16.335221907459868,18.516525023607176,4.000944287063267,21688320000.0,18741320000.0,2.456764839148165,9.189966101694916,41.23254752851711,82.46509505703422,1.106039063695242,1.106039063695242,7.941237288135593,30.977388429752065,35.62988593155894,71.25977186311788,0.1017598412417375,0.012126342658168,0.2140343719720536,0.1369197142204678,-4.87107438016529,4.390114379084968,6.175,0.2383325781603987,0.0076999970491029,0.0756683280471227,0.0,0.0813559322033898,0.0774149349166476,0.5,0.1114406779661017,0.8915254237288136,0.0059322033898305,29.466203834610702,0.0112378611375235,0.078041018387553,-1.8210576015108595,8299000000.0,17299000000.0,-234000000.0,23720000000.0,1466000000.0,887000000.0,1477000000.0,58.88135593220338,59.91483321504613,95.87650816181689,1.528497409326425,1.5021321961620469,0.938707528314457,0.1125503595287878,0.2483474976392823,2016-07-27,0.32,bmo,2041081081.0,2025-04-25,2016-06-30,0.1562499999999999,20.043125,9276568.484375
2016-03-31,GLW,USD,24741,2016-04-29,2016-04-29 10:51:00,2016,Q1,2047000000.0,1283000000.0,764000000.0,0.3732291158,190000000,0.0,0.0,303000000.0,21000000.0,507000000.0,1790000000.0,6000000.0,41000000.0,295000000.0,177000000.0,0.086468002,177000000.0,0.086468002,-849000000.0,-672000000.0,-0.3282852956,-304000000.0,-368000000.0,-0.1797752809,-0.34,-0.33,1088888888,1103000000,https://www.sec.gov/Archives/edgar/data/24741/000002474116000086/0000024741-16-000086-index.htm,https://www.sec.gov/Archives/edgar/data/24741/000002474116000086/q1201610q.htm,1.879897960718284,-0.3379591839493544,-0.0762244898581424,-0.3241836737340275,3.251020410817159,16.518673482872387,14.588265318031237,16.455306135881884,4.112448982948938,22746888870.32,23643888870.32,-15.45304950429348,11.112305261514411,-274.0589020520482,-64.43877866946175,1.2694993230449827,1.2694993230449827,11.550507508705422,133.58129305265535,-284.86613096771083,-66.97985515671388,-0.0161780365700983,-0.0155186057316432,0.2476280834914611,0.1587761674718196,5.067796610169491,2.799531981279251,4.317073170731708,0.2255434782608695,0.0076054356701821,-0.4701086956521739,0.0,0.0928187591597459,0.0752191805331902,-3.253012048192771,0.1319003419638495,0.9152542372881356,0.0043966780654616,,0.003741260283641,-0.0142398328367449,-4.270867350425198,4614000000.0,15885000000.0,-2780000000.0,19539000000.0,1380000000.0,885000000.0,1419000000.0,61.02589154860772,58.643803585346845,101.92517537022604,1.4747838616714697,1.534688995215311,0.8830006882312457,-0.0205380064739368,0.247959183875885,2016-04-26,0.28,bmo,2047000000.0,2025-04-25,2016-03-31,0.0,18.539180327868856,11704782.229508195
2015-12-31,GLW,USD,24741,2016-02-12,2016-02-12 15:31:03,2015,Q4,2231000000.0,1374000000.0,857000000.0,0.3841326759,208000000,0.0,0.0,557000000.0,-21000000.0,779000000.0,2153000000.0,5000000.0,39000000.0,302000000.0,387000000.0,0.173464814,87000000.0,0.0389959659,82000000.0,169000000.0,0.0757507844,-55000000.0,224000000.0,0.1004034065,0.17,0.17,1146000000,1154000000,https://www.sec.gov/Archives/edgar/data/24741/000002474116000077/0000024741-16-000077-index.htm,https://www.sec.gov/Archives/edgar/data/24741/000002474116000077/form10k2015.htm,1.9467713787085512,0.1954624781849912,0.8411867364746946,0.5698080279232112,4.013961605584642,16.459860383944154,14.639616055846425,16.394415357766142,3.945026178010471,20948880000.0,20930880000.0,23.38044642857143,9.389905871806365,21.731203319502075,32.08098009188362,1.115013838620396,1.115013838620396,9.381837740923352,54.08496124031008,21.71253112033195,32.053415007656966,0.0106926957431614,0.0311711175012697,0.2385565254417713,0.1570042386240235,-0.0465116279069767,2.9385216773276475,2.230769230769231,4.303571428571429,0.0076376398165438,0.7142857142857143,0.0,0.0932317346481398,0.0730724769678074,0.3226141078838174,0.1393993724787091,1.0298013245033113,0.0044822949350067,8.491236289258392,0.0043837144827012,0.0084652885378481,-2.9341186736474696,5455000000.0,16777000000.0,-1415000000.0,20189000000.0,1425500000.0,921500000.0,1379500000.0,55.34737785746302,61.17903930131005,90.72052401746726,1.6260932944606414,1.4710920770877944,0.992057761732852,0.0119225037257824,0.2713787085514834,2016-01-26,0.31,bmo,2099764705.0,2025-04-25,2015-12-31,0.0967741935483871,18.13125,11844663.53125
2015-09-30,GLW,USD,24741,2015-10-27,2015-10-27 16:28:18,2015,Q3,2272000000.0,1380000000.0,892000000.0,0.3926056338,181000000,0.0,0.0,307000000.0,-27000000.0,500000000.0,1880000000.0,6000000.0,38000000.0,292000000.0,684000000.0,0.301056338,392000000.0,0.1725352113,-174000000.0,218000000.0,0.0959507042,6000000.0,212000000.0,0.0933098592,0.16,0.15,1210000000,1218000000,https://www.sec.gov/Archives/edgar/data/24741/000002474115000058/0000024741-15-000058-index.htm,https://www.sec.gov/Archives/edgar/data/24741/000002474115000058/q3201510q.htm,1.877685950413223,0.1752066115702479,0.5760330578512397,0.3297520661157024,4.14297520661157,16.58677685950413,14.927272727272728,16.526446280991735,3.350413223140496,20715200000.0,20291200000.0,24.428301886792458,9.117605633802818,29.72051649928264,51.91779448621554,1.0359153873080964,1.0359153873080964,8.930985915492958,29.665497076023392,29.11219512195122,50.85513784461153,0.010234031049664,0.0192612188151695,0.2008301245186778,0.1389715551249221,-0.6198830409356725,4.706510681586979,10.31578947368421,3.287735849056604,0.0081582606009114,0.7971698113207547,0.0,0.0796654929577464,0.069485777562461,0.4275466284074605,0.1311619718309859,1.0205479452054795,0.0048415492957746,8.071537010959032,0.0141016908657682,0.007883971736705,-1.668388429752066,7287000000.0,18062000000.0,425000000.0,21844000000.0,1512000000.0,919500000.0,1379500000.0,58.58714788732394,59.28260869565217,89.6086956521739,1.5361730899256254,1.518151815181518,1.004366812227074,0.0106015902385357,0.2462809917355372,2015-10-27,0.34,bmo,2272000000.0,2025-04-25,2015-09-30,0.0,17.9896875,10906839.625
2015-06-30,GLW,USD,24741,2015-07-30,2015-07-30 10:29:21,2015,Q2,2343000000.0,1368000000.0,975000000.0,0.4161331626,191000000,0.0,0.0,337000000.0,-23000000.0,544000000.0,1912000000.0,5000000.0,33000000.0,299000000.0,730000000.0,0.3115663679,431000000.0,0.183952198,175000000.0,606000000.0,0.2586427657,110000000.0,496000000.0,0.2116944089,0.38,0.36,1246000000,1371000000,https://www.sec.gov/Archives/edgar/data/24741/000002474115000045/0000024741-15-000045-index.htm,https://www.sec.gov/Archives/edgar/data/24741/000002474115000045/q2201510q.htm,1.8804173354735152,0.3980738362760834,0.4390048154093098,0.1918138041733547,4.392455858747994,16.898073836276083,15.258426966292134,16.84028892455859,3.2463884430176564,24583580000.0,23627580000.0,12.39091733870968,10.492351685872812,44.94255941499086,102.86016736401672,1.1715951007958822,1.1715951007958822,10.084327784891164,32.36654794520548,43.19484460694699,98.86016736401672,0.0201760687418187,0.0097219363493844,0.1912024019444312,0.1342344753747323,-1.3095890410958904,4.880316518298714,13.06060606060606,1.1028225806451613,0.0070372175248682,0.3487903225806452,0.0,0.0815194195475885,0.068355192719486,0.5630712979890311,0.1314553990610328,1.0301003344481603,0.0064020486555697,12.281399120801558,0.0126131892365437,0.0178128927994253,-1.2108747993579454,7846000000.0,19012000000.0,1035000000.0,22558000000.0,1516000000.0,901000000.0,1358000000.0,59.346991037131886,61.18421052631579,91.11842105263158,1.516504854368932,1.470967741935484,0.9877256317689532,0.0236381832912357,0.247191011235955,2015-07-28,0.37,bmo,2281342105.0,2025-04-25,2015-06-30,0.027027027027027,21.395396825396823,9851768.444444444
2015-03-31,GLW,USD,24741,2015-05-01,2015-05-01 09:00:06,2015,Q1,2265000000.0,1336000000.0,929000000.0,0.4101545254,189000000,0.0,0.0,316000000.0,-21000000.0,517000000.0,1853000000.0,5000000.0,30000000.0,291000000.0,703000000.0,0.3103752759,412000000.0,0.1818984547,81000000.0,493000000.0,0.2176600442,86000000.0,407000000.0,0.1796909492,0.3,0.29,1266000000,1394000000,https://www.sec.gov/Archives/edgar/data/24741/000002474115000026/0000024741-15-000026-index.htm,https://www.sec.gov/Archives/edgar/data/24741/000002474115000026/q1201510q.htm,1.7890995260663507,0.3214849921011058,0.4747235387045813,0.2116903633491311,4.002369668246446,16.881516587677726,15.266192733017377,16.82306477093207,2.6074249605055293,28712880000.0,27679880000.0,17.636904176904174,12.67676821192053,47.77517470881864,107.13761194029853,1.3481491219832846,1.3481491219832846,12.22069757174393,39.37394025604552,46.05637271214642,103.28313432835822,0.0141748232848812,0.0093337902711257,0.1535824960090149,0.1115506598915527,-1.469416785206259,4.874934036939314,13.733333333333333,1.4766584766584767,0.0061644808880195,0.4348894348894349,0.0,0.0834437086092715,0.0697404767588582,0.5540765391014975,0.1470198675496688,1.1443298969072164,0.0044150110375275,11.031235833418144,0.0123530840940008,0.0149204487132487,-0.8714454976303317,7343000000.0,19327000000.0,1287000000.0,22096000000.0,1494000000.0,934500000.0,1326500000.0,59.086092715231786,58.74251497005988,89.66317365269461,1.52320107599193,1.5321100917431192,1.0037565740045078,0.0191097755657808,0.2630331753554502,2015-04-28,0.34,bmo,2200285714.0,2025-04-25,2015-03-31,0.0294117647058822,23.78295081967213,8113301.967213115
2014-12-31,GLW,USD,24741,2015-02-13,2015-02-13 10:22:33,2014,Q4,2404000000.0,1408000000.0,996000000.0,0.4143094842,210000000,0.0,0.0,242000000.0,805000000.0,460000000.0,1868000000.0,5000000.0,32000000.0,298000000.0,766000000.0,0.3186356073,536000000.0,0.2229617304,801000000.0,1337000000.0,0.556156406,349000000.0,988000000.0,0.4109816972,0.76,0.7,1276000000,1402000000,https://www.sec.gov/Archives/edgar/data/24741/000002474115000015/0000024741-15-000015-index.htm,https://www.sec.gov/Archives/edgar/data/24741/000002474115000015/form10k2014.htm,1.884012539184953,0.774294670846395,0.8714733542319749,0.6081504702194357,4.755485893416928,16.968652037617556,15.677899686520377,16.911442006269592,2.5822884012539187,29258680000.0,27212680000.0,7.403512145748987,12.170831946755408,26.31176258992806,37.70448453608248,1.3558867417396545,1.3558867417396545,11.319750415973376,35.52569190600522,24.4718345323741,35.06788659793814,0.033767757123698,0.0265220440566696,0.1512118263126187,0.1085387353224894,-2.671018276762402,4.405335628227195,16.75,1.125506072874494,0.0051950395574919,0.1538461538461538,0.0,0.0873544093178036,0.0547849516016365,0.302158273381295,0.1397670549084858,1.12751677852349,0.004575707154742,17.1646406018333,0.0142605494655673,0.0347691441441441,-0.4359326018808777,7914000000.0,20005000000.0,1827000000.0,22327000000.0,1551000000.0,856500000.0,1324500000.0,56.193843594009984,63.72869318181819,84.5028409090909,1.6015989340439707,1.4122367101303912,1.065052950075643,0.0457852541823068,0.2633228840125391,2015-01-27,0.38,bmo,2030044444.0,2025-04-25,2014-12-31,0.1842105263157895,20.3625,8529014.703125
2014-09-30,GLW,USD,24741,2014-10-29,2014-10-29 11:53:26,2014,Q3,2540000000.0,1451000000.0,1089000000.0,0.4287401575,199000000,0.0,0.0,256000000.0,720000000.0,464000000.0,1915000000.0,5000000.0,31000000.0,303000000.0,846000000.0,0.3330708661,620000000.0,0.2440944882,789000000.0,1409000000.0,0.5547244094,395000000.0,1014000000.0,0.3992125984,0.77,0.72,1284000000,1411000000,https://www.sec.gov/Archives/edgar/data/24741/000002474114000054/0000024741-14-000054-index.htm,https://www.sec.gov/Archives/edgar/data/24741/000002474114000054/q3201410q.htm,1.9781931464174456,0.7897196261682243,0.8699376947040498,0.6658878504672897,4.753894080996885,17.017133956386292,15.7297507788162,16.96183800623053,2.892523364485981,24832560000.0,23162560000.0,6.122426035502959,9.77659842519685,22.23147717099373,29.043929824561403,1.1402066210569817,1.1402066210569817,9.11911811023622,27.378912529550828,20.736401074306176,27.0907134502924,0.0408334863582329,0.034430602402652,0.1691078561917443,0.1235284252892839,-1.9739952718676124,4.683348924228251,20.0,1.101577909270217,0.0061209959826936,0.1499013806706114,0.0,0.0783464566929133,0.0554418916652691,0.23455684870188,0.1031496062992126,0.8646864686468647,0.0074803149606299,17.360577994745537,0.0158605426693201,0.0360059654854058,0.002531152647975,7875000000.0,20197000000.0,2048000000.0,22561000000.0,1623000000.0,746500000.0,1353500000.0,56.72834645669291,44.41075120606478,82.30875258442454,1.5865084322298564,2.026536312849162,1.0934438583270536,0.046558611506497,0.2040498442367601,2014-10-28,0.37,bmo,2349500000.0,2025-04-25,2014-09-30,0.0810810810810811,20.8478125,7163696.453125
2014-06-30,GLW,USD,24741,2014-07-31,2014-07-31 16:02:34,2014,Q2,2482000000.0,1450000000.0,1032000000.0,0.4157937147,208000000,0.0,0.0,318000000.0,-155000000.0,534000000.0,1984000000.0,4000000.0,30000000.0,302000000.0,796000000.0,0.3207091056,460000000.0,0.1853344077,-119000000.0,341000000.0,0.1373892023,172000000.0,169000000.0,0.0680902498,0.11,0.11,1302000000,1315000000,https://www.sec.gov/Archives/edgar/data/24741/000002474114000042/0000024741-14-000042-index.htm,https://www.sec.gov/Archives/edgar/data/24741/000002474114000042/q22014form10q.htm,1.9062980030721963,0.129800307219662,0.5706605222734255,0.3924731182795699,4.52073732718894,16.768049155145928,15.476190476190476,16.71505376344086,2.855606758832565,28578900000.0,27148900000.0,42.27647928994082,11.514464141821112,38.46419919246299,55.92739726027397,1.313187520102927,1.313187520102927,10.938315874294924,34.106658291457286,36.53956931359354,53.12896281800391,0.0059134536318752,0.0178803242951968,0.1694619307999816,0.1236256368999731,-1.7964824120603016,4.531005971520441,15.333333333333334,4.396449704142012,0.0052836183338057,0.893491124260355,0.0,0.0838033843674456,0.0563824081523196,0.3122476446837147,0.0934730056406124,0.7682119205298014,0.0052377115229653,6.9868755576420085,0.0081116007681708,0.0060035523978685,-0.146121351766513,7687000000.0,20150000000.0,1864000000.0,22892000000.0,1616500000.0,754500000.0,1387500000.0,59.64947622884771,48.22758620689655,85.6551724137931,1.5088145896656535,1.866151866151866,1.0507246376811594,0.0077654735100859,0.1781874039938556,2014-07-29,0.37,bmo,2549081081.0,2025-04-25,2014-06-30,0.0,21.21190476190476,9524886.61904762
2014-03-31,GLW,USD,24741,2014-04-28,2014-04-28 16:52:21,2014,Q1,2289000000.0,1354000000.0,935000000.0,0.4084753167,198000000,0.0,0.0,395000000.0,24000000.0,601000000.0,1955000000.0,12000000.0,30000000.0,297000000.0,629000000.0,0.2747924858,315000000.0,0.1376146789,166000000.0,481000000.0,0.2101354303,180000000.0,301000000.0,0.1314984709,0.21,0.2,1359000000,1370000000,https://www.sec.gov/Archives/edgar/data/24741/000002474114000022/0000024741-14-000022-index.htm,https://www.sec.gov/Archives/edgar/data/24741/000002474114000022/q12014form10q.htm,1.684326710816777,0.2214863870493009,1.2781456953642385,1.0971302428256071,4.129506990434143,15.981604120676968,14.756438557763062,15.9308314937454,2.7387785136129508,28294380000.0,27018380000.0,23.50031561461794,12.361022280471822,16.28922279792746,18.97678068410463,1.3068997690531177,1.3068997690531177,11.80357361293141,42.95449920508744,15.554622913068508,18.12097920858484,0.0106381549975648,0.0526959770809609,0.1705311778290993,0.1249661521797996,-2.028616852146264,4.698435972629521,10.5,5.770764119601329,0.0048066082381024,0.4518272425249169,0.0,0.0865006553079947,0.0563566206336311,0.1416234887737478,0.1074705111402359,0.8282828282828283,0.0065530799475753,8.910129178660654,0.0070485797797533,0.0107966569819577,-0.2387785136129507,7567000000.0,20054000000.0,1788000000.0,22576000000.0,1420500000.0,751500000.0,1332500000.0,62.43774574049804,48.655834564254064,92.72525849335302,1.4414357682619647,1.849726775956284,0.9706093189964158,0.0139030023094688,0.1810154525386313,2014-04-28,0.3,bmo,2215161290.0,2025-04-25,2014-03-31,0.0333333333333333,18.798524590163936,12674129.24590164
2013-12-31,GLW,USD,24741,2014-02-10,2014-02-10 12:09:06,2013,Q4,1956000000.0,1186000000.0,770000000.0,0.3936605317,169000000,0.0,0.0,332000000.0,338000000.0,509000000.0,1695000000.0,3000000.0,28000000.0,249000000.0,506000000.0,0.2586912065,184000000.0,0.0940695297,383000000.0,567000000.0,0.2898773006,146000000.0,421000000.0,0.2152351738,0.3,0.3,1414000000,1424000000,https://www.sec.gov/Archives/edgar/data/24741/000130817914000032/0001308179-14-000032-index.htm,https://www.sec.gov/Archives/edgar/data/24741/000130817914000032/lglw2013_10k.htm,1.383309759547383,0.2977369165487977,0.908062234794908,0.6697312588401697,3.702263083451202,15.0007072135785,13.91018387553041,14.966053748231966,2.3486562942008486,25197480000.0,23786480000.0,14.962874109263655,12.882147239263803,19.62420560747664,26.607687434002116,1.1906946413382478,1.1906946413382478,12.16077709611452,47.00885375494071,18.52529595015576,25.117719112988382,0.01670802000835,0.0375831233917042,0.155609110670069,0.1156331203033921,-2.7885375494071147,5.092210767468499,6.571428571428571,3.0498812351543942,0.0055561111666722,0.332541567695962,0.0,0.08640081799591,0.0541470608891073,0.2624610591900311,0.1722903885480572,1.3534136546184738,0.0071574642126789,10.012931671483566,0.0051067473288034,0.0156296406296406,-0.3233734087694483,7145000000.0,19669000000.0,1624000000.0,18488000000.0,1322500000.0,705500000.0,1272500000.0,57.65337423312884,58.507588532883645,96.3743676222597,1.561053471667997,1.5382619974059664,0.9338582677165356,0.0198941498913146,0.2383309759547383,2014-01-28,0.27,bmo,1821103448.0,2025-04-25,2013-12-31,0.0740740740740739,16.46984375,13086397.96875
2013-09-30,GLW,USD,24741,2013-10-30,2013-10-30 16:03:34,2013,Q3,2067000000.0,1166000000.0,901000000.0,0.4358974359,184000000,0.0,0.0,265000000.0,-1000000.0,457000000.0,1623000000.0,1000000.0,28000000.0,8000000.0,692000000.0,0.3347847121,439000000.0,0.2123850992,110000000.0,549000000.0,0.2656023222,141000000.0,408000000.0,0.1973875181,0.28,0.28,1454000000,1463000000,https://www.sec.gov/Archives/edgar/data/24741/000002474113000061/0000024741-13-000061-index.htm,https://www.sec.gov/Archives/edgar/data/24741/000002474113000061/q32013form10q.htm,1.421595598349381,0.28060522696011,0.3335625859697386,0.1657496561210454,3.745529573590096,14.991746905089409,13.925034387895462,14.958046767537828,1.9718019257221453,21213860000.0,19492860000.0,12.998688725490195,10.263115626511851,43.7399175257732,88.0243153526971,0.9753947307922204,0.9753947307922204,9.430507982583457,28.168872832369946,40.19146391752577,80.88323651452282,0.0192327091816387,0.0113604973352327,0.1305347372292979,0.0988716305634881,-2.48699421965318,5.784537389100127,15.678571428571429,1.1887254901960784,0.0068822929914687,0.3578431372549019,0.0,0.089017900338655,0.0540154628404262,0.5030927835051546,0.1180454765360425,0.9838709677419356,0.0072568940493468,9.71799297344416,0.012012642811599,0.0150204322055737,0.1454607977991747,7550000000.0,20247000000.0,2212000000.0,19078000000.0,1344000000.0,680500000.0,1257500000.0,60.60957910014513,49.39965694682676,98.41337907375645,1.4849137931034482,1.821875,0.9145098039215688,0.0187594831946296,0.1678129298486932,2013-10-22,0.32,bmo,2004363636.0,2025-04-25,2013-09-30,0.03125,14.805625,10286693.125
2013-06-30,GLW,USD,24741,2013-07-31,2013-07-31 08:02:17,2013,Q2,1982000000.0,1099000000.0,883000000.0,0.4455095863,179000000,0.0,0.0,266000000.0,265000000.0,453000000.0,1552000000.0,2000000.0,28000000.0,250000000.0,1107000000.0,0.5585267407,424000000.0,0.213925328,405000000.0,829000000.0,0.4182643794,191000000.0,638000000.0,0.3218970737,0.43,0.43,1469000000,1478000000,https://www.sec.gov/Archives/edgar/data/24741/000002474113000048/0000024741-13-000048-index.htm,https://www.sec.gov/Archives/edgar/data/24741/000002474113000048/q22013form10q.htm,1.349217154526889,0.4343090537780803,0.2688904016337645,0.102791014295439,3.72430224642614,14.604492852280464,13.543226684819604,14.552756977535738,1.989108236895848,21227050000.0,19520050000.0,8.317809561128525,10.709914228052472,53.73936708860759,140.57649006622518,0.9929390027130696,0.9929390027130696,9.848662966700305,17.633288166214996,49.41784810126583,129.27185430463575,0.030055989880836,0.0071135650031445,0.1353728131724202,0.1019408925992461,-1.5420054200542006,5.668753913587977,15.142857142857142,0.6191222570532915,0.0069251261951142,0.2304075235109718,0.0,0.0903128153380423,0.0549156363380182,0.6177215189873417,0.1231079717457114,0.976,0.007063572149344,11.925135954673967,0.0121467844824055,0.0237793514722325,0.0871341048332198,7456000000.0,19895000000.0,2118000000.0,18969000000.0,1269500000.0,741500000.0,1205500000.0,58.849646821392525,59.04458598726114,101.54686078252956,1.529320987654321,1.5242718446601942,0.8862903225806451,0.0298437646178314,0.1660993873383253,2013-07-30,0.31,bmo,1920062500.0,2025-04-25,2013-06-30,0.032258064516129,14.5415625,13367179.1875
2013-03-31,GLW,USD,24741,2013-04-26,2013-04-26 16:03:53,2013,Q1,1814000000.0,1044000000.0,770000000.0,0.4244762955,178000000,0.0,0.0,259000000.0,65000000.0,444000000.0,1488000000.0,2000000.0,36000000.0,255000000.0,819000000.0,0.4514884234,324000000.0,0.1786108049,204000000.0,528000000.0,0.2910694598,34000000.0,494000000.0,0.2723263506,0.33,0.33,1472000000,1481000000,https://www.sec.gov/Archives/edgar/data/24741/000002474113000027/0000024741-13-000027-index.htm,https://www.sec.gov/Archives/edgar/data/24741/000002474113000027/form10qq12013.htm,1.232336956521739,0.3355978260869565,0.4232336956521739,0.2914402173913043,3.923233695652174,14.53125,13.52241847826087,14.5,2.014266304347826,19621760000.0,17753760000.0,9.93004048582996,10.816846747519294,31.49560192616373,45.7383682983683,0.9193103448275862,0.9193103448275862,9.7870782800441,21.67736263736264,28.49720706260032,41.384055944055945,0.025176130989269,0.0218634821748915,0.1372282608695652,0.1024304948417555,-2.2808302808302807,5.163788300835654,9.0,1.2611336032388665,0.0067781891124955,0.2692307692307692,0.0,0.0981256890848952,0.0519321559713236,0.3113964686998395,0.1069459757442116,0.7607843137254902,0.00606394707828,10.463689156357312,0.0112799123180904,0.018222058281077,0.0596127717391304,7474000000.0,19905000000.0,2064000000.0,19130000000.0,1272500000.0,770500000.0,1111000000.0,61.67034178610805,65.6896551724138,100.94827586206895,1.4593724859211583,1.3700787401574803,0.8915456874466268,0.0231446776611694,0.1317934782608695,2013-04-24,0.24,bmo,1451200000.0,2025-04-25,2013-03-31,0.25,12.555,15122327.95
2012-12-31,GLW,USD,24741,2013-02-13,2013-02-13 16:06:18,2012,Q4,2146000000.0,1239000000.0,907000000.0,0.4226467847,185000000,0.0,0.0,301000000.0,41000000.0,492000000.0,1731000000.0,4000000.0,34000000.0,267000000.0,682000000.0,0.3178005592,277000000.0,0.1290773532,-269000000.0,381000000.0,0.1775396086,98000000.0,283000000.0,0.1318732526,0.19,0.19,1471000000,1481000000,https://www.sec.gov/Archives/edgar/data/24741/000130817913000024/0001308179-13-000024-index.htm,https://www.sec.gov/Archives/edgar/data/24741/000130817913000024/lcorningincorporated_10k.htm,1.4588715159755268,0.1923861318830727,0.8429639700883752,0.4853840924541128,4.17675050985724,14.638341264445955,13.621346023113528,14.606390210740992,2.3738953093133923,18564020000.0,17034020000.0,16.3993109540636,8.650521901211556,14.970983870967745,26.00002801120448,0.8640053988643768,0.8640053988643768,7.937567567567568,24.97656891495601,13.737112903225809,23.85717086834734,0.0152445429384368,0.03846149702489,0.1609420087498836,0.1177191489361702,-2.243401759530792,4.956543967280163,8.147058823529411,4.381625441696113,0.0071643965046363,0.469964664310954,0.0,0.0862068965517241,0.050927659574468,0.4241935483870968,0.2451071761416589,1.9700374531835203,0.0065237651444548,7.951509639806322,0.0074832026247673,0.0101510097205782,-0.133242692046227,7739000000.0,20037000000.0,1853000000.0,19860000000.0,1275000000.0,840000000.0,1027000000.0,54.60391425908667,56.585956416464896,76.34382566585957,1.6482334869431643,1.5905006418485237,1.1788772597526165,0.0131713674020292,0.3575798776342624,2013-01-29,0.33,bmo,2019764705.0,2025-04-25,2012-12-31,0.0303030303030303,12.379677419354838,14378246.564516127
2012-09-30,GLW,USD,24741,2012-10-25,2012-10-25 16:03:44,2012,Q3,2038000000.0,1159000000.0,879000000.0,0.4313052012,185000000,0.0,0.0,294000000.0,4000000.0,483000000.0,1642000000.0,3000000.0,33000000.0,248000000.0,907000000.0,0.4450441609,393000000.0,0.1928361138,197000000.0,608000000.0,0.2983316977,87000000.0,533000000.0,0.2615309127,0.36,0.36,1483000000,1494000000,https://www.sec.gov/Archives/edgar/data/24741/000002474112000059/0000024741-12-000059-index.htm,https://www.sec.gov/Archives/edgar/data/24741/000002474112000059/form10qq32012.htm,1.3742414025623737,0.3594066082265678,0.4275118004045853,0.1429534726904922,4.282535401213756,14.757923128792989,14.142953472690492,14.726230613621038,2.316250842886042,19412470000.0,17862470000.0,9.105286116322702,9.525255152109912,30.61903785488959,91.56825471698112,0.8888900590686387,0.8888900590686387,8.764705593719333,19.694013230429988,28.174242902208203,84.25693396226416,0.0274565781685689,0.0109208153315884,0.1557763633866019,0.1156749404964297,-1.708930540242558,5.042925278219396,11.909090909090908,1.216890595009597,0.0057694873449901,0.2101313320825516,0.0,0.0907752698724239,0.0310098605916354,0.6656151419558359,0.2070657507360157,1.7016129032258065,0.0078508341511285,10.912646490567042,0.0121782375377564,0.0187030668818864,0.1783546864463924,7629000000.0,20974000000.0,1992000000.0,19577000000.0,1202500000.0,915000000.0,1001000000.0,55.11285574092248,69.96548748921484,77.88610871440898,1.6330128205128205,1.2863485016648168,1.155533399800598,0.0244058793900819,0.284558327714093,2012-10-24,0.32,bmo,1918117647.0,2025-04-25,2012-09-30,0.0625,12.17063492063492,12547306.746031746
2012-06-30,GLW,USD,24741,2012-07-27,2012-07-27 16:02:15,2012,Q2,1908000000.0,1111000000.0,797000000.0,0.4177148847,188000000,0.0,0.0,291000000.0,4000000.0,483000000.0,1594000000.0,3000000.0,24000000.0,242000000.0,840000000.0,0.4402515723,309000000.0,0.1619496855,227000000.0,555000000.0,0.2908805031,93000000.0,474000000.0,0.248427673,0.31,0.31,1506000000,1518000000,https://www.sec.gov/Archives/edgar/data/24741/000002474112000047/0000024741-12-000047-index.htm,https://www.sec.gov/Archives/edgar/data/24741/000002474112000047/q2form10q.htm,1.2669322709163346,0.3147410358565737,0.3784860557768924,0.0856573705179282,4.213147410358566,14.211155378486056,13.602921646746347,14.179282868525895,2.1792828685258963,19472580000.0,17722580000.0,10.270348101265824,10.205754716981131,34.16242105263158,150.95023255813953,0.9118937903905592,0.9118937903905592,9.28856394129979,21.09830952380952,31.09224561403509,137.38434108527133,0.0243419207932384,0.0066246999627168,0.1525709468951953,0.1133059748208944,-2.083333333333333,4.956659619450317,12.875,1.2337662337662338,0.0058030317502868,0.2383966244725738,0.0,0.0985324947589098,0.0318564373652361,0.7736842105263158,0.2311320754716981,1.822314049586777,0.0083857442348008,10.020631167707064,0.0095653423681388,0.0170270852791148,0.2392098273572377,7486000000.0,20486000000.0,2026000000.0,19153000000.0,1132500000.0,888000000.0,977000000.0,54.575471698113205,75.25652565256526,80.92709270927092,1.6490924805531546,1.1959095801937567,1.112112112112112,0.022197246417533,0.2928286852589641,2012-07-25,0.31,bmo,1908000000.0,2025-04-25,2012-06-30,0.0,13.265079365079366,14046930.317460315
2012-03-31,GLW,USD,24741,2012-04-27,2012-04-27 16:03:08,2012,Q1,1920000000.0,1106000000.0,814000000.0,0.4239583333,187000000,0.0,0.0,279000000.0,5000000.0,471000000.0,1577000000.0,4000000.0,20000000.0,240000000.0,852000000.0,0.44375,342000000.0,0.178125,212000000.0,573000000.0,0.2984375,111000000.0,474000000.0,0.246875,0.31,0.31,1516000000,1530000000,https://www.sec.gov/Archives/edgar/data/24741/000002474112000024/0000024741-12-000024-index.htm,https://www.sec.gov/Archives/edgar/data/24741/000002474112000024/q12012form10q.htm,1.266490765171504,0.312664907651715,0.5026385224274407,0.2308707124010554,4.509234828496043,14.094327176781002,13.486147757255935,14.061345646437994,2.098944591029024,21345280000.0,19017280000.0,11.258059071729956,11.117333333333333,28.012178477690288,60.986514285714286,1.0013266407092931,1.0013266407092931,9.904833333333332,22.32075117370892,24.95706036745407,54.33508571428571,0.0222063144639002,0.0163970676421204,0.1483323169301496,0.1109902067464635,-2.732394366197183,5.50308815272319,17.1,1.6493506493506491,0.005340759174862,0.240506329113924,0.0,0.0973958333333333,0.0323633683175962,0.5406824146981627,0.2145833333333333,1.7166666666666666,0.0125,9.945904187405668,0.0103141459173172,0.0171944716508869,0.6744722955145118,8020000000.0,20445000000.0,2679000000.0,19315000000.0,1095000000.0,912000000.0,965000000.0,51.9375,68.9240506329114,77.71247739602171,1.7328519855595668,1.3057851239669422,1.1581151832460732,0.0222357742646713,0.2717678100263852,2012-04-25,0.28,bmo,1792000000.0,2025-04-25,2012-03-31,0.0714285714285712,13.651935483870966,19970859.06451613
2011-12-31,GLW,USD,24741,2012-02-13,2012-02-13 16:08:03,2011,Q4,1887000000.0,1062000000.0,825000000.0,0.4372019078,177000000,0.0,0.0,283000000.0,4000000.0,464000000.0,1526000000.0,4000000.0,17000000.0,247000000.0,816000000.0,0.4324324324,223000000.0,0.1181770005,329000000.0,552000000.0,0.2925278219,61000000.0,491000000.0,0.2602013778,0.32,0.31,1546000000,1564000000,https://www.sec.gov/Archives/edgar/data/24741/000119312512056163/0001193125-12-056163-index.htm,https://www.sec.gov/Archives/edgar/data/24741/000119312512056163/d262610d10k.htm,1.220569210866753,0.3175937904269081,0.7483829236739974,0.2529107373868046,3.767787839586029,13.666882276843468,13.067917205692108,13.633893919793014,1.5575679172056922,20067080000.0,17797080000.0,10.21745417515275,10.63438261791203,17.344062229904928,51.322455242966754,0.952039092893064,0.952039092893064,9.43141494435612,21.810147058823528,15.38209161624892,45.51682864450128,0.0244679345475275,0.019484648488968,0.1134358098491317,0.0858589485779948,-2.781862745098039,4.137815927515498,13.117647058823527,2.3564154786150717,0.0058304446885147,0.2382892057026476,0.0,0.0937996820349761,0.0332519390979603,0.662057044079516,0.4059353471118177,3.1012145748987856,0.0105988341282458,9.870455971533048,0.0076948127883455,0.0182378723720377,0.2619663648124191,6580000000.0,20203000000.0,1958000000.0,18177000000.0,1135500000.0,957500000.0,957000000.0,51.60572337042925,82.79661016949153,82.62711864406779,1.743992606284658,1.0870010235414531,1.0892307692307692,0.023294430211595,0.4954721862871927,2012-01-25,0.33,bmo,1887000000.0,2025-04-25,2011-12-31,0.0,13.781746031746032,21002968.92063492
2011-09-30,GLW,USD,24741,2011-10-27,2011-10-27 16:02:15,2011,Q3,2075000000.0,1097000000.0,978000000.0,0.4713253012,166000000,0.0,0.0,216000000.0,4000000.0,391000000.0,1488000000.0,6000000.0,23000000.0,245000000.0,1189000000.0,0.5730120482,587000000.0,0.2828915663,334000000.0,921000000.0,0.4438554217,110000000.0,811000000.0,0.3908433735,0.52,0.51,1569000000,1588000000,https://www.sec.gov/Archives/edgar/data/24741/000002474111000055/0000024741-11-000055-index.htm,https://www.sec.gov/Archives/edgar/data/24741/000002474111000055/q310q2011.htm,1.3224984066284258,0.5168897386870618,0.5818992989165074,0.1739961759082218,4.092415551306565,13.824729126832375,13.263224984066284,13.792224346717656,1.4862970044614403,19392840000.0,16800840000.0,5.97806411837238,9.345946987951807,21.240788608981376,71.03604395604395,0.8961571164510166,0.8961571164510166,8.096790361445784,14.13022708158116,18.401796276013144,61.54153846153846,0.0418195581462024,0.0140773605103739,0.1067005545286506,0.0819579029567316,-2.179983179142136,4.611249377799901,25.52173913043478,1.12577065351418,0.0040736684260789,0.0974106041923551,0.0,0.08,0.0312710751428672,0.7009857612267251,0.308433734939759,2.6122448979591835,0.0101204819277108,12.665063476587274,0.0197354595993659,0.0297156675948996,0.8287125557680051,7255000000.0,20810000000.0,2782000000.0,18402000000.0,1220500000.0,995000000.0,928000000.0,51.5710843373494,76.95533272561532,77.03737465815863,1.7451640033641715,1.1695095948827292,1.1682641107561236,0.0374768946395563,0.4079031230082855,2011-10-26,0.41,bmo,1772395833.0,2025-04-25,2011-09-30,0.1707317073170731,14.97875,20874025.203125
2011-06-30,GLW,USD,24741,2011-07-29,2011-07-29 16:11:55,2011,Q2,2005000000.0,1116000000.0,889000000.0,0.4433915212,172000000,0.0,0.0,284000000.0,4000000.0,465000000.0,1581000000.0,5000000.0,22000000.0,236000000.0,1136000000.0,0.5665835411,424000000.0,0.2114713217,454000000.0,878000000.0,0.4379052369,123000000.0,755000000.0,0.3765586035,0.48,0.47,1568000000,1591000000,https://www.sec.gov/Archives/edgar/data/24741/000002474111000044/0000024741-11-000044-index.htm,https://www.sec.gov/Archives/edgar/data/24741/000002474111000044/q22011form10q.htm,1.2786989795918366,0.4815051020408163,0.3482142857142857,0.0331632653061224,4.0542091836734695,13.588010204081632,13.024872448979592,13.55548469387755,1.4642857142857142,28459200000.0,26124200000.0,9.423576158940396,14.194114713216957,52.12307692307692,547.2923076923076,1.33894142554693,1.33894142554693,13.029526184538652,22.99665492957746,47.84652014652014,502.3884615384615,0.0265292067240119,0.0018271771518524,0.1069865913902611,0.0817250673854447,-2.055457746478873,4.478636581853096,19.272727272727277,0.7231788079470198,0.0027759037499297,0.1046357615894039,0.0,0.085785536159601,0.0317340521114106,0.9047619047619048,0.2463840399002493,2.093220338983051,0.0109725685785536,12.118510156640967,0.0141493855457387,0.0280231608640783,0.7879464285714286,7246000000.0,20423000000.0,2810000000.0,17884000000.0,1179500000.0,1000500000.0,879000000.0,56.1995012468828,84.83870967741936,73.95161290322581,1.601437699680511,1.0608365019011408,1.21701199563795,0.0355210538696777,0.3150510204081632,2011-07-27,0.47,bmo,1963229166.0,2025-04-25,2011-06-30,0.0212765957446808,19.54095238095238,13552539.42857143
2011-03-31,GLW,USD,24741,2011-04-29,2011-04-29 16:02:35,2011,Q1,1923000000.0,1049000000.0,874000000.0,0.4544981799,156000000,0.0,0.0,250000000.0,3000000.0,414000000.0,1463000000.0,4000000.0,27000000.0,229000000.0,1118000000.0,0.5813832553,460000000.0,0.2392095684,402000000.0,862000000.0,0.4482579303,114000000.0,748000000.0,0.388975559,0.48,0.47,1565000000,1589000000,https://www.sec.gov/Archives/edgar/data/24741/000002474111000020/0000024741-11-000020-index.htm,https://www.sec.gov/Archives/edgar/data/24741/000002474111000020/q12011form10q.htm,1.2287539936102236,0.4779552715654952,0.3661341853035144,0.0261980830670926,4.0274760383386585,13.006389776357828,12.440894568690096,12.973801916932908,1.468370607028754,32285950000.0,29986950000.0,10.79075868983957,16.789365574622984,56.34546247818498,787.4621951219513,1.5901275610717098,1.5901275610717098,15.59383775351014,26.82195885509839,52.333246073298426,731.3890243902439,0.0231679724462188,0.0012699022330146,0.1118498817966903,0.0851837959489872,-2.056350626118068,4.771383315733897,17.037037037037038,0.766042780748663,0.0024468847904429,0.105614973262032,0.0,0.0811232449297972,0.0331957989497374,0.9284467713787086,0.2766510660426417,2.323144104803493,0.0119604784191367,11.811866191038726,0.0161005458687743,0.0290203685741998,0.797923322683706,7143000000.0,19470000000.0,2732000000.0,17263000000.0,1040000000.0,873500000.0,789500000.0,51.80967238689547,81.42040038131553,72.15443279313632,1.7371273712737128,1.1053740779768175,1.2473246135552911,0.0368400315208825,0.3399361022364217,2011-04-27,0.44,bmo,1800255319.0,2025-04-25,2011-03-31,0.0681818181818181,21.38241935483871,15353878.048387095
2010-12-31,GLW,USD,24741,2011-02-10,2011-02-10 16:06:53,2010,Q4,1765000000.0,998000000.0,767000000.0,0.4345609065,166000000,0.0,0.0,284000000.0,2000000.0,452000000.0,1450000000.0,3000000.0,28000000.0,224000000.0,1441000000.0,0.8164305949,649000000.0,0.3677053824,540000000.0,1189000000.0,0.6736543909,145000000.0,1044000000.0,0.5915014164,0.67,0.67,1558000000,1565000000,https://www.sec.gov/Archives/edgar/data/24741/000119312511030621/0001193125-11-030621-index.htm,https://www.sec.gov/Archives/edgar/data/24741/000119312511030621/d10k.htm,1.1328626444159178,0.6700898587933247,1.3427471116816432,1.039152759948652,4.075738125802311,12.468549422336327,12.008985879332478,12.43581514762516,1.506418485237484,30100560000.0,27821560000.0,7.207988505747127,17.05414164305949,14.388413001912046,18.59206917850525,1.5535772903225806,1.5535772903225806,15.762923512747877,19.307120055517004,13.299024856596558,17.184410129709697,0.0346837401031741,0.053786374738543,0.1196903225806451,0.0897689002438741,-1.5815405968077725,4.460725075528701,23.178571428571427,2.003831417624521,0.0025913139157543,0.0747126436781609,0.0,0.0940509915014164,0.027716486664344,0.2260994263862332,0.2679886685552408,2.111607142857143,0.0084985835694051,13.692883420436717,0.0238392594769321,0.0415654735836286,0.6686456996148908,6873000000.0,18710000000.0,2452000000.0,16532000000.0,913500000.0,759000000.0,725000000.0,49.61473087818697,71.96392785571143,66.55310621242485,1.813977389516958,1.25062656641604,1.3523035230352305,0.0538838709677419,0.303594351732991,2011-01-25,0.47,bmo,1803369565.0,2025-04-25,2010-12-31,-0.0212765957446807,18.565625,11152082.0625
2010-09-30,GLW,USD,24741,2010-11-01,2010-11-01 16:02:29,2010,Q3,1602000000.0,878000000.0,724000000.0,0.4519350811,148000000,0.0,0.0,250000000.0,2000000.0,400000000.0,1278000000.0,3000000.0,29000000.0,214000000.0,1042000000.0,0.6504369538,319000000.0,0.1991260924,480000000.0,799000000.0,0.4987515605,14000000.0,785000000.0,0.4900124844,0.5,0.5,1557000000,1580000000,https://www.sec.gov/Archives/edgar/data/24741/000002474110000061/0000024741-10-000061-index.htm,https://www.sec.gov/Archives/edgar/data/24741/000002474110000061/q3form10q.htm,1.0289017341040465,0.50417469492614,0.2748876043673731,0.1303789338471419,3.2299293513166347,11.86062941554271,11.431599229287093,11.827874116891458,1.5696852922286448,28461960000.0,27574960000.0,9.06431847133758,17.766516853932583,66.49990654205608,140.20669950738915,1.5455017376194615,1.5455017376194615,17.21283395755306,26.463493282149717,64.42747663551401,135.83724137931034,0.0275806725889573,0.0071323267968896,0.1311359687228497,0.0978921767328739,-0.8512476007677543,4.346517119244392,11.0,0.5452229299363057,0.0027756345662772,0.1006369426751592,0.0,0.0923845193508114,0.027077421970004,0.5257009345794392,0.1404494382022472,1.0514018691588785,0.013732833957553,11.5833753090989,0.0136259516169482,0.0327056078660111,-0.1140012845215157,5669000000.0,17799000000.0,1160000000.0,14863000000.0,896000000.0,619500000.0,659500000.0,47.97752808988764,73.80410022779043,72.98405466970387,1.8758782201405155,1.2194444444444446,1.2331460674157304,0.042625977410947,0.1445086705202312,2010-11-01,0.52,bmo,1633411764.0,2025-04-25,2010-09-30,-0.0192307692307692,17.25734375,16353926.890625
2010-06-30,GLW,USD,24741,2010-07-30,2010-07-30 16:01:40,2010,Q2,1712000000.0,885000000.0,827000000.0,0.4830607477,144000000,0.0,0.0,246000000.0,2000000.0,392000000.0,1277000000.0,2000000.0,26000000.0,208000000.0,1178000000.0,0.6880841121,430000000.0,0.2511682243,514000000.0,944000000.0,0.5514018692,31000000.0,913000000.0,0.5332943925,0.59,0.58,1558000000,1581000000,https://www.sec.gov/Archives/edgar/data/24741/000002474110000047/0000024741-10-000047-index.htm,https://www.sec.gov/Archives/edgar/data/24741/000002474110000047/q2form10q.htm,1.098844672657253,0.5860077021822849,0.4313222079589217,0.3440308087291399,2.733632862644416,10.938382541720154,10.508985879332478,10.906290115532734,1.2689345314505778,25161700000.0,23898700000.0,6.8898411829134725,14.697254672897197,37.44300595238095,46.94347014925373,1.4807968455743878,1.4807968455743878,13.95952102803738,20.287521222410863,35.56354166666666,44.58712686567164,0.0362853066366739,0.0213022172587702,0.1148187382297551,0.0865533915975333,-1.0721561969439728,4.433768016472203,16.53846153846154,0.7360350492880613,0.0030999495264628,0.0854326396495071,0.0,0.0841121495327102,0.0296792511423628,0.2023809523809523,0.0794392523364486,0.6538461538461539,0.0151869158878504,11.99171902704428,0.0197024463373192,0.0417428675932699,-0.1495507060333761,5003000000.0,16373000000.0,961000000.0,13719000000.0,899000000.0,489000000.0,605500000.0,49.31074766355139,52.77966101694915,61.72881355932203,1.8251599147121536,1.7052023121387283,1.457990115321252,0.0537311676082862,0.0872913992297817,2010-07-28,0.52,bmo,1534896551.0,2025-04-25,2010-06-30,0.1153846153846152,18.49571428571429,17324496.015873015
2010-03-31,GLW,USD,24741,2010-04-30,2010-04-30 16:00:53,2010,Q1,1553000000.0,822000000.0,731000000.0,0.4707018674,145000000,0.0,0.0,235000000.0,-50000000.0,330000000.0,1152000000.0,3000000.0,26000000.0,208000000.0,1147000000.0,0.7385705087,403000000.0,0.2594977463,510000000.0,913000000.0,0.5878943979,97000000.0,816000000.0,0.5254346426,0.52,0.52,1555000000,1579000000,https://www.sec.gov/Archives/edgar/data/24741/000002474110000018/0000024741-10-000018-index.htm,https://www.sec.gov/Archives/edgar/data/24741/000002474110000018/q110q2010.htm,0.9987138263665596,0.52475884244373,0.4135048231511254,0.3022508038585209,2.490675241157556,10.516398713826366,10.082958199356913,10.483601286173634,1.2655948553054663,31426550000.0,30293550000.0,9.628232230392156,20.23602704443013,48.8748833592535,66.865,1.9277726659305603,1.9277726659305603,19.506471345782355,26.411115954664343,47.112830482115086,64.45436170212766,0.0259653064049346,0.0149555073655873,0.1191264875475401,0.0893818750862981,-0.987794245858762,4.735524256651018,15.5,0.7879901960784313,0.0024819778181187,0.0955882352941176,0.0,0.0933676754668383,0.0310213098909191,0.2690513219284603,0.1113972955569864,0.8317307692307693,0.0186735350933676,11.125675516588496,0.0175939824522431,0.03875932171187,-0.3562700964630225,4774000000.0,15679000000.0,678000000.0,13295000000.0,806500000.0,504500000.0,591500000.0,49.83902124919511,50.25547445255474,66.13138686131387,1.805813953488372,1.7908496732026145,1.3609271523178808,0.0500552079499447,0.1112540192926045,2010-04-28,0.42,bmo,1254346153.0,2025-04-25,2010-03-31,0.2380952380952382,18.74950819672131,16346064.49180328
2009-12-31,GLW,USD,24741,2010-02-10,2010-02-10 16:04:52,2009,Q4,1532000000.0,883000000.0,649000000.0,0.4236292428,145000000,0.0,0.0,244000000.0,2000000.0,391000000.0,1274000000.0,3000000.0,24000000.0,198000000.0,926000000.0,0.6044386423,200000000.0,0.1305483029,504000000.0,704000000.0,0.4595300261,-36000000.0,740000000.0,0.4830287206,0.48,0.48,1553000000,1555000000,https://www.sec.gov/Archives/edgar/data/24741/000119312510027165/0001193125-10-027165-index.htm,https://www.sec.gov/Archives/edgar/data/24741/000119312510027165/d10k.htm,0.9864777849323888,0.4764971023824855,0.587894397939472,0.4829362524146812,2.3071474565357373,10.041854475209272,9.60656793303284,10.008370895041857,1.305859626529298,29988430000.0,29451430000.0,10.131226351351351,19.57469321148825,32.84603504928806,39.98457333333333,1.9293849321237857,1.9293849321237857,19.22417101827676,31.805,32.25786418400876,39.26857333333333,0.0246761834480831,0.0250096453865707,0.1289326384867786,0.0941065977929091,-0.5799136069114471,3.587394411955815,8.333333333333334,1.2337837837837835,0.0026010031202033,0.1054054054054054,0.0,0.0946475195822454,0.0317445409720591,0.1785323110624315,0.106396866840731,0.8232323232323232,0.0195822454308094,10.35864826841681,0.010601476183927,0.0358892283815898,-0.8131036703155183,3982000000.0,14919000000.0,-179000000.0,12653000000.0,794000000.0,510000000.0,598500000.0,44.23629242819843,56.05889014722536,59.01472253680634,2.0345285524568397,1.6054545454545457,1.5250431778929188,0.0476098565270539,0.1049581455247907,2010-01-26,0.42,bmo,1462363636.0,2025-04-25,2009-12-31,0.0476190476190476,16.7,13845678.09375
2009-09-30,GLW,USD,24741,2009-11-02,2009-11-02 16:01:17,2009,Q3,1479000000.0,880000000.0,599000000.0,0.4050033807,131000000,0.0,0.0,219000000.0,3000000.0,353000000.0,1233000000.0,4000000.0,24000000.0,230000000.0,929000000.0,0.6281271129,230000000.0,0.1555104801,445000000.0,675000000.0,0.4563894523,32000000.0,643000000.0,0.4347532116,0.41,0.41,1550000000,1569000000,https://www.sec.gov/Archives/edgar/data/24741/000002474109000043/0000024741-09-000043-index.htm,https://www.sec.gov/Archives/edgar/data/24741/000002474109000043/q30910q.htm,0.9541935483870968,0.4148387096774193,0.3432258064516129,0.1909677419354838,1.890322580645161,9.689032258064517,9.25032258064516,9.656129032258065,1.3187096774193547,23730500000.0,23788500000.0,9.226477449455675,16.04496281271129,44.6062030075188,80.17060810810811,1.5855214805906328,1.5855214805906328,16.0841784989858,25.606566200215287,44.715225563909776,80.36655405405405,0.0270959313963043,0.0124733992119845,0.1349635865570922,0.0973634742372391,0.0624327233584499,3.188815789473684,9.583333333333334,0.8273716951788491,0.0032869092518067,0.1213063763608087,0.0,0.0885733603786342,0.0327758230105557,0.4436090225563909,0.1595672751859364,1.0260869565217392,0.0202839756592292,9.493632731202718,0.0113509634388299,0.0320426570987192,-1.2024193548387097,3327000000.0,14338000000.0,-882000000.0,12187000000.0,812500000.0,486000000.0,632500000.0,50.81135902636917,48.06818181818182,63.20454545454545,1.77125748502994,1.872340425531915,1.4239482200647249,0.0429611812654506,0.152258064516129,2009-10-26,0.39,bmo,1373357142.0,2025-04-25,2009-09-30,0.0769230769230768,15.83875,14303139.78125
2009-06-30,GLW,USD,24741,2009-07-29,2009-07-29 16:03:05,2009,Q2,1395000000.0,820000000.0,575000000.0,0.4121863799,136000000,0.0,0.0,211000000.0,2000000.0,349000000.0,1169000000.0,5000000.0,20000000.0,186000000.0,813000000.0,0.5827956989,221000000.0,0.1584229391,386000000.0,607000000.0,0.435125448,-4000000.0,611000000.0,0.4379928315,0.39,0.39,1550000000,1567000000,https://www.sec.gov/Archives/edgar/data/24741/000002474109000027/0000024741-09-000027-index.htm,https://www.sec.gov/Archives/edgar/data/24741/000002474109000027/q20910q.htm,0.9,0.3941935483870967,0.2374193548387096,0.0987096774193548,1.9838709677419355,8.936774193548388,8.743870967741936,8.90516129032258,1.3148387096774194,24893000000.0,24677000000.0,10.185351882160392,17.84444444444444,67.64402173913042,162.69934640522874,1.8034485256828223,1.8034485256828223,17.68960573476702,30.353013530135296,67.0570652173913,161.2875816993464,0.0245450528260956,0.0061463061904953,0.1462001014272259,0.1029381758824729,-0.2656826568265683,3.284128020901372,11.05,0.602291325695581,0.003133410999076,0.1276595744680851,0.0,0.0974910394265233,0.0152519893899204,0.5842391304347826,0.1541218637992831,1.1559139784946235,0.0229390681003584,8.88724003163033,0.0122545222645768,0.0316498316498316,-1.1361290322580646,3497000000.0,13553000000.0,-724000000.0,11681000000.0,691500000.0,522000000.0,689000000.0,50.96774193548387,55.09756097560975,71.01219512195121,1.7658227848101269,1.6334661354581674,1.267387944358578,0.0442657393320292,0.1387096774193548,2009-07-27,0.32,bmo,1144615384.0,2025-04-25,2009-06-30,0.21875,15.050793650793652,16664667.61904762
2009-03-31,GLW,USD,24741,2009-05-01,2009-05-01 16:01:26,2009,Q1,989000000.0,719000000.0,270000000.0,0.2730030334,151000000,0.0,0.0,207000000.0,3000000.0,361000000.0,1080000000.0,7000000.0,14000000.0,178000000.0,-260000000.0,-0.2628918099,-260000000.0,-0.2628918099,208000000.0,-52000000.0,-0.052578362,-66000000.0,14000000.0,0.0141557128,0.01,0.01,1548000000,1559000000,https://www.sec.gov/Archives/edgar/data/24741/000002474109000009/0000024741-09-000009-index.htm,https://www.sec.gov/Archives/edgar/data/24741/000002474109000009/q10910q.htm,0.6388888888888888,0.0090439276485788,0.1705426356589147,-0.0077519379844961,1.6698966408268734,8.200904392764858,8.005813953488373,8.169896640826874,1.083979328165375,20541960000.0,20425960000.0,366.8207142857143,20.770434782608696,77.81045454545455,-1711.83,1.6242555546769983,1.6242555546769983,20.65314459049545,-78.56138461538461,77.37106060606061,-1702.1633333333334,0.0006815318499305,-0.0005841701570833,0.1315727049893255,0.0915392232368797,0.4461538461538462,2.788316582914573,-18.571428571428573,18.857142857142858,0.0037971060210418,5.571428571428571,0.0,0.1526794742163801,0.0166134888326548,1.0454545454545454,0.2790697674418604,1.550561797752809,0.0353892821031344,1.2893715397859995,0.0042031944277651,0.0007831729693443,-1.3486757105943152,2847000000.0,12393000000.0,-1044000000.0,10955000000.0,552500000.0,694000000.0,764500000.0,53.96359959555107,67.8442280945758,91.50208623087622,1.6677908937605397,1.3265682656826567,0.9835841313269492,0.001106981892939,0.1782945736434108,2009-04-27,0.05,bmo,494500000.0,2025-04-25,2009-03-31,1.0,10.948524590163936,18782234.639344264
2008-12-31,GLW,USD,24741,2009-02-24,2009-02-24 08:02:12,2008,Q4,1084000000.0,777000000.0,307000000.0,0.2832103321,153000000,0.0,0.0,179000000.0,-24000000.0,308000000.0,1085000000.0,0.0,0.0,205000000.0,247000000.0,0.2278597786,-23000000.0,-0.0212177122,-33000000.0,-56000000.0,-0.0516605166,-23000000.0,249000000.0,0.229704797,0.16,0.16,1548000000,1548000000,https://www.sec.gov/Archives/edgar/data/24741/000119312509035649/0001193125-09-035649-index.htm,https://www.sec.gov/Archives/edgar/data/24741/000119312509035649/d10k.htm,0.7002583979328165,0.1608527131782945,0.2454780361757106,-0.2493540051679586,1.819121447028424,8.715116279069768,8.518087855297157,8.684108527131784,1.0368217054263569,14752439999.999998,14484439999.999998,14.81168674698795,13.609261992619924,38.822210526315786,-38.218756476683936,1.0974068288328496,1.0974068288328496,13.3620295202952,58.64145748987853,38.11694736842104,-37.52445595854922,0.0168785638172397,-0.0261651631865643,0.1193929926355724,0.0833506439551308,-1.0850202429149798,2.250974658869396,0.0,1.5261044176706828,0.0052872609547979,0.3132530120481928,0.0,0.1411439114391144,0.0158392189447444,2.0157894736842104,0.7066420664206642,3.7365853658536574,0.1088560885608856,5.606193397287325,-0.0007842594276456,0.0131391483299034,-1.3992248062015504,2567000000.0,13186000000.0,-1146000000.0,11071000000.0,670000000.0,902000000.0,776500000.0,42.50922509225092,97.992277992278,92.43243243243242,2.1171875,0.9184397163120568,0.9736842105263158,0.0185226511939299,0.4948320413436692,2009-01-27,0.2,bmo,1667692307.0,2025-04-25,2008-12-31,-0.35,10.21515625,20628206.9375
2008-09-30,GLW,USD,24741,2008-10-30,2008-10-30 16:22:48,2008,Q3,1555000000.0,820000000.0,735000000.0,0.4726688103,160000000,0.0,0.0,220000000.0,8000000.0,388000000.0,1208000000.0,22000000.0,15000000.0,166000000.0,898000000.0,0.5774919614,349000000.0,0.224437299,368000000.0,326000000.0,0.2096463023,-60000000.0,768000000.0,0.4938906752,0.49,0.49,1558000000,1578000000,https://www.sec.gov/Archives/edgar/data/24741/000002474108000259/0000024741-08-000259-index.htm,https://www.sec.gov/Archives/edgar/data/24741/000002474108000259/q310q08.htm,0.9980744544287548,0.4929396662387676,0.4897304236200256,0.3029525032092426,2.03594351732991,8.649550706033375,8.453145057766367,8.618741976893453,1.0012836970474968,24367120000.0,23316120000.0,7.932005208333333,15.670173633440514,31.935937090432503,51.62525423728813,1.8146499851057487,1.8146499851057487,14.994289389067523,25.96449888641425,30.558479685452163,49.3985593220339,0.0315178814730669,0.0193703646553224,0.1150580875781948,0.0813586097946287,-1.170378619153675,2.5374149659863945,23.266666666666666,0.9934895833333334,0.0031599959289403,0.1002604166666666,0.0,0.1028938906752411,0.0161137440758293,0.381389252948886,0.1871382636655948,1.7530120481927711,-0.0167202572347266,9.777100559648453,0.0242978261206771,0.0411046885035324,-0.8623234916559692,3164000000.0,13170000000.0,-292000000.0,10690000000.0,893000000.0,894500000.0,740500000.0,47.922829581993575,105.14634146341464,82.86585365853658,1.8780193236714977,0.8559498956158664,1.086092715231788,0.0571939231456657,0.186777920410783,2008-10-29,0.44,bmo,1487391304.0,2025-04-25,2008-09-30,0.0454545454545455,19.30921875,19259060.515625
2008-06-30,GLW,USD,24741,2008-07-30,2008-07-30 16:01:35,2008,Q2,1692000000.0,840000000.0,852000000.0,0.5035460993,163000000,0.0,0.0,260000000.0,12000000.0,435000000.0,1275000000.0,22000000.0,15000000.0,165000000.0,1010000000.0,0.5969267139,417000000.0,0.2464539007,413000000.0,463000000.0,0.2736406619,-2388000000.0,3211000000.0,1.8977541371,2.05,2.01,1569000000,1600000000,https://www.sec.gov/Archives/edgar/data/24741/000002474108000248/0000024741-08-000248-index.htm,https://www.sec.gov/Archives/edgar/data/24741/000002474108000248/q20810q.htm,1.0783938814531548,2.0465264499681326,0.4397705544933078,0.1867431485022307,2.2351816443594648,8.750159337157426,8.55704270235819,8.719566602931804,0.9974506054811982,36165450000.0,35540450000.0,2.815746652133292,21.374379432624117,52.41369565217392,123.43156996587032,2.6434800087712884,2.6434800087712884,21.004994089834515,35.18856435643564,51.50789855072464,121.29846416382252,0.0887863969617411,0.0081016550326347,0.1132958117096703,0.0808133472367049,-0.6188118811881188,2.8845760980592443,27.8,0.2148863282466521,0.0022120559816067,0.0249143568981625,0.0,0.0963356973995271,0.0157977059436913,0.5753623188405798,0.2346335697399527,2.4060606060606062,-0.0218676122931442,20.03767783242537,0.14844186034316,0.1701011813317794,-0.5497131931166348,3690000000.0,13426000000.0,197000000.0,10937000000.0,973000000.0,766000000.0,709000000.0,50.95744680851064,89.03571428571428,77.78571428571428,1.7661795407098122,1.0108303249097472,1.1570247933884297,0.2347050654191945,0.2530274059910771,2008-07-30,0.49,bmo,1692000000.0,2025-04-25,2008-06-30,0.0,26.115625,14471997.9375
2008-03-31,GLW,USD,24741,2008-04-29,2008-04-29 16:10:19,2008,Q1,1617000000.0,773000000.0,844000000.0,0.5219542362,151000000,0.0,0.0,242000000.0,-325000000.0,68000000.0,841000000.0,30000000.0,18000000.0,159000000.0,606000000.0,0.3747680891,777000000.0,0.4805194805,13000000.0,790000000.0,0.48855906,66000000.0,1029000000.0,0.6363636364,0.66,0.64,1566000000,1598000000,https://www.sec.gov/Archives/edgar/data/24741/000002474108000185/0000024741-08-000185-index.htm,https://www.sec.gov/Archives/edgar/data/24741/000002474108000185/q10810q.htm,1.0325670498084292,0.657088122605364,0.1883780332056194,-0.1098339719029374,2.1130268199233715,6.888250319284802,6.692848020434227,6.85823754789272,1.021072796934866,37646640000.0,37103640000.0,9.146413994169096,23.28178107606679,127.61572881355931,-218.8758139534884,3.5052737430167595,3.5052737430167595,22.945974025974024,61.22712871287128,125.77505084745762,-215.7188372093023,0.0273331165809219,-0.0045688008279092,0.1472067039106145,0.0972145360634569,-0.8960396039603961,2.86734693877551,43.16666666666666,0.2866861030126336,0.0020718980498658,0.075801749271137,0.0,0.0933828076685219,0.0188157166574432,1.583050847457627,0.2888064316635745,2.9371069182389937,0.0253555967841682,10.06953299718239,0.0491806116409535,0.0644858056025568,-0.6896551724137931,3477000000.0,10481000000.0,-137000000.0,10620000000.0,922000000.0,655000000.0,661500000.0,54.99072356215213,81.61707632600259,80.56921086675293,1.6366396761133604,1.102710413694722,1.1170520231213872,0.0958100558659217,0.2982120051085568,2008-04-29,0.42,bmo,1543500000.0,2025-04-25,2008-03-31,0.0476190476190476,23.346557377049184,14800501.62295082
2007-12-31,GLW,USD,24741,2008-02-15,2008-02-14 21:08:24,2007,Q4,1582000000.0,825000000.0,757000000.0,0.4785082174,153000000,0.0,0.0,257000000.0,18000000.0,428000000.0,1253000000.0,0.0,0.0,154000000.0,483000000.0,0.3053097345,331000000.0,0.2092288243,59000000.0,390000000.0,0.2465233881,-61000000.0,717000000.0,0.4532237674,0.46,0.46,1539824176,1566000000,https://www.sec.gov/Archives/edgar/data/24741/000119312508031868/0001193125-08-031868-index.htm,https://www.sec.gov/Archives/edgar/data/24741/000119312508031868/d10k.htm,1.0273900258596798,0.4656375780919028,0.4753789500185117,0.2247009791071107,2.2833775795971136,6.196811394913441,5.996788558020406,6.166937854338507,0.9981659100798532,36940381982.24,36261381982.24,12.880188975676427,23.35043108864728,50.46500270797814,106.76410977526012,3.8900991977927535,3.8900991977927535,22.921227548824277,75.07532501498964,49.53740707956284,104.80168202959536,0.0194096531092914,0.0093664434809133,0.1618576242628475,0.1010187315149523,-1.4057971014492754,2.107484076433121,0.0,1.0209205020920502,0.0021656516718874,0.1115760111576011,0.0,0.0967130214917825,0.0202431810713112,0.5273224043715847,0.2439949431099873,2.5064935064935066,0.0,8.038038016306766,0.03007793453338,0.0480982088951499,-0.7789850417311541,2782000000.0,9234000000.0,-379000000.0,9076000000.0,865000000.0,552000000.0,648000000.0,48.69785082174463,66.43636363636364,68.83636363636364,1.8481308411214952,1.354679802955665,1.3074484944532487,0.0755054759898904,0.250677970911401,2008-01-28,0.39,bmo,1542450000.0,2025-04-25,2007-12-31,0.0256410256410256,24.18765625,12886251.8125
2007-09-30,GLW,USD,24741,2007-10-26,2007-10-26 16:02:26,2007,Q3,1553000000.0,811000000.0,742000000.0,0.4777849324,145000000,0.0,0.0,212000000.0,-14000000.0,343000000.0,1154000000.0,0.0,0.0,149000000.0,399000000.0,0.2569220863,399000000.0,0.2569220863,46000000.0,445000000.0,0.2865421764,66000000.0,617000000.0,0.397295557,0.39,0.38,1582051282,1623684211,https://www.sec.gov/Archives/edgar/data/24741/000002474107000431/0000024741-07-000431-index.htm,https://www.sec.gov/Archives/edgar/data/24741/000002474107000431/q310q.htm,0.9816369530301988,0.3900000000126418,0.4279254457188954,0.1719286872016832,2.104230145935307,5.588946515578248,5.3923662886675,5.561134522060328,0.9361264181826944,39693666665.38,39296666665.38,16.083333332811993,25.5593474986349,58.6317085160709,145.9325980344853,4.511669318638327,4.511669318638327,25.30371324235673,98.48788637939847,58.04529788091581,144.47303921095587,0.015544041451281,0.0068524785652324,0.1683337122073198,0.1037623484901562,-0.9949874686716792,2.273170731707317,0.0,1.0972447325769854,0.0019928258270227,0.1282051282009724,0.0,0.0933676754668383,0.0217893925593778,0.5982274741506647,0.2607855763039279,2.718120805369128,-0.0186735350933676,6.985624913539317,0.0282268022186321,0.0441913765936112,-0.7041491086127764,2871000000.0,8531000000.0,-305000000.0,8784000000.0,833500000.0,484500000.0,671000000.0,50.65035415325177,54.93218249075216,73.79778051787916,1.776887871853547,1.6383838383838385,1.219548872180451,0.0701295749033871,0.2559967585172122,2007-10-24,0.37,bmo,1512131578.0,2025-04-25,2007-09-30,0.027027027027027,24.523015873015872,15354353.587301588
2007-06-30,GLW,USD,24741,2007-07-27,2007-07-27 16:00:52,2007,Q2,1418000000.0,759000000.0,659000000.0,0.4647390691,137000000,0.0,0.0,229000000.0,78000000.0,444000000.0,1203000000.0,0.0,0.0,151000000.0,366000000.0,0.2581100141,217000000.0,0.1530324401,72000000.0,289000000.0,0.2038081805,19000000.0,489000000.0,0.3448519041,0.31,0.3,1577419355,1630000000,https://www.sec.gov/Archives/edgar/data/24741/000002474107000350/0000024741-07-000350-index.htm,https://www.sec.gov/Archives/edgar/data/24741/000002474107000350/q20710q.htm,0.8989366052250576,0.3099999999683026,0.3011247443454882,0.1654601226824683,2.0305316971338923,5.204069529120238,5.005644171267317,5.176809815421594,0.9350715745465162,40303064520.25,39904064520.25,20.604838711784257,28.422471452926658,84.84855688473685,154.41787172509578,4.935472020603723,4.935472020603723,28.141089224435824,109.02749868920765,84.00855688473685,152.88913609291188,0.0121330724058044,0.0064759343515643,0.1806269899583639,0.1089364844903988,-1.0901639344262295,2.270748299319728,0.0,0.9713701431492844,0.0,0.0,0.0,0.0966149506346967,0.0231166912850812,0.4505263157894736,0.1509167842031029,1.4172185430463575,-0.0239774330042313,6.009013933988967,0.0178556952628008,0.0369698344295758,-0.7574079753826781,2802000000.0,7896000000.0,-324000000.0,8294000000.0,787000000.0,512500000.0,681000000.0,50.33145275035261,56.20553359683794,80.27667984189723,1.7881462799495589,1.6012658227848102,1.121122599704579,0.0598824393828067,0.1356646216630199,2007-07-25,0.32,bmo,1334588235.0,2025-04-25,2007-06-30,0.0625,24.4815873015873,13652700.349206349
2007-03-31,GLW,USD,24741,2007-04-27,2007-04-27 16:01:21,2007,Q1,1307000000.0,716000000.0,591000000.0,0.4521805662,130000000,0.0,0.0,214000000.0,113000000.0,457000000.0,1173000000.0,0.0,0.0,153000000.0,134000000.0,0.1025248661,134000000.0,0.1025248661,33000000.0,167000000.0,0.1277735272,56000000.0,327000000.0,0.2501912777,0.21,0.2,1557142857,1635000000,https://www.sec.gov/Archives/edgar/data/24741/000002474107000260/0000024741-07-000260-index.htm,https://www.sec.gov/Archives/edgar/data/24741/000002474107000260/q10710q.htm,0.839357798242143,0.210000000019266,0.1239449541398114,-0.0443119266095699,1.8546788992527228,4.93853211054482,4.736880734379531,4.90899082613844,0.954311926693056,35409428568.18,35772428568.18,27.071428568944956,27.092141215133896,183.46854180404145,-513.1801241765218,4.632316662503924,4.632316662503924,27.36987648674828,266.958422150597,185.3493708195855,-518.4409937417391,0.0092348284968894,-0.0019486335360408,0.1944008372579801,0.1129093533925993,2.708955223880597,2.0748543254146123,0.0,0.5902140672782875,0.0,0.0,0.0,0.0994644223412394,0.0238583694248157,1.3575129533678756,0.2004590665646518,1.712418300653595,0.0275439938791124,4.816116864822956,0.0081338692478057,0.0254534132482291,-1.062683486336026,2398000000.0,7376000000.0,-842000000.0,7993000000.0,763500000.0,591000000.0,662000000.0,53.779648048967104,69.25977653631284,86.10335195530726,1.673495518565941,1.2994555353901995,1.0452554744525548,0.042778649921507,0.1682568807493813,2007-04-25,0.26,bmo,1213642857.0,2025-04-25,2007-03-31,0.0769230769230769,21.121475409836066,18121899.704918034
2006-12-31,GLW,USD,24741,2007-02-27,2007-02-27 16:04:07,2006,Q4,1369000000.0,766000000.0,603000000.0,0.4404674945,138000000,0.0,0.0,222000000.0,-88000000.0,272000000.0,1038000000.0,0.0,0.0,153000000.0,484000000.0,0.3535427319,338000000.0,0.2468955442,39000000.0,377000000.0,0.2753834916,-110000000.0,646000000.0,0.4718772827,0.41,0.41,1533333333,1557142857,https://www.sec.gov/Archives/edgar/data/24741/000120677407000512/0001206774-07-000512-index.htm,https://www.sec.gov/Archives/edgar/data/24741/000120677407000512/corning_10k.htm,0.8928260871506144,0.4213043479176748,0.4095652174803402,0.2204347826566162,2.065434783057704,4.755000001033696,4.548913044467155,4.725652174940359,1.119130435025898,28688666660.43,29247666660.43,11.102425178184983,20.95592889731921,45.68259022361465,84.8777120131065,3.959241879717085,3.959241879717085,21.364256143484297,60.42906334799587,46.57271761214968,86.53155816695266,0.0225176027748623,0.011781655941027,0.2368203146563621,0.1313432835820895,1.1549586776859504,2.0689952565761103,0.0,0.9721362229102168,14.679002164323242,651.8900928792569,0.0,0.1008035062089116,0.0241867585151167,0.4617834394904458,0.2118334550766983,1.8954248366013071,0.0,6.692988919840095,0.0405555164086171,0.0506706408345752,-1.1269565219841209,2479000000.0,6975000000.0,-976000000.0,7988000000.0,749500000.0,602500000.0,656000000.0,49.04309715120526,74.13838120104438,75.07832898172323,1.8351206434316352,1.213946117274168,1.1987480438184663,0.0891526359370687,0.189130434823724,2007-01-24,0.28,bmo,1236516129.0,2025-04-25,2006-12-31,0.107142857142857,21.51,15746089.253968254
2006-09-30,GLW,USD,24741,2006-11-01,2006-10-31 17:57:43,2006,Q3,1282000000.0,716000000.0,566000000.0,0.4414976599,127000000,0.0,0.0,218000000.0,15000000.0,360000000.0,1076000000.0,0.0,0.0,142000000.0,348000000.0,0.271450858,204000000.0,0.1591263651,41000000.0,245000000.0,0.1911076443,33000000.0,438000000.0,0.3416536661,0.28,0.27,1564285714,1622222222,https://www.sec.gov/Archives/edgar/data/24741/000002474106000355/0000024741-06-000355-index.htm,https://www.sec.gov/Archives/edgar/data/24741/000002474106000355/q310q06.txt,0.8195433791451221,0.2800000000511415,0.2640182648884052,0.0479452054882091,1.7976255711045892,4.621278539656855,4.409680366102225,4.595068493989967,1.105936073261358,38184214278.74,38935214278.74,21.7946428531621,29.7848785325585,92.45572464585956,509.1228570498666,5.312216788917641,5.312216788917641,30.370681964695788,111.88279965155172,94.27412658290557,519.1361903832,0.0114707087280271,0.0019641624534292,0.2406789092932665,0.1346617887444539,2.1580459770114944,1.9336206896551724,0.0,0.9429223744292238,0.0,0.0,0.0,0.0990639625585023,0.0257647699852105,0.8184019370460048,0.2636505460218408,2.380281690140845,0.0,5.380421128259783,0.0167367449492359,0.0349952061361457,-1.2176484020488856,2166000000.0,6898000000.0,-1132000000.0,7579000000.0,693000000.0,639500000.0,668500000.0,52.862714508580346,72.15083798882681,84.59497206703911,1.702523240371846,1.2473867595818815,1.063893016344725,0.0609348914858096,0.216073059400196,2006-10-24,0.25,bmo,1128159999.0,2025-04-25,2006-09-30,0.1200000000000001,21.43809523809524,14202556.952380951
2006-06-30,GLW,USD,24741,2006-07-28,2006-07-28 16:00:40,2006,Q2,1261000000.0,720000000.0,541000000.0,0.4290245837,128000000,0.0,0.0,194000000.0,-58000000.0,264000000.0,984000000.0,0.0,0.0,152000000.0,429000000.0,0.3402061856,272000000.0,0.2157018239,11000000.0,283000000.0,0.2244250595,24000000.0,514000000.0,0.4076130056,0.33,0.32,1557575758,1606250000,https://www.sec.gov/Archives/edgar/data/24741/000002474106000258/0000024741-06-000258-index.htm,https://www.sec.gov/Archives/edgar/data/24741/000002474106000258/q20610q.txt,0.8095914394682047,0.3299999999101167,0.373015564100735,0.1971011672614899,1.5890077816683637,4.31696497936892,4.103171205108086,4.291284045523775,0.9611089491545618,37677757586.02,38076757586.02,18.325757580749027,29.879268505963523,64.84984093979347,122.7288520717264,5.637007418614602,5.637007418614602,30.195684049183196,88.75701069002332,65.53658792774527,124.02852633882738,0.0136420008230722,0.0081480432931579,0.223967684021544,0.1227149766374293,0.93006993006993,1.701096121416526,0.0,1.1303501945525292,0.0,0.0,0.0,0.1015067406819984,0.0272973194524141,0.4716006884681583,0.2172878667724028,1.8026315789473684,0.0,5.644712927096953,0.0252749377795525,0.0433170402831619,-1.4081177038966215,1663000000.0,6391000000.0,-1440000000.0,7028000000.0,664500000.0,683000000.0,640000000.0,45.17842981760507,88.125,83.0,1.9921011058451816,1.0212765957446808,1.0843373493975903,0.0769000598444045,0.1759143968392451,2006-07-25,0.25,bmo,1210560000.0,2025-04-25,2006-06-30,0.04,25.010317460317463,11383552.444444444
2006-03-31,GLW,USD,24741,2006-05-10,2006-05-10 16:03:27,2006,Q1,1262000000.0,689000000.0,573000000.0,0.4540412044,124000000,0.0,0.0,223000000.0,188000000.0,535000000.0,1224000000.0,0.0,0.0,144000000.0,182000000.0,0.1442155309,32000000.0,0.0253565769,24000000.0,56000000.0,0.0443740095,-2000000.0,257000000.0,0.2036450079,0.17,0.16,1511764706,1606250000,https://www.sec.gov/Archives/edgar/data/24741/000002474106000228/0000024741-06-000228-index.htm,https://www.sec.gov/Archives/edgar/data/24741/000002474106000228/q10610q.txt,0.8347859921529349,0.1699999999867704,0.1197276264498266,-0.0654863813178609,1.6391439687440357,4.025758754550525,3.803501945229299,3.9953307389886894,1.1979377430974367,40696705885.52,41245705885.52,39.588235297198445,32.24778596316958,224.8436789255249,-411.0778372274748,6.737865212834437,6.737865212834437,32.68280973496039,226.6247576127473,227.8768280967956,-416.62329177292935,0.006315007428929,-0.0024326293208715,0.2998344370860927,0.1540358935102492,3.0164835164835164,1.697020562316408,0.0,0.7042801556420234,0.0,0.0,0.0,0.098256735340729,0.0285787190609849,1.5469613259668509,0.2218700475435816,1.9444444444444444,0.0,3.909237787017114,0.0035269614922695,0.0225024078451974,-1.5630739298394496,1661000000.0,5750000000.0,-1627000000.0,6813000000.0,662500000.0,675500000.0,593000000.0,49.635499207606976,86.34252539912917,80.46444121915819,1.8132183908045976,1.042360060514372,1.1185064935064934,0.0425496688741721,0.1852140077676876,2006-04-25,0.23,bmo,1042521739.0,2025-04-25,2006-03-31,0.1739130434782609,24.98532258064516,12074953.274193548
2005-12-31,GLW,USD,24741,2006-02-24,2006-02-24 16:03:07,2005,Q4,1200000000.0,673000000.0,527000000.0,0.4391666667,123000000,0.0,0.0,203000000.0,10000000.0,336000000.0,1009000000.0,0.0,0.0,128000000.0,319000000.0,0.2658333333,275000000.0,0.2291666667,-7000000.0,268000000.0,0.2233333333,487000000.0,-32000000.0,-0.0266666667,-0.0212,-0.0212,1511764706,1511764706,https://www.sec.gov/Archives/edgar/data/24741/000002474106000175/0000024741-06-000175-index.htm,https://www.sec.gov/Archives/edgar/data/24741/000002474106000175/form10k.txt,0.7937743190043756,-0.02116731517345,0.4359143968532362,0.1203891050489969,1.6100389103805417,3.738677042510609,3.515097275991043,3.710233462746285,1.1952918287007557,29721294119.96,30186294119.96,-232.19761031218752,24.767745099966668,45.100598057602426,163.30381384593406,5.298857928322339,5.298857928322339,25.155245099966667,94.6278812537931,45.806212625128985,165.8587589008791,-0.0010766691339496,0.0061235556993386,0.3221608129791407,0.1617002237136465,1.457680250783699,1.7418772563176896,0.0,-20.59375,0.0,0.0,0.0,0.1025,0.0302460850111856,0.723823975720789,0.3975,3.7265625,0.0,,-0.0250328783840627,-0.0029528467287994,-1.5427334629149625,1644000000.0,5314000000.0,-1663000000.0,6657000000.0,630000000.0,622000000.0,564500000.0,47.175,92.27340267459138,76.2258543833581,1.9077901430842608,0.9753623188405796,1.1807017543859648,-0.005705116776609,0.3155252918042392,2006-01-24,0.22,bmo,1200000000.0,2025-04-25,2005-12-31,0.0,19.80238095238095,9099919.61904762
2005-09-30,GLW,USD,24741,2005-11-02,2005-11-02 16:28:12,2005,Q3,1188000000.0,643000000.0,545000000.0,0.4587542088,118000000,0.0,0.0,178000000.0,71000000.0,367000000.0,1010000000.0,0.0,0.0,130000000.0,308000000.0,0.2592592593,150000000.0,0.1262626263,-19000000.0,131000000.0,0.1102693603,28000000.0,203000000.0,0.1708754209,0.14,0.13,1488000000,1552000000,https://www.sec.gov/Archives/edgar/data/24741/000002474105000618/0000024741-05-000618-index.htm,https://www.sec.gov/Archives/edgar/data/24741/000002474105000618/q310q.txt,0.7983870967741935,0.1364247311827957,0.3998655913978494,0.1458333333333333,1.625,3.530241935483871,3.274865591397849,3.5120967741935485,1.409274193548387,28763040000.0,29465040000.0,35.42246305418719,24.21131313131313,48.34124369747899,132.54857142857142,5.503834672789896,5.503834672789896,24.80222222222222,95.66571428571427,49.52107563025209,135.78359447004607,0.0070576684522915,0.007544404207622,0.4012629161882893,0.1926858403013875,2.279220779220779,1.7476467951591217,0.0,2.931034482758621,0.0,0.0,0.0,0.0993265993265993,0.034916842782321,0.6352941176470588,0.3181818181818182,2.907692307692308,0.0,3.283379251916335,0.0131849000891794,0.01932781110159,-1.6527217741935485,1668000000.0,4873000000.0,-1731000000.0,6415000000.0,638000000.0,581500000.0,555500000.0,47.80303030303031,77.54276827371696,78.24261275272163,1.8827258320126783,1.160649819494585,1.150268336314848,0.0388442403367776,0.2540322580645161,2005-10-26,0.21,bmo,905142857.0,2025-04-25,2005-09-30,0.2380952380952382,18.9871875,11705811.03125
2005-06-30,GLW,USD,24741,2005-07-29,2005-07-29 16:01:59,2005,Q2,1141000000.0,658000000.0,483000000.0,0.4233128834,104000000,0.0,0.0,191000000.0,140000000.0,435000000.0,1093000000.0,0.0,0.0,129000000.0,177000000.0,0.1551270815,49000000.0,0.0429447853,-7000000.0,42000000.0,0.036809816,44000000.0,165000000.0,0.1446099912,0.11,0.11,1438000000,1517000000,https://www.sec.gov/Archives/edgar/data/24741/000002474105000409/0000024741-05-000409-index.htm,https://www.sec.gov/Archives/edgar/data/24741/000002474105000409/q210q05.txt,0.7934631432545202,0.1147426981919332,0.3776077885952712,0.1168289290681502,1.4707927677329624,3.40125173852573,3.1349095966620304,3.381780250347705,1.5319888734353269,23899560000.0,24801560000.0,36.21145454545455,20.94615249780894,44.0139226519337,142.2592857142857,4.914571252313387,4.914571252313387,21.73668711656442,140.1218079096045,45.67506445672191,147.62833333333333,0.0069038927913317,0.0070294181148104,0.4530125436973062,0.2118880446282581,5.096045197740113,1.7186167693036476,0.0,3.290909090909091,0.0,0.0,0.0,0.0911481156879929,0.0368375492930653,0.6906077348066298,0.3286590709903593,2.9069767441860463,0.0,2.954789043042576,-0.0002721405800482,0.0164769322947873,-1.829798331015299,1517000000.0,4508000000.0,-1878000000.0,6120000000.0,633000000.0,638000000.0,557000000.0,50.87642418930763,83.29787234042553,75.5015197568389,1.7689922480620155,1.0804597701149423,1.1920289855072463,0.0339296730413325,0.260778859527121,2005-07-26,0.18,bmo,1014222222.0,2025-04-25,2005-06-30,0.1111111111111112,14.42078125,11546424.0625
2005-03-31,GLW,USD,24741,2005-04-26,2005-04-26 16:16:34,2005,Q1,1050000000.0,621000000.0,429000000.0,0.4085714286,98000000,0.0,0.0,184000000.0,-11000000.0,271000000.0,892000000.0,0.0,0.0,125000000.0,279000000.0,0.2657142857,139000000.0,0.1323809524,-38000000.0,103000000.0,0.0980952381,19000000.0,250000000.0,0.2380952381,0.18,0.17,1388888889,1470588235,https://www.sec.gov/Archives/edgar/data/24741/000002474105000219/0000024741-05-000219-index.htm,https://www.sec.gov/Archives/edgar/data/24741/000002474105000219/q110q05.txt,0.75599999993952,0.1799999999856,0.1022399999918208,-0.1303199999895744,1.1138399999108928,3.036239999757101,2.757599999779392,3.015359999758771,1.7373599998610112,15458333334.570002,17024333334.570002,15.45833333457,14.7222222234,108.86150235612676,-85.40515654458565,3.6911015603080233,3.6911015603080233,16.213650794828574,61.01911589451613,119.88967137021127,-94.0570902462431,0.0161725067372506,-0.0117088948777694,0.5761700095510984,0.2504930966469428,5.612903225806452,1.5480572597137017,0.0,0.570281124497992,0.000323450134745,0.02,0.0,0.0933333333333333,0.0401744004982871,2.2746478873239435,0.3076190476190476,2.584,0.0,3.4945969721909345,0.0142321686504671,0.027038719446247,-2.2480199998201584,1072000000.0,3830000000.0,-2388000000.0,5555000000.0,603000000.0,674500000.0,548500000.0,53.22857142857144,96.66666666666669,81.44927536231884,1.6908212560386473,0.9310344827586208,1.104982206405694,0.0596943648519579,0.2325599999813952,2005-04-26,0.16,bmo,984375000.0,2025-04-25,2005-03-31,0.0625,11.429344262295082,7454208.4754098365
2004-12-31,GLW,USD,24741,2005-02-22,2005-02-22 16:03:05,2004,Q4,1033000000.0,668000000.0,365000000.0,0.353339787,98000000,0.0,0.0,174000000.0,27000000.0,299000000.0,967000000.0,0.0,0.0,136000000.0,202000000.0,0.1955469506,71000000.0,0.068731849,-4000000.0,67000000.0,0.0648596321,34000000.0,163000000.0,0.1577928364,0.12,0.12,1404000000,1411000000,https://www.sec.gov/Archives/edgar/data/24741/000002474105000121/0000024741-05-000121-index.htm,https://www.sec.gov/Archives/edgar/data/24741/000002474105000121/form10k04.txt,0.7357549857549858,0.116096866096866,0.2606837606837607,0.0462962962962962,1.3397435897435896,2.738603988603989,2.4551282051282053,2.717948717948718,1.9173789173789173,16525080000.0,18208080000.0,25.345214723926382,15.997173281703777,45.15049180327868,254.232,4.330471698113207,4.330471698113207,17.626408518877057,90.1390099009901,49.74885245901639,280.1243076923077,0.0098637949105238,0.0039334151483684,0.7054507337526206,0.2772399588053553,8.331683168316832,1.4045376712328768,0.0,2.245398773006135,6.0514079205668e-05,0.0061349693251533,0.0,0.0948693126815101,0.0409886714727085,0.8224043715846995,0.2913843175217812,2.213235294117647,0.0,2.664539338841037,0.0044536613924772,0.017504295532646,-2.3345797720797723,945000000.0,3447000000.0,-2584000000.0,5284000000.0,561500000.0,585500000.0,516500000.0,50.96805421103582,91.88622754491018,72.08083832335329,1.7658119658119658,0.9794721407624634,1.2485981308411216,0.0427148846960167,0.2143874643874644,2005-01-25,0.12,bmo,1033000000.0,2025-04-25,2004-12-31,0.0,11.5809375,9721099.78125
2004-09-30,GLW,USD,24741,2004-10-28,2004-10-28 16:03:56,2004,Q3,1006000000.0,602000000.0,404000000.0,0.4015904573,88000000,0.0,0.0,153000000.0,-41000000.0,200000000.0,802000000.0,0.0,0.0,128000000.0,332000000.0,0.3300198807,-1590000000.0,-1.5805168986,-29000000.0,-1619000000.0,-1.6093439364,985000000.0,-2491000000.0,-2.4761431412,-1.78,-1.78,1399000000,1399000000,https://www.sec.gov/Archives/edgar/data/24741/000002474104000497/0000024741-04-000497-index.htm,https://www.sec.gov/Archives/edgar/data/24741/000002474104000497/q310q04.txt,0.7190850607576841,-1.7805575411007863,0.2401715511079342,0.0586132952108649,1.2430307362401716,2.5718370264474624,2.2802001429592567,2.5503931379556826,1.895639742673338,15500920000.0,17005920000.0,-1.555692492974709,15.408469184890656,46.13369047619048,189.0356097560976,4.344428251121077,4.344428251121077,16.904493041749504,51.22265060240964,50.612857142857145,207.3892682926829,-0.1607001390885186,0.0052900085930383,0.7432735426008968,0.2990190551358665,4.533132530120482,1.7745664739884393,0.0,-0.1338112305854241,6.451229991510181e-05,-0.0004014452027298,0.0,0.0874751491053678,0.046002931559364,0.7559523809523809,0.2524850894632207,1.984375,0.0,,-0.347797687044075,-0.2944096442500886,-2.058255897069335,1340000000.0,3190000000.0,-2201000000.0,5253000000.0,552000000.0,433000000.0,499500000.0,48.13121272365805,73.10631229235881,74.45182724252491,1.8698884758364311,1.231083844580777,1.2088353413654618,-0.6981502242152466,0.1815582558970693,2004-10-20,0.11,bmo,731636363.0,2025-04-25,2004-09-30,0.2727272727272728,11.2465625,9870598.484375
2004-06-30,GLW,USD,24741,2004-07-30,2004-07-30 08:59:10,2004,Q2,971000000.0,625000000.0,346000000.0,0.3563336766,85000000,0.0,0.0,166000000.0,56000000.0,307000000.0,932000000.0,0.0,0.0,129000000.0,168000000.0,0.1730175077,73000000.0,0.0751802266,-37000000.0,36000000.0,0.0370751802,24000000.0,108000000.0,0.1112255407,0.08,0.07,1383000000,1495000000,https://www.sec.gov/Archives/edgar/data/24741/000002474104000389/0000024741-04-000389-index.htm,https://www.sec.gov/Archives/edgar/data/24741/000002474104000389/q210q04.txt,0.7020968908170644,0.0780911062906724,0.1894432393347794,0.0679681851048445,1.1475054229934925,4.361532899493854,3.005784526391902,4.339840925524222,1.9956616052060736,18061980000.0,19857980000.0,41.81013888888889,18.60142121524202,68.93885496183206,192.1487234042553,3.009326891036322,3.009326891036322,20.451060762100926,118.20226190476193,75.79381679389313,211.2551063829787,0.005979410895151,0.0052043020754092,0.4598467177607464,0.2453551426793492,10.69047619047619,1.747434435575827,0.0,2.425925925925926,0.0001660947470875,0.0277777777777777,0.0,0.0875386199794026,0.1666814827984709,0.6412213740458015,0.1730175077239958,1.302325581395349,0.0,2.76139765834147,0.0024812208966384,0.0115212289310859,-2.1366594360086766,1311000000.0,4157000000.0,-2152000000.0,6849000000.0,555000000.0,376500000.0,502500000.0,52.461380020597325,54.288,72.144,1.715547703180212,1.6578249336870026,1.2475049900199602,0.0179940019993335,0.1214750542299349,2004-07-19,0.09,bmo,755222222.0,2025-04-25,2004-06-30,0.2222222222222222,11.786129032258064,9233100.161290323
2004-03-31,GLW,USD,24741,2004-05-04,2004-05-04 09:03:37,2004,Q1,844000000.0,544000000.0,300000000.0,0.355450237,84000000,0.0,0.0,160000000.0,29000000.0,273000000.0,817000000.0,0.0,0.0,130000000.0,157000000.0,0.1860189573,-7000000.0,-0.0082938389,-57000000.0,-64000000.0,-0.0758293839,-12000000.0,55000000.0,0.0651658768,0.04,0.04,1358000000,1437000000,https://www.sec.gov/Archives/edgar/data/24741/000002474104000274/0000024741-04-000274-index.htm,https://www.sec.gov/Archives/edgar/data/24741/000002474104000274/q10410q.txt,0.6215022091310751,0.040500736377025,0.0331369661266568,-0.0655375552282768,1.0758468335787923,4.270986745213549,2.8829160530191458,4.248895434462445,2.110456553755523,15182440000.0,17038440000.0,69.01109090909091,17.988672985781992,337.38755555555554,-170.58921348314607,2.631272097053726,2.631272097053726,20.187725118483417,108.52509554140129,378.632,-191.44314606741577,0.0036226061160129,-0.0058620353513664,0.4967071057192374,0.2588277792829405,11.821656050955411,1.73305833824396,0.0,0.8181818181818182,0.0001317311314913,0.0363636363636363,0.0,0.0995260663507109,0.1702339022848369,2.977777777777778,0.1587677725118483,1.0307692307692309,0.0,1.967708403805286,-0.00058700588296,0.0059860687853722,-2.321060382916053,1244000000.0,3915000000.0,-2332000000.0,6769000000.0,593000000.0,354500000.0,485500000.0,58.00947867298578,62.20588235294118,83.38235294117648,1.5514705882352942,1.446808510638298,1.0793650793650793,0.0095320623916811,0.0986745213549337,2004-04-22,0.05,bmo,835560000.0,2025-04-25,2004-03-31,0.6,12.124354838709678,11385398.693548389
2003-12-31,GLW,USD,24741,2004-03-01,2004-03-01 16:02:55,2003,Q4,820000000.0,578000000.0,242000000.0,0.2951219512,86000000,0.0,0.0,152000000.0,422000000.0,660000000.0,1238000000.0,0.0,0.0,126000000.0,-292000000.0,-0.356097561,-439000000.0,-0.5353658537,348000000.0,-91000000.0,-0.1109756098,-46000000.0,-29000000.0,-0.0353658537,-0.0216,-0.0214,1343000000,1358000000,https://www.sec.gov/Archives/edgar/data/24741/000002474104000158/0000024741-04-000158-index.htm,https://www.sec.gov/Archives/edgar/data/24741/000002474104000158/k2003.txt,0.6105733432613552,-0.0215934475055845,0.0498883097542814,-0.0707371556217423,0.9426656738644824,4.095309009679822,2.67982129560685,4.068503350707371,2.0953090096798213,14007490000.0,15988490000.0,-120.75422413793102,17.08230487804878,209.06701492537312,-147.44726315789472,2.5635962664714493,2.5635962664714493,19.498158536585365,-54.75510273972603,238.6341791044776,-168.2998947368421,-0.0020703209497204,-0.0067820858697739,0.5150073206442167,0.26171875,-6.784246575342466,1.7347070186735352,0.0,-2.310344827586207,0.0002855615103062,-0.1379310344827586,0.0,0.1048780487804878,0.1768043154761904,2.417910447761194,0.1975609756097561,1.2857142857142858,0.0,,-0.0232303811758065,-0.0032764659360524,-2.435591958302308,1141000000.0,3599000000.0,-2558000000.0,6662000000.0,628500000.0,321500000.0,479000000.0,70.46341463414633,51.85121107266436,72.71626297577855,1.277258566978193,1.7357357357357357,1.2376873661670236,-0.005307467057101,0.1206254653760238,2004-01-22,0.04,bmo,820000000.0,2025-04-25,2003-12-31,0.0,10.84015625,10881401.875
2003-09-30,GLW,USD,24741,2003-10-30,2003-10-30 09:09:49,2003,Q3,772000000.0,546000000.0,226000000.0,0.292746114,80000000,0.0,0.0,147000000.0,10000000.0,237000000.0,783000000.0,0.0,0.0,123000000.0,112000000.0,0.1450777202,-1000000.0,-0.0012953368,-73000000.0,-74000000.0,-0.0958549223,-30000000.0,33000000.0,0.042746114,0.03,0.02,1314000000,1390000000,https://www.sec.gov/Archives/edgar/data/24741/000002474103000296/0000024741-03-000296-index.htm,https://www.sec.gov/Archives/edgar/data/24741/000002474103000296/q310q.txt,0.5875190258751902,0.0251141552511415,0.0136986301369863,-0.0578386605783866,1.078386605783866,4.047184170471842,2.597412480974125,4.019786910197869,2.182648401826484,12377880000.0,14436880000.0,93.7718181818182,16.033523316062176,687.6600000000001,-162.86684210526315,2.343407800075729,2.343407800075729,18.70062176165803,128.9007142857143,802.0488888888889,-189.95894736842104,0.0026660462050044,-0.006139985199404,0.5429761453994699,0.2652117625300536,18.383928571428573,2.0497237569060776,0.0,0.5454545454545454,0.0007271035104557,0.2727272727272727,0.0,0.1036269430051813,0.1761605326428703,5.222222222222222,0.121761658031088,0.7642276422764228,0.0,1.507134676176073,-6.31539664996914e-05,0.0037041194297901,-2.566400304414003,1520000000.0,3413000000.0,-2528000000.0,7007000000.0,626000000.0,302000000.0,514500000.0,71.69689119170984,51.098901098901095,80.93406593406593,1.2552845528455283,1.761290322580645,1.1120162932790223,0.0062476334721696,0.0715372907153729,2003-10-22,0.02389,bmo,849200000.0,2025-04-25,2003-09-30,0.6743407283382168,8.3609375,9507383.015625
2003-06-30,GLW,USD,24741,2003-08-06,2003-08-06 16:02:55,2003,Q2,752000000.0,571000000.0,181000000.0,0.2406914894,85000000,0.0,0.0,148000000.0,9000000.0,242000000.0,813000000.0,0.0,0.0,141000000.0,80000000.0,0.1063829787,-110000000.0,-0.1462765957,-39000000.0,-149000000.0,-0.1981382979,-34000000.0,-22000000.0,-0.0292553191,-0.0177,-0.0177,1244000000,1244000000,https://www.sec.gov/Archives/edgar/data/24741/000002474103000144/0000024741-03-000144-index.htm,https://www.sec.gov/Archives/edgar/data/24741/000002474103000144/q210q.txt,0.6045016077170418,-0.017684887459807,0.020096463022508,-0.0241157556270096,1.2162379421221865,3.915594855305466,2.360128617363344,3.8834405144694535,2.613344051446945,9193160000.0,11697160000.0,-104.46772727272727,12.22494680851064,367.7264,-306.4386666666667,1.902951769819913,1.902951769819913,15.554734042553193,146.2145,467.8864,-389.9053333333333,-0.0023930835534245,-0.0032632957546697,0.6729455599254812,0.2991075535927868,31.3,1.9376158122297715,0.0,-1.1363636363636365,0.0003263295754669,-0.1363636363636363,0.0,0.113031914893617,0.1780292575213911,2.2,0.0731382978723404,0.3900709219858156,0.0,,-0.0090260821666022,-0.0024625027982986,-3.005024115755627,1518000000.0,2936000000.0,-2861000000.0,6995000000.0,635500000.0,296500000.0,547000000.0,76.23670212765957,46.33975481611208,84.79859894921191,1.1805337519623234,1.9421768707482991,1.0613382899628252,-0.004553922583316,0.0442122186495176,2003-07-21,,bmo,,2025-04-25,2003-06-30,,6.497301587301587,10317130.396825396
2003-03-31,GLW,USD,24741,2003-05-01,2003-05-01 16:01:12,2003,Q1,746000000.0,546000000.0,200000000.0,0.2680965147,93000000,0.0,0.0,152000000.0,9000000.0,254000000.0,800000000.0,0.0,0.0,127000000.0,73000000.0,0.0978552279,-105000000.0,-0.1407506702,-340000000.0,-445000000.0,-0.5965147453,-144000000.0,-205000000.0,-0.2747989276,-0.17,-0.17,1200000000,1200000000,https://www.sec.gov/Archives/edgar/data/24741/000002474103000021/0000024741-03-000021-index.htm,https://www.sec.gov/Archives/edgar/data/24741/000002474103000021/q10310q.txt,0.6216666666666667,-0.1708333333333333,0.0191666666666666,-0.0266666666666666,1.5408333333333333,3.839166666666667,2.234166666666667,3.8233333333333337,3.2125,7008000000.0,9736000000.0,-8.546341463414635,9.394101876675602,304.69565217391306,-219.0,1.5274629468177856,1.5274629468177856,13.05093833780161,133.36986301369862,423.3043478260869,-304.25,-0.0292522831050228,-0.0045662100456621,0.8402353966870096,0.3505501500409202,37.36986301369863,2.1937139191789607,0.0,-0.1121951219512195,0.0004280821917808,-0.0146341463414634,0.0,0.1246648793565683,0.1751386741838683,2.391304347826087,0.0737265415549597,0.4330708661417323,0.0,,-0.0074112983314319,-0.0225994928894278,-3.15625,1861000000.0,2681000000.0,-2970000000.0,7363000000.0,731000000.0,319000000.0,557500000.0,76.48793565683646,49.285714285714285,91.64835164835164,1.1766561514195584,1.826086956521739,0.9820143884892086,-0.0446817785527462,0.0458333333333333,2003-04-22,-0.08542,bmo,2461800000.0,2025-04-25,2003-03-31,0.9998829313977992,4.920163934426229,11165604.901639344
2002-12-31,GLW,USD,24741,2003-02-20,2003-02-20 16:00:15,2002,Q4,533000000.0,512000000.0,21000000.0,0.0393996248,108000000,0.0,0.0,178000000.0,10000000.0,296000000.0,808000000.0,0.0,0.0,139000000.0,-136000000.0,-0.2551594747,-1736000000.0,-3.2570356473,22000000.0,-1714000000.0,-3.2157598499,-427000000.0,-709000000.0,-1.330206379,-0.6,-0.59,1184107914,1200000000,https://www.sec.gov/Archives/edgar/data/24741/000002474103000009/0000024741-03-000009-index.htm,https://www.sec.gov/Archives/edgar/data/24741/000002474103000009/corning10k.txt,0.4501278926508382,-0.5987629941640606,-0.097119526556935,-0.1596138306022672,1.765041830469516,4.011458705612536,2.342691884077721,3.961632165900717,3.519104931849987,3919397195.34,6615397195.34,-1.3820159362976023,7.353465657298312,-34.08171474208696,-20.73755129809524,0.8355142177232999,0.8355142177232999,12.41162700814259,-48.64262643632353,-57.52519300295652,-35.00210156264551,-0.1808951644000183,-0.0482217010882982,0.8882967384353017,0.3608417041912019,-19.823529411764707,2.2767857142857144,0.0,0.096882898062342,0.0053579667875886,-0.0296191819464033,0.0,0.2026266416510319,0.1711118808451679,-0.6434782608695652,0.1388367729831144,0.5323741007194245,0.0,,-0.1294201005965913,-0.0740702047638947,-3.215500846656785,2145000000.0,2774000000.0,-2973000000.0,7826000000.0,684500000.0,312500000.0,589000000.0,139.812382739212,59.58984375,98.26171875,0.643719806763285,1.5103244837758112,0.9159212880143112,-0.151140481773609,0.0624943040453321,2003-01-23,-0.09,bmo,473777777.0,2025-04-25,2002-12-31,0.1111111111111112,2.8153125,11457651.921875
2002-09-30,GLW,USD,24741,2002-11-01,2002-11-01 16:05:05,2002,Q3,837000000.0,674000000.0,163000000.0,0.1947431302,115000000,0.0,0.0,158000000.0,11000000.0,284000000.0,958000000.0,0.0,0.0,171000000.0,1000000.0,0.0011947431,-246000000.0,-0.29390681,-13000000.0,-259000000.0,-0.3094384707,-79000000.0,-133000000.0,-0.1589008363,-0.13,-0.13,1036000000,1036000000,https://www.sec.gov/Archives/edgar/data/24741/000002474102000075/0000024741-02-000075-index.htm,https://www.sec.gov/Archives/edgar/data/24741/000002474102000075/q30210q.txt,0.8079150579150579,-0.1283783783783783,-0.0009652509652509,-0.0685328185328185,1.545366795366795,5.3426640926640925,2.9382239382239383,5.20945945945946,4.231660231660232,1657600000.0,5058600000.0,-3.115789473684211,1.9804062126642767,-1657.6,-23.34647887323944,0.3071335927367056,0.3071335927367056,6.043727598566308,5058.6,-5058.6,-71.24788732394366,-0.0802364864864864,-0.0428330115830115,0.8123031313692792,0.3598752257428994,3401.0,2.383050847457627,0.0,0.0075187969924812,0.0,0.0,0.0,0.1373954599761051,0.2044820226563782,-70.0,0.08363201911589,0.4093567251461988,0.0,,-0.0156561585133013,-0.0137240738829842,-4.180260617760617,2040000000.0,3044000000.0,-3132000000.0,9123000000.0,573000000.0,298000000.0,645000000.0,58.17204301075269,38.189910979228486,82.65578635014836,1.5471349353049908,2.3566433566433567,1.0888529886914378,-0.0246433203631647,0.0675675675675675,2002-10-30,-0.08,bmo,1016000000.0,2025-04-25,2002-09-30,-0.25,2.37328125,17808635.015625
2002-06-30,GLW,USD,24741,2002-07-24,2002-07-24 14:10:28,2002,Q2,896000000.0,682000000.0,214000000.0,0.2388392857,132000000,0.0,0.0,190000000.0,11000000.0,333000000.0,1015000000.0,0.0,0.0,177000000.0,58000000.0,0.0647321429,-613000000.0,-0.6841517857,34000000.0,-579000000.0,-0.6462053571,-178000000.0,-370000000.0,-0.4129464286,-0.39,-0.39,948000000,948000000,https://www.sec.gov/Archives/edgar/data/24741/000002474102000040/0000024741-02-000040-index.htm,https://www.sec.gov/Archives/edgar/data/24741/000002474102000040/q210q02.txt,0.9451476793248944,-0.390295358649789,0.0242616033755274,-0.0928270042194092,1.3955696202531649,5.466244725738397,2.9451476793248945,5.35337552742616,4.580168776371308,3270600000.0,6672600000.0,-2.209864864864865,3.6502232142857145,142.20000000000002,-37.16590909090909,0.6444532019704434,0.6444532019704434,7.447098214285714,115.04482758620688,290.11304347826086,-75.825,-0.1131290894637069,-0.0269063780346113,0.8555665024630542,0.3653037186606091,58.6551724137931,2.3481324876673715,0.0,-0.0621621621621621,0.0,0.0,0.0,0.1473214285714285,0.2010768971899714,4.826086956521739,0.1238839285714285,0.6271186440677966,0.0,,-0.0403408870849687,-0.0389637742207245,-4.843618143459915,1913000000.0,2792000000.0,-3372000000.0,9060000000.0,610500000.0,324000000.0,694000000.0,60.770089285714285,40.90909090909091,88.54838709677419,1.48099173553719,2.2,1.0163934426229508,-0.0729064039408867,0.1170886075949367,2002-07-23,-0.09,bmo,1063285714.0,2025-04-25,2002-06-30,-0.2222222222222221,5.74015625,7405783.28125
2002-03-31,GLW,USD,24741,2002-05-07,2002-05-07 16:47:37,2002,Q1,898000000.0,694000000.0,204000000.0,0.2271714922,128000000,0.0,0.0,190000000.0,11000000.0,329000000.0,1023000000.0,0.0,0.0,174000000.0,49000000.0,0.0545657016,-125000000.0,-0.1391982183,-43000000.0,-168000000.0,-0.1870824053,-42000000.0,-90000000.0,-0.1002227171,-0.0952,-0.0952,945000000,945000000,https://www.sec.gov/Archives/edgar/data/24741/000002474102000028/0000024741-02-000028-index.htm,https://www.sec.gov/Archives/edgar/data/24741/000002474102000028/q10210q.txt,0.9502645502645504,-0.0952380952380952,-0.1809523809523809,-0.2888888888888888,1.9312169312169312,5.743915343915344,3.3417989417989418,5.624338624338624,5.082539682539682,7352100000.0,11197100000.0,-20.422500000000003,8.187193763919822,-42.99473684210527,-26.93076923076923,1.3832737535277515,1.3832737535277515,12.468930957683742,228.5122448979592,-65.48011695906433,-41.01501831501832,-0.0122414004162076,-0.037132247929163,0.9036688617121356,0.390869140625,78.46938775510205,2.2633190447030005,0.0,1.9,0.0,0.0,0.0,0.1425389755011135,0.1847330729166666,-0.5964912280701754,0.1135857461024498,0.5862068965517241,0.0,,-0.0084918478260869,-0.0089838291076063,-4.45978835978836,2063000000.0,3158000000.0,-3164000000.0,9300000000.0,604500000.0,389500000.0,721000000.0,61.73719376391982,43.8328530259366,92.98270893371756,1.457792207792208,2.0532544378698225,0.9679218967921897,-0.0169332079021636,0.1079365079365079,2002-04-22,-0.1,bmo,839000000.0,2025-04-25,2002-03-31,-0.0,7.991,10173350.616666667
2001-12-31,GLW,USD,24741,2002-03-04,2002-03-04 00:00:00,2001,Q4,974000000.0,942000000.0,32000000.0,0.0328542094,147000000,0.0,0.0,298000000.0,75000000.0,520000000.0,1462000000.0,0.0,0.0,240000000.0,-248000000.0,-0.2546201232,-1102000000.0,-1.1314168378,-29000000.0,-1131000000.0,-1.1611909651,-423000000.0,-655000000.0,-0.6724845996,-0.69,-0.69,945000000,945000000,https://www.sec.gov/Archives/edgar/data/24741/000002474102000014/0000024741-02-000014-index.htm,https://www.sec.gov/Archives/edgar/data/24741/000002474102000014/cng10k.txt,1.0306878306878309,-0.6931216931216931,0.2338624338624338,-0.0497354497354497,2.348148148148148,5.855026455026455,3.4328042328042327,5.7291005291005295,5.2253968253968255,8429400000.0,12330400000.0,-3.217328244274809,8.65441478439425,38.14208144796381,-179.34893617021277,1.5569634281492426,1.5569634281492426,12.659548254620123,-49.71935483870968,55.79366515837104,-262.3489361702128,-0.0777042256862884,-0.0055757230645123,0.912079793128925,0.3859923395606973,-15.72983870967742,2.059679037111334,0.0,-0.3374045801526718,0.0001186324056279,-0.0015267175572519,0.0,0.150924024640657,0.1789259751426561,1.2126696832579185,0.2751540041067762,1.1166666666666667,0.0,,-0.0611782683439299,-0.0623571972581873,-4.48015873015873,2113000000.0,3244000000.0,-3153000000.0,9499000000.0,802500000.0,435500000.0,841500000.0,54.79466119096509,42.133757961783445,69.26751592356689,1.642495784148398,2.136054421768708,1.2993103448275862,-0.1209826376062061,0.2835978835978835,2002-01-23,-0.27,bmo,937925925.0,2025-04-25,2001-12-31,0.037037037037037,8.75953125,12141736.40625
2001-09-30,GLW,USD,24741,2001-10-26,2001-10-26 00:00:00,2001,Q3,1509000000.0,994000000.0,515000000.0,0.3412856196,153000000,0.0,0.0,267000000.0,48000000.0,468000000.0,1462000000.0,0.0,0.0,48000000.0,95000000.0,0.0629555997,-292000000.0,-0.1935056329,-28000000.0,-320000000.0,-0.2120609675,-60000000.0,-220000000.0,-0.1457919152,-0.24,-0.24,936000000,936000000,https://www.sec.gov/Archives/edgar/data/24741/000002474101500066/0000024741-01-500066-index.htm,https://www.sec.gov/Archives/edgar/data/24741/000002474101500066/q310q01.txt,1.6121794871794872,-0.235042735042735,0.5705128205128205,0.1677350427350427,1.704059829059829,6.594017094017094,4.087606837606837,6.443376068376068,4.538461538461538,8096400000.0,12233400000.0,-9.200454545454546,5.365407554671968,15.16179775280899,51.56942675159236,1.3424639363289672,1.3424639363289672,8.106958250497017,128.77263157894737,22.908988764044945,77.91974522292993,-0.0271725705251716,0.0193913344202361,0.7043608025203117,0.3349101229895931,43.54736842105263,2.186046511627907,0.0,-2.4272727272727272,0.0,0.0,0.0,0.1013916500994035,0.1849574266792809,0.7059925093632958,0.2498343273691186,0.0,0.0,,-0.0211358574610244,-0.0212807119365447,-3.9305555555555554,2142000000.0,3826000000.0,-2564000000.0,9788000000.0,1180000000.0,471000000.0,967500000.0,60.35785288270378,38.93360160965795,86.74044265593562,1.4911067193675889,2.311627906976744,1.0375782881002087,-0.0364781959873984,0.4027777777777778,2001-10-18,0.03944,bmo,1400540621.0,2025-04-25,2001-09-30,1.2819472616632857,13.703389830508474,7600730.677966102
2001-06-30,GLW,USD,24741,2001-08-03,2001-08-03 00:00:00,2001,Q2,1868000000.0,1332000000.0,536000000.0,0.2869379015,169000000,0.0,0.0,271000000.0,160000000.0,600000000.0,1932000000.0,0.0,0.0,160000000.0,96000000.0,0.051391863,-4836000000.0,-2.5888650964,-35000000.0,-4871000000.0,-2.6076017131,-77000000.0,-4755000000.0,-2.545503212,-5.13,-5.13,926000000,926000000,https://www.sec.gov/Archives/edgar/data/24741/000002474101500043/0000024741-01-500043-index.htm,https://www.sec.gov/Archives/edgar/data/24741/000002474101500043/q210q01.txt,2.0172786177105837,-5.134989200863931,0.5550755939524838,-0.070194384449244,1.4157667386609072,6.56695464362851,4.101511879049676,6.411447084233261,4.673866090712743,15473460000.0,19670460000.0,-0.8135362776025237,8.283436830835118,30.104007782101167,-238.0532307692308,2.6062758969176354,2.6062758969176354,10.530224839400429,204.900625,38.26937743190661,-302.62246153846155,-0.3073003710870096,-0.0042007411399906,0.7289877042277244,0.3421073432930203,43.71875,2.1519788918205807,0.0,-0.1080967402733964,0.0036191000590688,-0.0117770767613038,0.0,0.0904710920770878,0.1804600426843727,1.1264591439688716,0.3099571734475375,0.0,0.0,,-0.4238626123859316,-0.4586226851851852,-4.059935205183585,2183000000.0,3798000000.0,-2492000000.0,9767000000.0,1349500000.0,563000000.0,1096000000.0,64.94646680942184,34.5945945945946,66.01351351351352,1.3857566765578635,2.6015625,1.363357215967247,-0.8009095502779181,0.6252699784017278,2001-07-25,0.18,bmo,1159448275.0,2025-04-25,2001-06-30,0.611111111111111,20.158571428571427,12260328.888888888
2001-03-31,GLW,USD,24741,2001-05-02,2001-05-02 00:00:00,2001,Q1,1921000000.0,957000000.0,964000000.0,0.5018219677,162000000,0.0,0.0,261000000.0,311000000.0,734000000.0,1691000000.0,0.0,0.0,311000000.0,541000000.0,0.2816241541,230000000.0,0.1197293077,10000000.0,240000000.0,0.1249349297,108000000.0,132000000.0,0.0687142113,0.14,0.14,942857143,942857143,https://www.sec.gov/Archives/edgar/data/24741/000002474101500019/0000024741-01-500019-index.htm,https://www.sec.gov/Archives/edgar/data/24741/000002474101500019/q10110q.txt,2.037424242115542,0.1399999999787878,0.1771212120943755,-0.4337878787221533,1.2186363634517217,11.559545452794008,3.831969696389096,11.411060604331658,4.279545453897039,19507714288.67,23416714288.67,36.94642857702651,10.154978807220198,116.8126604111976,-47.69612295518338,1.8131531079719303,1.8131531079719303,12.18985647510151,43.28412992360444,140.21984603994014,-57.25358016789732,0.0067665538897432,-0.0209660647038256,0.3750348545403848,0.23496185873173,7.22550831792976,2.4871794871794872,0.0,1.2651515151515151,0.0028706592259516,0.4242424242424242,0.0,0.0843310775637688,0.4242706574273569,3.4491017964071857,0.2998438313378448,1.8520900321543408,0.0,5.99540164611167,0.0080409356725146,0.0133508647719227,-3.7166287873156634,2436000000.0,3613000000.0,-2200000000.0,14661000000.0,1420500000.0,734500000.0,1127500000.0,63.29515877147319,57.74294670846395,114.26332288401254,1.4219096965210956,1.5586319218241045,0.7876543209876543,0.0122687982154475,0.6109090908165289,2001-04-26,0.28,bmo,1854758620.0,2025-04-25,2001-03-31,0.0357142857142855,41.06661290322581,15201761.741935484
2000-12-31,GLW,USD,24741,2001-03-12,2001-03-12 00:00:00,2000,Q4,2151600000.0,1057500000.0,1094100000.0,0.5085052984,168700000,0.0,0.0,333400000.0,-1100000.0,501000000.0,1558500000.0,104600000.0,106600000.0,-1100000.0,592000000.0,0.2751440788,593100000.0,0.2756553263,-559300000.0,33800000.0,0.0157092396,103500000.0,-56700000.0,-0.0263524819,-0.0611,-0.0601,928087136,942857143,https://www.sec.gov/Archives/edgar/data/24741/000091205701503245/0000912057-01-503245-index.htm,https://www.sec.gov/Archives/edgar/data/24741/000091205701503245/a2040111z10-k405.htm,2.318316800805221,-0.0610934014713032,0.5894920625211639,-0.0016162275521508,1.932792655365498,11.616366159825752,3.707626004634117,11.466595739993105,4.526083637043322,49012281652.16,52968281652.16,-216.1035346215168,22.77945791604387,89.58559980288797,-32674.854434773337,4.605551743296373,4.605551743296373,24.618089631976204,89.47344873675677,96.81645339455312,-35312.18776810667,-0.0011568528966351,-3.0604573985057353e-05,0.384702123660966,0.2335958005249344,6.6824324324324325,2.37762955361724,5.563789868667917,-9.649029982363317,0.0011425707621088,-0.9876543209876544,0.0,0.0784067670570738,0.4188063448590665,1.0027417291171632,0.2549730433166016,-498.7272727272728,0.0,,-0.077876434784083,-0.0055664637738071,-3.5704621597082453,2685000000.0,3441000000.0,-2111000000.0,14704000000.0,1392700000.0,680900000.0,991600000.0,62.32571109871723,72.76595744680851,88.51063829787235,1.444026845637584,1.236842105263158,1.0168269230769231,-0.0053279458748355,0.5911082900733149,2001-01-24,0.28,bmo,1690542857.0,2025-04-25,2000-12-31,0.2142857142857142,73.33587301587302,12138551.84126984
2000-09-30,GLW,USD,24741,2000-10-24,2000-10-24 00:00:00,2000,Q3,1944000000.0,975500000.0,968500000.0,0.4981995885,141100000,0.0,0.0,255800000.0,219100000.0,616000000.0,1591500000.0,0.0,0.0,219100000.0,407000000.0,0.2093621399,352500000.0,0.1813271605,12500000.0,365300000.0,0.1879115226,111700000.0,254000000.0,0.1306584362,0.0967,0.0933,2629800000,2719800000,https://www.sec.gov/Archives/edgar/data/24741/000002474100000057/0000024741-00-000057-index.htm,https://www.sec.gov/Archives/edgar/data/24741/000002474100000057/0000024741-00-000057-0001.txt,0.7392197125256673,0.0965852916571602,0.2223743250437295,0.0650239561943874,0.4705681040383299,3.0419803787360253,1.6798615864324282,2.989238725378356,0.7824549395391285,260350200000.0,262303400000.0,256.2501968503937,133.925,445.1952804377565,1522.5157894736842,33.11880016791543,33.11880016791543,134.92973251028806,644.4800982800983,448.5352257181942,1533.9380116959064,0.0009756090066379,0.0006568076383271,0.2617572604342904,0.16882861151451,4.799017199017199,2.5292355864134506,0.0,2.305993690851735,0.0002051083502144,0.2102362204724409,0.0,0.0725823045267489,0.2939014284424971,0.707592339261286,0.2128600823045267,1.8886353263350069,0.0,2.548748931883993,0.0225950965571982,0.0295142923541715,-0.573294547113849,2246600000.0,4417700000.0,-472600000.0,9921000000.0,1257500000.0,475900000.0,891500000.0,59.97222222222222,46.757560225525374,87.01998974884675,1.5006947660954146,1.9248224151539068,1.034245122985581,0.0323109997328618,0.1573503688493421,2000-10-23,0.24,bmo,1313828571.0,2025-04-25,2000-09-30,0.4583333333333333,94.67,9409077.07936508
2000-06-30,GLW,USD,24741,2000-08-11,2000-08-11 00:00:00,2000,Q2,1802500000.0,902700000.0,899800000.0,0.4991955617,120100000,0.0,0.0,269800000.0,176400000.0,566300000.0,1469000000.0,0.0,0.0,176400000.0,317000000.0,0.1758668516,333500000.0,0.1850208044,18100000.0,286100000.0,0.1587239945,136900000.0,149000000.0,0.0826629681,0.06,0.0567,2535000000,2616000000,https://www.sec.gov/Archives/edgar/data/24741/000002474100000047/0000024741-00-000047-index.htm,https://www.sec.gov/Archives/edgar/data/24741/000002474100000047/0000024741-00-000047-0001.txt,0.7110453648915187,0.0587771203155818,0.1349112426035503,-0.0029585798816568,0.544181459566075,3.0562130177514795,1.641499013806706,3.003905325443787,0.8298224852071006,228048600000.0,230046200000.0,382.63187919463087,126.517947295423,666.8087719298245,-30406.48,29.94768151912697,29.94768151912697,127.62618585298196,725.6977917981071,672.649707602339,-30672.826666666664,0.0006533695010624,-3.2887726563548304e-05,0.2762478824410038,0.1762709592002614,6.301577287066246,2.5922371507784177,0.0,2.292225201072386,0.0002302140859448,0.3523489932885906,0.0,0.066629680998613,0.300513662759031,1.0219298245614037,0.1938973647711512,1.9812925170068028,0.0,1.9931433356460084,0.0163250489953735,0.0178494417557142,-0.5807889546351085,2239800000.0,4161200000.0,-539900000.0,9682600000.0,1183100000.0,430850000.0,813400000.0,60.89542302357837,44.36689930209372,83.72881355932203,1.4779435880616596,2.0285393258426967,1.0748987854251013,0.0195669017321304,0.1378698224852071,2000-07-17,0.27,bmo,1546838709.0,2025-04-25,2000-06-30,0.148148148148148,65.77936507936508,8637306.904761905
2000-03-31,GLW,USD,24741,2000-05-12,2000-05-12 00:00:00,2000,Q1,1381700000.0,696200000.0,685500000.0,0.4961279583,110100000,0.0,0.0,199800000.0,125600000.0,435500000.0,1131700000.0,0.0,0.0,125600000.0,365000000.0,0.2641673301,250000000.0,0.1809365275,-108000000.0,131800000.0,0.0953897373,54900000.0,77000000.0,0.0557284505,0.03,0.03,2433000000,2496000000,https://www.sec.gov/Archives/edgar/data/24741/000002474100000036/0000024741-00-000036-index.html,https://www.sec.gov/Archives/edgar/data/24741/000002474100000036/,0.5678997122893547,0.0316481709823263,-0.0217427044800657,-0.1093300452116728,0.5397040690505549,2.061528976572133,1.5887381833127825,2.0095355528154544,0.8787094122482532,157342110000.0,158166910000.0,510.8510064935065,113.87574003039734,-2974.331001890359,-591.5116917293233,32.18156549128692,32.18156549128692,114.47268582181373,433.334,-2989.922684310019,-594.6124436090225,0.0004893794801658,-0.0016905836587547,0.4372699010062996,0.2371676114617885,2.25972602739726,2.767272727272727,0.0,-0.6879063719115734,0.000318414440991,0.6506493506493507,0.0,0.079684446696099,0.1276083556127486,-4.0283553875236295,0.1542302960121589,1.696656050955414,0.0,1.19622648663945,0.0184653197570987,0.009791454730417,-0.5885943279901357,2235600000.0,3865400000.0,-498000000.0,7015000000.0,972050000.0,417350000.0,656150000.0,74.68625606137367,53.86814133869577,101.73800632002298,1.2050409907552764,1.670746340292777,0.8846251588310038,0.0157489977910496,0.087587340731607,2000-04-25,0.18,bmo,1057304347.0,2025-04-25,2000-03-31,0.2777777777777779,56.25190476190476,9179697.26984127
1999-12-31,GLW,USD,24741,2000-03-08,2000-03-08 00:00:00,1999,Q4,1248400000.0,723700000.0,524700000.0,0.4202979814,101700000,0.0,0.0,174100000.0,99700000.0,375500000.0,1099200000.0,0.0,0.0,99700000.0,248900000.0,0.1993752003,149200000.0,0.1195129766,42300000.0,191500000.0,0.1533963473,56200000.0,140100000.0,0.1122236463,0.17,0.17,811200000,811200000,https://www.sec.gov/Archives/edgar/data/24741/000091205700010427/0000912057-00-010427-index.html,https://www.sec.gov/Archives/edgar/data/24741/000091205700010427/,1.5389546351084813,0.1727071005917159,0.3821499013806706,0.0490631163708086,0.3123767258382643,3.113288954635109,2.719674556213018,2.7622041420118344,2.1045364891518736,34865376000.0,36319176000.0,62.215160599571725,27.928048702338995,112.46895483870966,876.014472361809,15.560037488284909,15.560037488284909,29.09257930150593,145.91874648453194,117.15863225806451,912.5421105527638,0.004018313182683,0.0011415336521826,0.7619047619047619,0.2839559562223478,5.840899959823222,1.1979166666666667,0.0,2.212705210563883,0.0012763378774403,0.3176302640970735,0.0,0.0814642742710669,0.0531086790193273,0.8716129032258064,0.2164370394104453,2.7101303911735206,0.0,3.2762289364006723,0.0213271876382191,0.0246096014333643,-2.924710305719921,294500000.0,2206200000.0,-1704200000.0,3716900000.0,782950000.0,350900000.0,537950000.0,57.4935917975008,51.982865828381925,65.32679286997374,1.5653918495297805,1.7313397129186603,1.3776889396535312,0.0625251037622171,0.3330867850098619,2000-01-24,0.16,bmo,1825785000.0,2025-04-25,1999-12-31,-0.625,30.37921875,3887192.265625
1999-09-30,GLW,USD,24741,1999-11-02,1999-11-02 00:00:00,1999,Q3,1136600000.0,611000000.0,525600000.0,0.4624318142,96500000,0.0,0.0,155500000.0,91300000.0,343300000.0,954300000.0,0.0,0.0,91300000.0,305900000.0,0.2691360197,182300000.0,0.1603906387,15300000.0,184400000.0,0.1622382544,51100000.0,141900000.0,0.124846032,0.06,0.06,734100000,734100000,https://www.sec.gov/Archives/edgar/data/24741/000002474199000042/0000024741-99-000042-index.html,https://www.sec.gov/Archives/edgar/data/24741/000002474199000042/,1.5482904236480044,0.193297915815284,0.4608363983108568,0.1416700721972483,0.1382645416155837,3.374744585206375,2.90546247105299,2.882441084320938,2.159651273668437,16774185000.000002,18289585000.0,29.552827695560257,14.758213091676932,49.5837570203961,161.2902403846154,7.927308601134215,7.927308601134215,16.091487770543726,59.78942464857796,54.06321312444576,175.86139423076924,0.0084594273879774,0.0062000031596169,0.7492438563327032,0.2794247241707497,4.95390650539392,1.339131861819972,0.0,2.5378844711177795,0.0026409628843368,0.3121916842847075,0.0,0.0849023403132148,0.0607176847967852,0.6925805498078629,0.2061411226464895,2.566265060240964,0.0,3.5406668462791937,0.0277266387745734,0.0266263862045672,-3.0558507015393,413300000.0,2132900000.0,-1564400000.0,3667700000.0,755400000.0,263500000.0,551900000.0,60.84462431814183,41.803600654664486,81.10310965630114,1.4791775117126496,2.15292459478506,1.109698510715583,0.0670604914933837,0.3191663261136085,1999-10-13,0.18,bmo,1245300000.0,2025-04-25,1999-09-30,0.0,22.91375,2628639.8125
1999-06-30,GLW,USD,24741,1999-08-11,1999-08-11 00:00:00,1999,Q2,1020000000.0,531800000.0,488200000.0,0.478627451,84800000,0.0,0.0,136100000.0,95100000.0,316000000.0,847800000.0,0.0,0.0,95100000.0,292400000.0,0.2866666667,172200000.0,0.1688235294,11100000.0,169200000.0,0.1658823529,47400000.0,131000000.0,0.1284313725,0.0567,0.0533,2318018019,2389189188,https://www.sec.gov/Archives/edgar/data/24741/000002474199000033/0000024741-99-000033-index.html,https://www.sec.gov/Archives/edgar/data/24741/000002474199000033/,0.4400310919239666,0.0565137971000388,0.0340376991694127,-0.0795075786682226,0.0328297706817782,1.0157384371911562,0.8815720944574763,0.8589234353143309,0.7060342010223174,54172081104.03,55732581104.03,103.3818341679962,53.109883435323525,686.5916489737643,-293.93424364639174,27.20847870619287,27.20847870619287,54.63978539610784,190.60390254456223,706.3698492272497,-302.40141673374933,0.002418219816005,-0.0034021214663338,0.8219989954796585,0.2980784992259357,5.33686730506156,1.385924207269915,0.0,0.6477832512315271,0.000815918441736,0.3374045801526718,0.0,0.0831372549019607,0.0566432929605682,3.335868187579214,0.2580392156862745,2.7676130389064144,0.0,1.045070838185625,0.0265052117832888,0.0252920166039192,-0.9605188491850114,449100000.0,2043500000.0,-1523200000.0,3586600000.0,667350000.0,246850000.0,533600000.0,65.50588235294117,41.15833019932305,93.62166227905227,1.3739224137931034,2.186677631578948,0.9613159797541576,0.065796082370668,0.1135452778376353,1999-07-19,0.15,bmo,1059093750.0,2025-04-25,1999-06-30,0.0666666666666667,19.54523809523809,2967119.6507936507
1999-03-31,GLW,USD,24741,1999-05-12,1999-05-12 00:00:00,1999,Q1,892200000.0,453700000.0,438500000.0,0.4914817306,79600000,0.0,0.0,136800000.0,94600000.0,311000000.0,764700000.0,0.0,0.0,94600000.0,242300000.0,0.2715758798,127500000.0,0.1429051782,2300000.0,120400000.0,0.1349473212,33900000.0,92500000.0,0.1036763058,0.04,0.04,732000000,732000000,https://www.sec.gov/Archives/edgar/data/24741/000002474199000025/0000024741-99-000025-index.html,https://www.sec.gov/Archives/edgar/data/24741/,1.2188524590163934,0.1263661202185792,0.0662568306010929,-0.14275956284153,0.2075136612021857,3.106010928961749,2.683879781420765,2.628415300546448,1.960382513661202,14640000000.0,15923100000.0,39.567567567567565,16.408876933423,301.8556701030928,-140.0956937799043,7.609147609147609,7.609147609147609,17.847007397444518,65.71646718943458,328.31134020618555,-152.37416267942584,0.0063183060109289,-0.0071379781420765,0.7458419958419958,0.2777562712914215,5.295501444490301,1.5658610929675594,0.0,0.5606936416184971,0.0029986338797814,0.4745945945945946,0.0,0.0892176642008518,0.0598095385568287,3.154639175257732,0.1714862138533961,1.6173361522198733,0.0,2.733717155577205,0.0208577347317126,0.0190431094824391,-2.786441256830601,519800000.0,1964600000.0,-1454400000.0,3558200000.0,614150000.0,271100000.0,486350000.0,59.74781439139206,49.69142605245757,101.96164866651974,1.5063312510552085,1.8111776447105787,0.8826848249027237,0.048076923076923,0.2090163934426229,1999-04-14,0.11,bmo,913916666.0,2025-04-25,1999-03-31,0.0909090909090908,17.444590163934425,3108330.5901639345
1998-12-31,GLW,USD,24741,1999-02-24,1999-02-24 00:00:00,1998,Q4,926800000.0,493700000.0,433100000.0,0.4673068623,80100000,0.0,0.0,135600000.0,65000000.0,280700000.0,774400000.0,0.0,0.0,65000000.0,217400000.0,0.2345705654,152400000.0,0.1644367717,600000.0,153000000.0,0.1650841606,48700000.0,104300000.0,0.1125377644,0.14,0.14,732000000,732000000,https://www.sec.gov/Archives/edgar/data/24741/000095014699000306/0000950146-99-000306-index.html,https://www.sec.gov/Archives/edgar/data/24741/,1.266120218579235,0.1424863387978142,0.2780054644808743,-0.0341530054644808,0.0620218579234972,3.0530054644808744,2.629918032786885,2.0812841530054644,1.6433060109289617,10980000000.0,12137500000.0,26.318312559923296,11.84721622788088,53.95577395577396,-439.2,7.207088939940926,7.207088939940926,13.096137246439362,55.83026678932843,59.643734643734646,-485.5,0.0094990892531876,-0.0022768670309653,0.7895635050869708,0.2414540637106325,5.324287028518859,1.2192239694798548,0.0,1.9511025886864808,0.0038251366120218,0.4026845637583892,0.0,0.0864264134656883,0.0621650374355165,1.1228501228501229,0.2465472593871385,3.5153846153846158,0.0,2.583113930238524,0.0252665451607949,0.022323530670776,-2.7258879781420764,235600000.0,1925100000.0,-1436800000.0,3230200000.0,614750000.0,252750000.0,454600000.0,61.76089771255934,53.17601782458983,83.61960704881507,1.4572327044025155,1.6924922865958176,1.0763025942882058,0.0684607810961601,0.3121584699453552,1999-01-25,0.12,bmo,2780399999.0,2025-04-25,1998-12-31,-0.6666666666666666,12.709375,2333052.5625
1998-09-30,GLW,USD,24741,1998-11-10,1998-11-10 00:00:00,1998,Q3,906500000.0,474300000.0,432200000.0,0.4767788196,71600000,0.0,0.0,112600000.0,75800000.0,260000000.0,734300000.0,0.0,0.0,75800000.0,248000000.0,0.2735797022,172200000.0,0.18996139,-18600000.0,153600000.0,0.1694429123,49200000.0,104400000.0,0.1151682295,0.05,0.05,696000000,696000000,https://www.sec.gov/Archives/edgar/data/24741/000002474198000037/0000024741-98-000037-index.html,https://www.sec.gov/Archives/edgar/data/24741/,1.3024425287356325,0.15,0.1665229885057471,-0.0765804597701149,0.1336206896551724,2.56566091954023,2.158764367816092,2.0454022988505747,1.6576149425287356,6827760000.0,7888460000.0,16.35,7.53200220628792,58.91078515962037,-128.10056285178237,4.796122506322001,4.796122506322001,8.702107004964148,31.808306451612903,68.06264020707506,-148.00112570356472,0.0152905198776758,-0.0078063669490433,0.8104102275920202,0.2423586748734323,4.277016129032258,1.4943413837358537,0.0,1.1101532567049808,0.0061952968469893,0.4051724137931034,0.0,0.0789851075565361,0.0594920488204524,1.459879206212252,0.1866519580805295,2.232189973614776,0.0,2.6274003803418866,0.0295292631698455,0.0233186661008241,-3.1770474137931037,423700000.0,1502500000.0,-1693800000.0,3164100000.0,568400000.0,210600000.0,457600000.0,58.92443463872035,40.56925996204934,85.48387096774194,1.527379949452401,2.2184284377923293,1.0528301886792453,0.073335206518685,0.243103448275862,1998-10-19,0.13,bmo,785633333.0,2025-04-25,1998-09-30,0.1538461538461537,9.88125,2334547.8125
1998-06-30,GLW,USD,24741,1998-08-07,1998-08-07 00:00:00,1998,Q2,855900000.0,452100000.0,403800000.0,0.4717840869,75100000,0.0,0.0,126600000.0,78300000.0,280000000.0,732100000.0,0.0,0.0,78300000.0,202100000.0,0.2361257156,123800000.0,0.1446430658,-53200000.0,70600000.0,0.0824862718,13900000.0,123800000.0,0.1446430658,0.06,0.06,696000000,696000000,https://www.sec.gov/Archives/edgar/data/24741/000002474198000019/0000024741-98-000019-index.html,https://www.sec.gov/Archives/edgar/data/24741/,1.2297413793103449,0.1778735632183908,0.2395114942528735,-0.085919540229885,0.2748563218390805,3.039080459770115,2.635201149425287,2.5452586206896552,1.630316091954023,8059680000.0,9003080000.0,16.275605815831987,9.416614090431125,48.34841031793641,-134.7772575250836,4.549635901778154,4.549635901778154,10.518845659539666,44.54764967837704,54.00767846430714,-150.55317725752508,0.0153604113314672,-0.0074196494153614,0.6405306237651708,0.2392872205820329,4.667986145472538,1.5251428571428571,0.0,1.3465266558966074,0.0051987175669505,0.3384491114701131,0.0,0.0877438953148732,0.0592787853226486,1.35872825434913,0.2646337188923939,2.89272030651341,0.0,3.1916328037422947,0.0254559319567891,0.0277522473043556,-2.579992816091954,459500000.0,1834100000.0,-1292300000.0,3099100000.0,528700000.0,189900000.0,454050000.0,57.12933753943218,41.28732581287326,92.50829462508295,1.575372722252899,2.179845708775314,0.972885732730794,0.0698842788597234,0.3254310344827586,1998-07-20,0.13,bmo,855900000.0,2025-04-25,1998-06-30,0.0,12.937142857142856,2138925.619047619
1998-03-31,GLW,USD,24741,1998-05-08,1998-05-08 00:00:00,1998,Q1,794800000.0,435800000.0,359000000.0,0.4516859587,67100000,0.0,0.0,112900000.0,78900000.0,258900000.0,694700000.0,0.0,0.0,78900000.0,179000000.0,0.2252138903,100100000.0,0.1259436336,-17000000.0,83100000.0,0.1045546049,21000000.0,61500000.0,0.0773779567,0.03,0.03,696000000,696000000,https://www.sec.gov/Archives/edgar/data/24741/000002474198000011/0000024741-98-000011-index.html,https://www.sec.gov/Archives/edgar/data/24741/,1.1419540229885057,0.0883620689655172,-0.0294540229885057,-0.2204022988505747,0.1142241379310344,2.900287356321839,2.483477011494253,2.405747126436782,2.1607758620689657,10266000000.0,11690400000.0,41.73170731707317,12.916456970306996,-500.7804878048781,-66.92307692307692,6.131151457238413,6.131151457238413,14.708605938600906,65.30949720670391,-570.2634146341463,-76.20860495436767,0.0059906487434248,-0.0149425287356321,0.8981724796942189,0.3173521281310009,7.957541899441341,1.2150041911148366,0.0,-0.3333333333333333,0.0041009156438729,0.6845528455284553,0.0,0.0844237544036235,0.0612167380615754,-6.482926829268293,0.1672118772018117,1.6844106463878328,0.0,2.1870020241749986,0.0179459182686307,0.013823952526524,-2.921731321839081,205200000.0,1728500000.0,-1560700000.0,2720800000.0,536900000.0,236200000.0,504050000.0,58.21464519375943,35.60348783845801,91.56952730610372,1.546002723205602,2.52784222737819,0.9828597203428056,0.036729574773053,0.1909482758620689,1998-04-16,0.08,bmo,706488888.0,2025-04-25,1998-03-31,0.1249999999999999,13.008524590163931,2995795.0655737706
1997-12-31,GLW,USD,24741,1998-07-08,1998-07-08 00:00:00,1997,Q4,1075400000.0,577100000.0,498300000.0,0.4633624698,75300000,0.0,0.0,171900000.0,64100000.0,311300000.0,888400000.0,0.0,0.0,64100000.0,251100000.0,0.2334945137,187000000.0,0.1738887856,-23700000.0,163300000.0,0.1518504742,54800000.0,108500000.0,0.1008926911,0.16,0.16,694800000,696000000,https://www.sec.gov/Archives/edgar/data/24741/000095014698001184/0000950146-98-001184-index.html,https://www.sec.gov/Archives/edgar/data/24741/,1.547783534830167,0.1561600460564191,0.5025906735751295,-0.0015831894070236,0.1457973517559009,2.852475532527346,2.3295912492803685,1.822538860103627,1.9417098445595853,8594676000.0,9842476000.0,19.803400921658984,7.992073647015064,24.61247422680412,-7813.341818181818,6.787235252309879,6.787235252309879,9.152386088897154,39.19743528474712,28.18578465063001,-8947.705454545454,0.0126240942648681,-0.0001279862091369,1.0653873489694383,0.2803965581743359,4.969334926324174,1.3999803401159934,0.0,3.2184331797235024,0.0048983812769672,0.3880184331797235,0.0,0.0700204575041845,0.0755081681007606,1.0031500572737686,0.3257392598103031,5.464898595943838,0.0,2.530548246428313,0.0309911913043264,0.0243924372203862,-2.916054979850317,406900000.0,1618600000.0,-1405300000.0,3197800000.0,601250000.0,234950000.0,581200000.0,46.841175376604056,46.78565239993069,88.0661930341362,1.921386457030552,1.9236666666666664,1.021958562068355,0.0856826976229961,0.5041738629821532,1998-01-28,0.16,bmo,1142612500.0,2025-04-25,1997-12-31,-0.0625,14.33296875,3165204.515625
1997-09-30,GLW,USD,24741,1997-10-30,1997-10-30 00:00:00,1997,Q3,1037800000.0,528600000.0,509200000.0,0.4906533051,70800000,0.0,0.0,168400000.0,88400000.0,327600000.0,856200000.0,0.0,0.0,88400000.0,250700000.0,0.241568703,181600000.0,0.1749855463,-7500000.0,164400000.0,0.1584120254,52100000.0,112300000.0,0.1082096743,0.0567,0.0533,693600000,693600000,https://www.sec.gov/Archives/edgar/data/24741/000002474197000035/0000024741-97-000035-index.html,https://www.sec.gov/Archives/edgar/data/24741/,1.4962514417531718,0.1619088811995386,0.231833910034602,-0.0291234140715109,0.1153402537485582,2.836937716262976,2.3083910034602075,2.3249711649365628,1.8689446366782008,10924200000.0,12140500000.0,24.319234194122885,10.526305646560033,67.93656716417911,-540.8019801980198,6.774277564182067,6.774277564182067,11.698304104837156,48.426406063023535,75.50062189054727,-601.0148514851485,0.01027992896505,-0.001849105655334,0.8038571251395262,0.2804144674223414,4.851615476665337,1.7399188737771414,0.0,1.431878895814782,0.0038538291133446,0.3748886910062333,0.0,0.0682212372326074,0.0793025871766029,1.1256218905472637,0.1744074002698015,2.0475113122171944,0.0,2.9102840588268197,0.031514950566153,0.0263850382970725,-2.5867214532871974,620200000.0,1601100000.0,-1196700000.0,3130500000.0,633050000.0,166350000.0,589900000.0,55.74484486413567,28.92735527809308,101.7650397275823,1.6144990665836962,3.11124190700412,0.8843901622887737,0.069639092149324,0.260957324106113,1997-10-15,0.16,bmo,891900000.0,2025-04-25,1997-09-30,0.0,18.4440625,5325315.515625
1997-06-30,GLW,USD,24741,1997-07-29,1997-07-29 00:00:00,1997,Q2,1031100000.0,511500000.0,519600000.0,0.5039278441,53500000,0.0,0.0,171700000.0,81600000.0,306800000.0,818300000.0,0.0,0.0,81600000.0,279500000.0,0.2710697314,212800000.0,0.2063815343,-8700000.0,194000000.0,0.1881485792,67000000.0,127000000.0,0.1231694307,0.06,0.0567,691800000,691800000,https://www.sec.gov/Archives/edgar/data/24741/000002474197000029/0000024741-97-000029-index.html,https://www.sec.gov/Archives/edgar/data/24741/,1.4904596704249784,0.1835790690951142,0.2917028042786933,0.0651922520959814,0.2028042786932639,2.1617519514310493,1.627059843885516,1.6724486845909223,1.8720728534258453,12825972000.0,13980772000.0,25.247976377952757,12.439115507710213,63.55783944499504,284.3896230598669,11.085541918755402,11.085541918755402,13.559084472893026,50.0206511627907,69.28033696729435,309.9949445676275,0.0099017836620881,0.0035163027020486,1.1193604148660328,0.2871427621222535,4.131663685152057,1.793364235179312,0.0,1.588976377952756,0.0032668089404841,0.3299212598425197,0.0,0.051886334982058,0.0820122829966964,0.7765113974231913,0.1519736204053923,1.920343137254902,0.0,2.628326061221737,0.0364220917420114,0.0306733648922809,-3.058651344319167,650400000.0,1125600000.0,-1544600000.0,3080500000.0,630800000.0,170000000.0,560350000.0,54.40500436427117,28.645161290322584,102.42228739002933,1.6542595860741216,3.141891891891892,0.8787149974231232,0.1097666378565255,0.2265105521827117,1997-07-15,0.17,bmo,855194444.0,2025-04-25,1997-06-30,0.0588235294117645,16.6225,2008814.875
1997-03-31,GLW,USD,24741,1997-04-28,1997-04-28 00:00:00,1997,Q1,945400000.0,467400000.0,478000000.0,0.5056060927,51100000,0.0,0.0,159400000.0,87500000.0,298000000.0,765400000.0,0.0,0.0,87500000.0,238700000.0,0.2524857203,180000000.0,0.1903955997,-16300000.0,145300000.0,0.1536915591,53300000.0,92000000.0,0.0973133065,0.0433,0.0433,688200000,688200000,https://www.sec.gov/Archives/edgar/data/24741/000095014697000654/0000950146-97-000654-index.html,https://www.sec.gov/Archives/edgar/data/24741/,1.3737285672769544,0.1336820691659401,-0.010171461784365,-0.1362975879104911,0.1553327521069456,1.9365010171461785,1.4684684684684686,1.4766056378959604,1.8063063063063065,10178478000.0,11314678000.0,27.65890760869565,10.766319018404907,-1454.0682857142856,-108.51255863539446,10.016215311946468,10.016215311946468,11.968138354135816,47.40124842899037,-1616.3825714285715,-120.62556503198294,0.009038679456791,-0.0092155231852935,1.223282818342846,0.2898006760694719,4.759949727691663,1.8976303317535543,0.0,-0.0760869565217391,0.0040968797103063,0.4532608695652174,0.0,0.054051195261265,0.0750903368690989,-12.4,0.091812989210916,0.992,0.0,2.107463684826042,0.0316674338115256,0.0231889902707062,-3.054163034001744,662900000.0,1010600000.0,-1555400000.0,2952600000.0,602300000.0,223050000.0,518550000.0,60.76475565898033,34.1206675224647,103.70988446726574,1.4811217295942347,2.6376975169300225,0.8678054214630524,0.0905333595748868,0.1261261261261261,1997-04-15,0.13,bmo,817100000.0,2025-04-25,1997-03-31,0.0,13.245081967213116,2484860.37704918
1996-12-31,GLW,USD,24741,1997-03-12,1997-03-12 00:00:00,1996,Q4,990100000.0,546000000.0,444100000.0,0.4485405515,0,0.0,0.0,223500000.0,76000000.0,299500000.0,845500000.0,0.0,0.0,76000000.0,220600000.0,0.2228057772,144600000.0,0.146045854,-23500000.0,121100000.0,0.1223108777,40100000.0,76300000.0,0.0770629229,0.11,0.11,686100000,688200000,https://www.sec.gov/Archives/edgar/data/24741/000095014697000367/0000950146-97-000367-index.html,https://www.sec.gov/Archives/edgar/data/24741/,1.4430840985279114,0.1112082786765777,0.0918233493659816,-0.2305786328523539,0.3253170091823349,2.418160617985716,1.9365981635330127,1.4331730068503137,1.839965019676432,10579662000.0,11618862000.0,34.66468545216252,10.685447934552066,167.93114285714287,-66.87523388116308,10.75934302857724,10.75934302857724,11.735038884961115,52.66936536718042,184.42638095238092,-73.44413400758533,0.0072119506275342,-0.0149532187323186,1.2838401301739042,0.2921343114340592,4.71078875793291,1.7569040247678018,0.0,0.8256880733944955,0.0039226205903364,0.5439056356487549,0.0,0.0,0.0764584731446555,3.511111111111111,0.2234117765882234,2.9105263157894736,0.0,1.8936910573256311,0.0271094583438751,0.0191184945751584,-2.572547733566536,611200000.0,1328700000.0,-1243500000.0,2919300000.0,556050000.0,214050000.0,501250000.0,51.47661852338148,44.32417582417583,82.17032967032966,1.7483665901465657,2.0304946076608403,1.0952858575727182,0.0775958507068036,0.3224019822183355,1997-01-27,0.13,bmo,990100000.0,2025-04-25,1996-12-31,0.0,13.60671875,1334876.921875
1996-09-30,GLW,USD,24741,1996-11-13,1996-11-13 00:00:00,1996,Q3,910200000.0,480900000.0,429300000.0,0.4716545814,0,0.0,0.0,210600000.0,70300000.0,280900000.0,761800000.0,0.0,0.0,70300000.0,218700000.0,0.2402768622,148400000.0,0.1630410899,-5900000.0,142500000.0,0.156558998,43900000.0,-16400000.0,-0.018018018,-0.0238,-0.0238,689100000,689100000,https://www.sec.gov/Archives/edgar/data/24741/000002474196000044/0000024741-96-000044-index.html,https://www.sec.gov/Archives/edgar/data/24741/,1.3208532868959513,-0.0237991583224495,0.4450732839936148,0.2246408358728776,0.1850239442751415,4.024814976055725,3.528225221303149,3.5727760847482224,2.475838049629952,8958300000.0,10536900000.0,-136.5594512195122,9.842122610415291,29.208672970329317,57.87015503875969,3.638627132412672,3.638627132412672,11.576466710613053,48.17969821673525,34.35572220410825,68.06782945736434,-0.0018307044863422,0.0172800642979136,0.6929731925264013,0.2978162584879641,7.218106995884773,1.2505530441473502,0.0,-32.28421052631579,0.0047330408671288,-2.5853658536585367,0.0,0.0,0.0597343201773526,0.4952722530159765,0.1668863985937156,2.1607396870554765,0.0,,0.0200676958186585,-0.0030446486586837,-3.143738209258453,260500000.0,2431300000.0,-1655000000.0,2451400000.0,548350000.0,162700000.0,502500000.0,53.96835860250494,29.79413599500936,94.3231441048035,1.6676438255771344,3.0207286432160805,0.9541666666666668,-0.0066612510154346,0.2204324481207372,1996-10-15,0.14,bmo,,2025-04-25,1996-09-30,0.0,12.51,1183122.3125
1996-06-30,GLW,USD,24741,1996-07-22,1996-07-22 00:00:00,1996,Q2,913700000.0,536000000.0,377700000.0,0.4133741928,0,0.0,0.0,193300000.0,32700000.0,226000000.0,762000000.0,0.0,0.0,32700000.0,184400000.0,0.2018167889,151700000.0,0.1660282368,-12200000.0,139500000.0,0.152675933,45700000.0,37000000.0,0.0404946919,0.02,0.0167,690291000,690291000,https://www.sec.gov/Archives/edgar/data/24741/000002474196000039/0000024741-96-000039-index.html,https://www.sec.gov/Archives/edgar/data/24741/,1.323644665800365,0.0536005829425561,-0.0315808840039925,-0.1955696945201371,0.1770267901508204,4.093925605288205,3.591094190710874,3.1270869821568006,2.489964377342309,8918559720.0,10515159720.0,60.26053864864865,9.76092778811426,-409.1082440366973,-66.06340533333334,4.131640748633373,4.131640748633373,11.508328466673962,57.02364273318872,-482.346776146789,-77.890072,0.0041486519305383,-0.0151369732600725,0.7962568331325859,0.2975092171083378,8.658351409978309,1.294036334913112,0.0,-0.5891891891891892,0.0046868554242298,1.1297297297297295,0.0,0.0,0.0600799681512125,-5.192660550458716,0.1238918682280836,3.46177370030581,0.0,1.9419855601942229,0.019693657204564,0.0068137453500791,-3.1369741167130964,297800000.0,2478900000.0,-1640700000.0,2414100000.0,761150000.0,177800000.0,508000000.0,54.26398161322097,27.906716417910445,84.1231343283582,1.6585587220911235,3.2250300842358604,1.0698602794411178,0.0171407393681089,0.1639888105161446,1996-07-15,0.16,bmo,,2025-04-25,1996-06-30,0.0,12.196031746031746,1594886.857142857
1996-03-31,GLW,USD,24741,1996-04-17,1996-04-17 00:00:00,1996,Q1,1352600000.0,764100000.0,588500000.0,0.4350879787,0,0.0,0.0,329400000.0,109100000.0,438500000.0,1202600000.0,0.0,0.0,109100000.0,259100000.0,0.1915570013,150000000.0,0.1108975307,-33400000.0,116600000.0,0.0862043472,44800000.0,71800000.0,0.0530829514,0.0333,0.0333,689100000,689100000,https://www.sec.gov/Archives/edgar/data/24741/000002474196000021/0000024741-96-000021-index.html,https://www.sec.gov/Archives/edgar/data/24741/,1.9628500943259324,0.1041938760702365,0.0712523581483094,-0.0905528950805398,0.2384269336816137,4.083151937309534,2.021187055579741,3.1316209548686693,2.404730808300682,8096925000.0,9589725000.0,28.192635793871865,5.986193257430134,164.90682281059065,-129.75841346153845,3.752050509731232,3.752050509731232,7.089845482773917,37.01167502894635,195.3100814663951,-153.6814903846154,0.0088675639208711,-0.0077066293685565,0.7678869323447637,0.27357976589457,5.761482053261289,1.5741630828906317,0.0,0.6838440111420613,0.0051254025447932,0.5779944289693594,0.0,0.0,0.2345842069637285,2.2708757637474544,0.0824338311400266,1.0219981668194318,0.0,2.7095486390886574,0.0179615103345393,0.0154868211034899,-3.0373675809026266,680900000.0,1392800000.0,-1376600000.0,4217500000.0,951900000.0,222300000.0,491400000.0,64.63551678249299,22.308598351001176,60.65959952885748,1.3924233065678402,4.034318901795142,1.4836893203883494,0.033271547729379,0.1618052532288492,1996-04-15,0.09,bmo,,2025-04-25,1996-03-31,0.1111111111111112,10.9315873015873,2182749.6507936507
1995-12-31,GLW,USD,24741,1996-03-07,1996-03-07 00:00:00,1995,Q4,1330400000.0,769700000.0,560700000.0,0.4214521948,0,0.0,0.0,384700000.0,97700000.0,482400000.0,1252100000.0,0.0,0.0,97700000.0,176000000.0,0.1322910403,78300000.0,0.0588544799,44500000.0,122800000.0,0.0923030667,39300000.0,83500000.0,0.0627630788,0.12,0.12,681600000,681600000,https://www.sec.gov/Archives/edgar/data/24741/000002474196000017/0000024741-96-000017-index.html,https://www.sec.gov/Archives/edgar/data/24741/,1.9518779342723005,0.1225058685446009,0.5133509389671361,0.2508802816901408,0.315287558685446,4.05531103286385,1.977699530516432,3.1204518779342725,2.2579225352112675,7272672000.0,8596772000.0,21.774467065868265,5.466530366806976,20.785001428979708,42.53024561403509,3.4193765574310024,3.4193765574310024,6.461794948887553,48.84529545454546,24.569225492998,50.273520467836256,0.0114813372581631,0.023512678696358,0.7235883210306079,0.2570526632259358,7.523295454545455,1.5743712986009784,0.0,4.190419161676647,0.0057475436813319,0.5005988023952096,0.0,0.0,0.2365251958377177,0.5112889396970564,0.1344708358388454,1.831115660184237,0.0,2.932773008613913,0.0107168779209743,0.0182673375628965,-3.044160798122065,669200000.0,1348000000.0,-1388700000.0,4116900000.0,950350000.0,208050000.0,484600000.0,63.075766686710764,29.840197479537483,54.699233467584776,1.4268554268554268,3.0160658307210038,1.645361265498076,0.0392590154685222,0.2624706572769953,1996-01-22,0.13,bmo,,2025-04-25,1995-12-31,-0.0769230769230769,9.46126984126984,2060762.492063492
1995-10-08,GLW,USD,24741,1995-11-14,1995-11-14 00:00:00,1995,Q3,1568800000.0,889900000.0,678900000.0,0.4327511474,0,0.0,0.0,410900000.0,98600000.0,509500000.0,1399400000.0,0.0,0.0,98600000.0,268000000.0,0.1708312086,169400000.0,0.1079806221,-43700000.0,125700000.0,0.0801249363,42200000.0,83500000.0,0.0532253952,0.04,0.04,691200000,691200000,https://www.sec.gov/Archives/edgar/data/24741/000002474195000080/0000024741-95-000080-index.html,https://www.sec.gov/Archives/edgar/data/24741/,2.269675925925926,0.1208043981481481,0.3310185185185185,0.1297743055555555,0.2907986111111111,3.971643518518519,1.9053819444444444,3.0455729166666665,2.3078703703703702,6075647999.999999,7561847999.999999,18.190562874251498,3.8727995920448746,26.55440559440559,67.73297658862876,2.886156477126977,2.886156477126977,4.820147883732789,28.215850746268657,33.05003496503496,84.30153846153846,0.0137433900054776,0.0147638572873214,0.7577787278514084,0.2694822197820762,5.545522388059702,1.7559656071877114,0.0,2.740119760479042,0.0137763083048919,1.0023952095808384,0.0,0.0,0.2412703775656727,0.6079545454545454,0.0886664966853646,1.4107505070993915,0.0,2.8771806638304587,0.0224743433973662,0.0185914991205219,-2.888274016203704,782500000.0,1317000000.0,-1356700000.0,4175100000.0,983750000.0,167700000.0,502500000.0,55.55010198878123,16.272614900550625,50.70906843465558,1.6201590416193328,5.530764449968925,1.7748304746709214,0.0396655740819913,0.2012442129629629,1995-11-14,,bmo,,2025-04-25,1995-10-08,,10.476825396825395,1971766.873015873
1995-06-18,GLW,USD,24741,1995-07-27,1995-07-27 00:00:00,1995,Q2,1297800000.0,723500000.0,574300000.0,0.4425181076,0,0.0,0.0,284400000.0,93000000.0,377400000.0,1100900000.0,0.0,0.0,93000000.0,289900000.0,0.2233780243,196900000.0,0.1517182925,-460800000.0,-263900000.0,-0.2033441208,33300000.0,-297200000.0,-0.229002928,-0.44,-0.44,683100000,683100000,https://www.sec.gov/Archives/edgar/data/24741/000002474195000068/0000024741-95-000068-index.html,https://www.sec.gov/Archives/edgar/data/24741/,1.8998682476943347,-0.4350753915971307,0.2160737812911726,0.0524081393646611,0.4604011125750256,3.946127946127946,1.844532279314888,3.0096618357487923,2.422485726833553,7712198999.999999,9172499000.0,-6.487381393001345,5.9425173370319,52.25067073170731,215.42455307262568,3.7512520064205455,3.7512520064205455,7.067729234088457,31.64021731631597,62.14430216802168,256.2150558659218,-0.0385363500086032,0.0046419964007671,0.804902962206333,0.2762512103101733,5.037254225595032,1.7350611951043915,0.0,-0.4966352624495289,0.0053144366696191,-0.1379071102590847,0.0,0.0,0.2396581082434643,0.7574525745257452,0.0861457851749114,1.2021505376344086,0.0,,0.0442297120245968,-0.0652527115443727,-2.896940418679549,816800000.0,1260000000.0,-1366600000.0,4183700000.0,981500000.0,177950000.0,484750000.0,69.29264909847434,21.70697995853489,62.64547339322736,1.2988390712570057,4.1461318051575935,1.4366560762509928,-0.1445595602898973,0.1636656419265114,1995-10-17,0.18,bmo,,2025-04-25,1995-06-18,0.0,11.325714285714286,2185811.53968254
1995-03-26,GLW,USD,24741,1995-05-04,1995-05-04 00:00:00,1995,Q1,1123000000.0,625500000.0,497500000.0,0.4430097952,0,0.0,0.0,260100000.0,88100000.0,348200000.0,973700000.0,0.0,0.0,88100000.0,237400000.0,0.211398041,149300000.0,0.1329474622,-30000000.0,119300000.0,0.1062333037,39900000.0,79400000.0,0.0707034728,0.04,0.04,686400000,686400000,https://www.sec.gov/Archives/edgar/data/24741/000002474195000049/0000024741-95-000049-index.html,https://www.sec.gov/Archives/edgar/data/24741/,1.6360722610722611,0.1156759906759906,-0.0403554778554778,-0.1357808857808858,0.2313519813519813,4.356206293706293,2.256993006993007,3.980769230769231,2.2494172494172493,8236800000.0,9686000000.0,25.934508816120907,7.334639358860196,-297.3574007220217,-88.37768240343348,3.0144927536231885,3.0144927536231885,8.625111308993766,40.80033698399326,-349.6750902527076,-103.92703862660944,0.0096396658896658,-0.0113150738150738,0.5650709998536085,0.2526550048272815,6.104465037910699,1.6337285902503291,0.0,-0.3488664987405541,0.005,0.5186901763224181,0.0,0.0,0.2357840650619364,-2.3646209386281587,0.0583259127337488,0.7434733257661748,0.0,3.218817647753437,0.0191734628232142,0.0170014132157081,-2.923076923076923,673400000.0,1549200000.0,-1385000000.0,4004500000.0,955450000.0,219850000.0,441300000.0,77.2413178984862,26.100719424460436,67.03597122302158,1.1651794978211247,3.448180815876516,1.3425627817128138,0.0290587029717464,0.0954254079254079,1995-04-04,0.11,bmo,,2025-04-25,1995-03-26,0.0909090909090908,10.72079365079365,1430808.825396825
1995-01-01,GLW,USD,24741,1995-03-20,1995-03-20 00:00:00,1994,Q4,1273500000.0,738500000.0,535000000.0,0.4201020809,0,0.0,0.0,200300000.0,86300000.0,286600000.0,1025100000.0,0.0,0.0,86300000.0,334700000.0,0.2628190027,248400000.0,0.1950530035,-160400000.0,88000000.0,0.069100903,53000000.0,35000000.0,0.0274833137,0.0417,0.0417,685285285,719800000,https://www.sec.gov/Archives/edgar/data/24741/000002474195000026/0000024741-95-000026-index.html,https://www.sec.gov/Archives/edgar/data/24741/,1.8583501322372624,0.0510736196531638,0.4421516215688186,0.2330416302460076,0.3652493428339118,4.230792727440514,2.176173971107522,3.8703588973167578,2.149761613515458,6825441438.6,8137341438.6,48.75315313285715,5.359592806124853,22.526209368316835,42.73914488791484,2.573404757606606,2.573404757606606,6.389745927444052,24.312343706602928,26.855912338613862,50.95392259611772,0.0051278734591529,0.0233977540407638,0.5554424461787882,0.2446079001112457,3.919629518972214,1.6070564140755912,0.0,8.657142857142857,0.0068273972341865,1.3314285714285714,0.0,0.0,0.233782190711807,0.4729372937293729,0.1125245386729485,1.660486674391657,0.0,2.1089447267443693,0.0196956708489572,0.0075844583613235,-2.851987402589565,652100000.0,1491300000.0,-1397100000.0,3950700000.0,965550000.0,225400000.0,426300000.0,66.93286219081273,31.47867298578199,50.78266756939743,1.3446309787773203,2.859078590785908,1.7722582193424523,0.0131960939561889,0.2091099913228109,1995-01-23,0.16,bmo,,2025-04-25,1995-01-01,0.0625,10.50952380952381,1348379.650793651
1994-10-09,GLW,USD,24741,1994-11-17,1994-11-17 00:00:00,1994,Q3,1442400000.0,820700000.0,621700000.0,0.4310177482,0,0.0,0.0,381000000.0,97200000.0,478200000.0,1298900000.0,0.0,0.0,97200000.0,240700000.0,0.1668746534,143500000.0,0.0994869662,-32500000.0,111000000.0,0.0769550749,34100000.0,76900000.0,0.0533139212,0.04,0.04,640699700,640699700,https://www.sec.gov/Archives/edgar/data/24741/000002474194000075/0000024741-94-000075-index.html,https://www.sec.gov/Archives/edgar/data/24741/,2.251288708266915,0.1200250288863878,0.2367723911842006,0.0863118868324739,0.7362263475384802,4.429532275417016,2.4471683067746093,4.125957917570431,2.622133270859968,6938777751.0,8364077751.0,22.557795029258777,4.810578030366057,45.74013019775873,125.47518537070523,2.624844997541139,2.624844997541139,5.798722789101498,34.748972791857085,55.135647666446935,151.24914558770342,0.0110826434798142,0.007969703308631,0.6355210894647247,0.2733084969659503,5.921479019526381,1.4858835295022694,0.0,1.9726918075422624,0.0099729379558276,0.8998699609882965,0.0,0.0,0.2066244773788413,0.6354647330257086,0.0668330560177482,0.9917695473251028,0.0,3.338024851676401,0.0192070644833396,0.0157685367454068,-2.936242985598401,631600000.0,1567900000.0,-1377400000.0,3768900000.0,914800000.0,167950000.0,422300000.0,61.397670549084864,21.11002802485683,47.801876446935545,1.4658536585365851,4.263376623376623,1.8827712778160128,0.0290902212975222,0.1504605043517267,1994-11-17,,bmo,,2025-04-25,1994-10-09,,10.449375,1308546.96875
1994-06-19,GLW,USD,24741,1994-07-26,1994-07-26 00:00:00,1994,Q2,1109200000.0,618100000.0,491100000.0,0.4427515326,0,0.0,0.0,243400000.0,78000000.0,321400000.0,939500000.0,0.0,0.0,78000000.0,247700000.0,0.2233141003,169700000.0,0.1529931482,-4900000.0,164800000.0,0.1485755499,53400000.0,111400000.0,0.1004327443,0.06,0.06,641849850,641849850,https://www.sec.gov/Archives/edgar/data/24741/000002474194000056/0000024741-94-000056-index.html,https://www.sec.gov/Archives/edgar/data/24741/,1.7281300291649206,0.1735608413712334,0.0176053636220371,-0.1173171575875572,0.2539534752559341,3.561424841027851,1.665186959224186,3.271325840459416,2.87310186330962,6951233875.5,8674333875.5,15.599716955789946,6.266889537955283,615.1534403097346,-92.3138628884462,3.3105843099014143,3.3105843099014143,7.82035149251713,35.01951504037142,767.6401659734513,-115.1969970185923,0.0160259317978978,-0.0108326091955269,0.8782683240462923,0.3280674601056733,6.956398869600323,1.5038074645106705,0.0,0.1014362657091561,0.0052324099722991,0.326496458258079,0.0,0.0,0.216523456263009,7.663716814159292,0.0780742877749729,1.1102564102564103,0.0,3.574201514823396,0.0239188175903487,0.0252951861943687,-3.6358191873068137,535900000.0,1068800000.0,-1735600000.0,3550500000.0,798900000.0,157000000.0,393400000.0,68.61161197259287,20.8801164860055,59.509788060184434,1.3117313150425731,4.310320781032078,1.512356251529239,0.0530551983616707,0.1349225212095944,1994-10-18,0.19,bmo,,2025-04-25,1994-06-19,0.1052631578947368,10.770967741935484,908084.3548387096
1994-03-27,GLW,USD,24741,1994-05-06,1994-05-06 00:00:00,1994,Q1,948900000.0,545200000.0,403700000.0,0.4254399831,0,0.0,0.0,223900000.0,76900000.0,300800000.0,846000000.0,0.0,0.0,76900000.0,179800000.0,0.1894825588,102900000.0,0.1084413531,-15300000.0,87600000.0,0.0923174202,29600000.0,58000000.0,0.061123406,0.03,0.03,627519520,627519520,https://www.sec.gov/Archives/edgar/data/24741/000002474194000036/0000024741-94-000036-index.html,https://www.sec.gov/Archives/edgar/data/24741/,1.5121441959287578,0.0924274036925576,-0.1016701440618134,-0.1982408451612788,0.217045041084937,3.4481795881026938,1.5468841511097535,3.157830054434004,2.8781574794677303,6952916281.6,8660816281.6,29.969466731034483,7.327343536305196,-108.97987902194356,-55.8916099807074,3.50873853532499,3.50873853532499,9.127217074085785,48.16916730589544,-135.7494714984326,-69.62070965916399,0.0083418234379564,-0.0178917730289962,0.911435203875656,0.3326028507237302,9.49888765294772,1.435012497596616,0.0,-1.1,0.0051143501805054,0.613097390342069,0.0,0.0,0.219715664248094,-0.9498432601880876,0.063863420803035,0.788036410923277,0.0,2.5626306303791457,0.0147388073523637,0.0136886077741851,-3.7879299754691296,452500000.0,970700000.0,-1773700000.0,3421800000.0,721650000.0,207850000.0,366000000.0,71.34366108125197,28.162142333088777,62.41562729273661,1.2614996011699016,3.1957796014067994,1.441946574980164,0.029269277351635,0.0965707010994654,1994-04-06,0.09,bmo,,2025-04-25,1994-03-27,0.0,10.346507936507937,1605663.174603175
1994-01-02,GLW,USD,24741,1994-03-18,1994-03-18 00:00:00,1993,Q4,1083000000.0,637700000.0,445300000.0,0.4111726685,0,0.0,0.0,253400000.0,69800000.0,323200000.0,960900000.0,0.0,0.0,69800000.0,191900000.0,0.1771929825,122100000.0,0.1127423823,-221200000.0,-99100000.0,-0.0915050785,21800000.0,-120900000.0,-0.111634349,-0.2,-0.2,600828829,600828829,https://www.sec.gov/Archives/edgar/data/24741/000002474194000033/0000024741-94-000033-index.html,https://www.sec.gov/Archives/edgar/data/24741/,1.8025100456689305,-0.2012220355691354,0.7191732139737256,0.4157590114571549,0.2676303004095697,3.257500149014987,1.577986864541748,2.84856504447126,2.874862051601056,5659807569.18,7226307569.18,-11.7034895971464,5.226045770249308,13.098374379032633,22.65735616164932,3.3069281736371603,3.3069281736371603,6.672490830267775,37.65663141834289,16.723692592409165,28.92837297510008,-0.021361150272732,0.0441357761631799,1.0092316681273736,0.3301603685226599,8.163105784262637,1.442418896403019,0.0,-3.574028122415219,0.0061132820466214,-0.2861869313482216,0.0,0.0,0.192881854846417,0.4218930803054848,0.1683287165281625,2.6117478510028653,0.0,,0.0342191853673018,-0.0286316487472173,-4.02514806758715,451400000.0,948100000.0,-1802800000.0,3220300000.0,742350000.0,205900000.0,384800000.0,57.43213296398892,34.59150070566097,49.94668339344519,1.567066994646216,2.601795185638515,1.8019214467363665,-0.0706397896581945,0.3034142025165706,1994-01-24,0.13,bmo,,2025-04-25,1994-01-02,0.0769230769230769,9.029375,2156570.921875
1993-09-30,GLW,USD,24741,1993-09-30,1993-09-29 20:00:00,1993,Q3,1198000000.0,705800000.0,492200000.0,0.410851419,0,0.0,0.0,270900000.0,83200000.0,354100000.0,1059900000.0,0.0,0.0,83200000.0,221300000.0,0.1847245409,138100000.0,0.1152754591,-217100000.0,-79000000.0,-0.0659432387,-45100000.0,-33900000.0,-0.0282971619,-0.0564,-0.0564,600828829,600828829,,,1.9939123127528888,-0.0564220596012712,0.2306813410246664,0.0216367780181866,0.2017213458310936,3.51697504847924,2.1838166490509727,3.1128666098011086,3.025820187466404,6711258019.93,8408058019.93,-49.49305324432153,5.602051769557597,48.42177503556999,516.2506169176924,3.588332363754478,3.588332363754478,7.018412370559266,37.99393592376864,60.66419927799423,646.7736938407693,-0.0050512139302839,0.0019370436900793,0.9720365716729936,0.3354553003044561,7.66741979213737,1.150479873943561,0.0,-4.088495575221239,0.0101620292048779,-2.0117994100294987,0.0,0.0,0.1477996125103791,0.9062049062049062,0.1048414023372287,1.5096153846153846,0.0,,0.0127907087935491,-0.0073400454693082,-3.9647731350787097,210100000.0,1312100000.0,-1700100000.0,2713500000.0,733100000.0,141350000.0,411900000.0,59.61936560934891,21.256729951827715,53.00793425899688,1.5095766129032258,4.233953209358129,1.697859032956459,-0.0181254344222851,0.2090445630064798,1993-09-29,,bmo,,2025-04-25,1993-09-30,,10.8253125,1303301.640625
1993-06-30,GLW,USD,24741,1993-06-30,1993-06-29 20:00:00,1993,Q2,906800000.0,504000000.0,402800000.0,0.4441993824,0,0.0,0.0,216500000.0,64400000.0,280900000.0,784900000.0,0.0,0.0,64400000.0,186300000.0,0.2054477283,121900000.0,0.1344287605,2600000.0,124500000.0,0.1372959859,34700000.0,89800000.0,0.0990295545,0.0533,0.0533,586573574,586573574,,,1.5459271269523642,0.1530924746364383,0.0669992678531406,-0.0767167189158098,0.1808809750437206,3.635690550219025,3.635690550219025,3.214260040974843,1.8758090182903464,6499235199.92,7493435199.92,18.093639197995547,7.167220114600794,165.37494147379135,-144.42744888711113,3.4471386442770764,3.4471386442770764,8.263602999470667,40.22241116435856,190.67265139745547,-166.52078222044446,0.0138170103462489,-0.0069238915988998,0.5835896891906227,0.2481114844296119,5.336553945249597,1.865075034106412,0.0,0.4376391982182628,0.0051143501805054,0.3701488275930735,0.0,0.0,0.0,2.145038167938931,0.0929642699602999,1.3090062111801242,0.0,3.327428141290479,0.0229496394431348,0.0202493968024894,-2.535913764161493,634100000.0,2132600000.0,-935000000.0,2255000000.0,659000000.0,135450000.0,392500000.0,66.75562417291574,20.714285714285715,72.875,1.3482010110020817,4.344827586206897,1.234991423670669,0.0476291503129309,0.1437159867689504,1993-10-19,0.17,bmo,,2025-04-25,1993-06-30,-0.0588235294117647,11.421587301587302,965894.9365079365
1993-03-31,GLW,USD,24741,1993-03-31,1993-03-30 19:00:00,1993,Q1,817000000.0,469100000.0,347900000.0,0.4258261934,0,0.0,0.0,206300000.0,63000000.0,269300000.0,738400000.0,0.0,0.0,63000000.0,141600000.0,0.1733170135,78600000.0,0.0962056304,-4900000.0,73700000.0,0.0902080783,23900000.0,49800000.0,0.0609547124,0.03,0.03,580414414,580414414,,,1.407614939073515,0.0858007637281041,-0.0351473008042836,-0.1228432621247755,0.1810775154181474,3.5838186472054088,3.5838186472054088,3.161534165483354,1.7206671231979431,6576095310.62,7469695310.62,33.01252665973895,8.04907626758874,-322.35761326568627,-92.23135078008416,3.5837031665504084,3.5837031665504084,9.14283391752754,52.7520855269774,-366.1615348343137,-104.76431010687236,0.0075728829415802,-0.0108423002757966,0.5442506811989101,0.2331994582730117,6.3107344632768365,1.849010957734453,0.0,-0.4096385542168674,0.0050015004413062,0.6604486666292771,0.0,0.0,0.0,-2.4950980392156863,0.0623011015911872,0.807936507936508,0.0,2.470505218350436,0.0145036703629359,0.011628450007005,-2.4549700449031238,596600000.0,2080100000.0,-903200000.0,2182900000.0,653850000.0,185150000.0,361600000.0,71.09669522643819,29.71861010445534,72.31080793007888,1.2658816237991943,3.028405422853454,1.244627222074821,0.0271389645776566,0.0876959613204919,1993-04-06,0.11,bmo,,2025-04-25,1993-03-31,-0.2727272727272727,11.782741935483871,1760112.2258064516
1992-12-31,GLW,USD,24741,1992-12-31,1992-12-30 19:00:00,1992,Q4,835700000.0,469100000.0,366600000.0,0.4386741654,0,0.0,0.0,275400000.0,46100000.0,321500000.0,790600000.0,0.0,0.0,46100000.0,91200000.0,0.1091300706,45100000.0,0.0539667345,-34000000.0,11100000.0,0.0132822783,900000.0,-269800000.0,-0.3228431255,-0.46,-0.46,582276276,584435435,,,1.4352293480698155,-0.4633539285739335,0.4539082406304323,0.2632770839524981,0.2285856482327299,3.5582765182073124,3.1792468220017263,3.144040166939585,1.5784603252494525,7278453450.0,8064453450.0,-6.744304531134174,8.709409417254996,27.53860556186152,47.47849608610567,3.975776178510952,3.975776178510952,9.649938315184874,88.42602467105263,30.51249886492622,52.605697651663405,-0.0370683142859146,0.0210621667161998,0.5020483967881139,0.2144273615939155,8.618421052631579,1.5644946001698825,0.0,25.91176470588235,0.0045476693953438,-0.1226834692364714,0.0,0.0,0.0514896297506007,0.4199772985244041,0.1328227832954409,2.407809110629067,0.0,,0.0116230769697226,-0.0663616686343959,-2.4239782010284068,465200000.0,1851200000.0,-925100000.0,2290900000.0,713600000.0,182200000.0,366900000.0,71.32583462965178,41.325943295672566,66.43999147303347,1.2618148875132116,2.177808727948004,1.3546058330926942,-0.1473753209154968,0.1906311566779341,1992-12-30,,bmo,,2025-04-25,1992-12-31,,12.66609375,853550.265625
1992-09-30,GLW,USD,24741,1992-09-30,1992-09-29 20:00:00,1992,Q3,1153100000.0,679100000.0,474000000.0,0.4110658226,0,0.0,0.0,238700000.0,75000000.0,313700000.0,992800000.0,0.0,0.0,75000000.0,235300000.0,0.2040586246,160300000.0,0.139016564,-5000000.0,155300000.0,0.1346804267,48800000.0,107000000.0,0.0927933397,0.0633,0.0633,584435435,584435435,,,1.973015205691626,0.1830826702012002,0.2713730046159847,0.0923968615968674,0.1866758814855228,4.398432822609395,4.398432822609395,3.84644712721774,1.840237493470943,7229466330.95,8195866330.95,16.89127647418224,6.269591822868788,45.58301595807061,133.8790061287037,3.21595477355427,3.21595477355427,7.107680453516608,34.83156111750956,51.67633247761665,151.775302425,0.0148005392240258,0.007469431010256,0.4784252669039145,0.2359432244477107,4.107097322566936,1.8338913211434456,0.0,1.4892018779342724,0.0079950576369037,0.5401869158878505,0.0,0.0,0.0,0.6595208070617906,0.0907119937559621,1.3946666666666667,0.0,3.980565379926838,0.0278901046282238,0.0234736634271548,-1.9012793089796136,647600000.0,2570600000.0,-563500000.0,2243800000.0,726750000.0,154700000.0,378950000.0,59.70080652155061,19.74672360477102,51.35473420703872,1.5075173225258205,4.557718120805369,1.7525161290322582,0.0475978647686832,0.1789761430191172,1993-01-25,0.17,bmo,,2025-04-25,1992-09-30,-0.823529411764706,12.18828125,660629.59375
1992-06-30,GLW,USD,24741,1992-06-30,1992-06-29 20:00:00,1992,Q2,926700000.0,549900000.0,376800000.0,0.406604079,0,0.0,0.0,203400000.0,63600000.0,267000000.0,816900000.0,0.0,0.0,66300000.0,176100000.0,0.1900291356,109800000.0,0.1184849466,-2300000.0,107500000.0,0.1160030215,35700000.0,72100000.0,0.0778029567,0.0433,0.0433,576795796,576795796,,,1.6066344561221455,0.1250009110676666,0.2716732699625986,0.1059300369796731,0.2205286530902524,4.173227365200838,4.173227365200838,3.622945961970915,1.7628422520610745,7233019281.839999,8122619281.839999,25.079817204715667,7.805135730916153,46.15838724850032,118.38002097937806,3.461271609245346,3.461271609245346,8.76510119978418,46.1250385113004,51.835477229355455,132.93975911358427,0.0099681747262892,0.0084473713699898,0.4865770206249701,0.2363881526944715,5.051675184554231,1.8549386967901915,0.0,2.182451253481894,0.0040923435769509,0.4105409153952843,0.0,0.0,0.0,0.6100829610721124,0.1031617567713391,1.4419306184012066,0.0,3.1921168188044104,0.0197352492051968,0.0167619844701725,-1.847187527004791,620600000.0,2407100000.0,-547800000.0,2131700000.0,674400000.0,156450000.0,362000000.0,66.87601165425704,26.25204582651391,60.62193126022913,1.345774034272437,3.428304239401496,1.4846112311015118,0.0345025601761018,0.1657432329829255,1992-06-29,,bmo,,2025-04-25,1992-06-30,,12.167619047619048,970247.253968254
1992-03-31,GLW,USD,24741,1992-03-31,1992-03-30 19:00:00,1992,Q1,793200000.0,467700000.0,325500000.0,0.4103630862,0,0.0,0.0,189100000.0,60800000.0,249900000.0,717600000.0,0.0,0.0,60800000.0,136400000.0,0.1719616742,75600000.0,0.0953101362,9200000.0,84800000.0,0.1069087242,7000000.0,78100000.0,0.0984619264,0.0467,0.0467,577792793,577792793,,,1.3728104774058685,0.1351695641520402,-0.1462461993706453,-0.2608201449130917,0.1694379043595997,4.085201526561789,4.085201526561789,3.531369765631535,1.721378341941347,6523280632.969999,7419980632.969999,20.88118000310499,8.224004832286939,-77.19858737242603,-43.28653372906436,3.1970597103362084,3.1970597103362084,9.354488947264246,54.39868499244867,-87.81042169195266,-49.23676597856669,0.0119725034678512,-0.0231018728886706,0.4874534405018624,0.2375845018273893,6.5740469208211145,1.6213516668828645,0.0,-1.0861182519280206,0.0089525506084828,0.7477592829705506,0.0,0.0,0.0,-0.7834319526627219,0.083459404942007,1.0888157894736843,0.0,3.277195221802084,0.0190657890437516,0.0186560924921768,-1.827731347282485,479000000.0,2360400000.0,-576000000.0,1936300000.0,621500000.0,177750000.0,334650000.0,74.9092284417549,29.34573444515715,68.04361770365618,1.2014541048167222,3.066885245901639,1.322680995475113,0.0382768084689276,0.1145739455424463,1992-03-30,,bmo,,2025-04-25,1992-03-31,,11.127619047619048,3158168.936507937
1991-12-31,GLW,USD,24741,1991-12-31,1991-12-30 19:00:00,1991,Q4,826300000.0,491200000.0,335100000.0,0.4055427811,0,0.0,0.0,171800000.0,45300000.0,217100000.0,708300000.0,0.0,0.0,45300000.0,163300000.0,0.1976279802,118000000.0,0.1428052765,-8400000.0,109600000.0,0.1326394772,24000000.0,85600000.0,0.1035943362,0.15,0.15,576522523,576522523,,,1.4332484283532492,0.1484764195413749,0.5083929739202921,0.2745773038948558,0.3600900081400636,3.749723408464304,3.4054176925885686,3.550078129384721,1.3621323862831982,7373723069.169999,7951423069.169999,21.53540615995911,8.923784423538665,25.15770409133401,46.58068900296904,3.60273761135975,3.60273761135975,9.622925171451046,48.69211922333129,27.128703750153527,50.23008887662665,0.0116087896435789,0.0214681238385344,0.3836908193677627,0.2038363702434719,3.537660747091243,1.735460191981931,0.0,3.424065420560748,0.0004204117744754,0.036214953271028,0.0,0.0,0.051523646368686,0.4599112930740361,0.1631368752269151,2.9757174392935983,0.0,3.4438082146399607,0.0285371060354871,0.0234257409485235,-1.540703033383485,521000000.0,1963300000.0,-461400000.0,2149100000.0,621900000.0,178050000.0,323950000.0,63.47815563354713,37.19462540716612,57.844055374592834,1.4178105696636925,2.419704433497537,1.5559075071270194,0.0418234230712854,0.2338156700254363,1991-12-30,,bmo,,2025-04-25,1991-12-31,,12.66515625,1131142.015625
1991-09-30,GLW,USD,24741,1991-09-30,1991-09-29 20:00:00,1991,Q3,963500000.0,551000000.0,412500000.0,0.4281266217,0,0.0,0.0,225700000.0,75100000.0,300800000.0,851800000.0,0.0,0.0,75100000.0,186800000.0,0.193876492,111700000.0,0.1159314997,24000000.0,135700000.0,0.140840685,31200000.0,104500000.0,0.1084587442,0.0317,0.0317,576522523,576522523,,,1.6712269886462008,0.181259180398057,0.1987780102738501,0.0751054785764198,0.1087555082388342,3.6789542739165455,3.6789542739165455,3.4782682722700846,1.342011749990208,6728017843.41,7439017843.41,16.095736467488038,6.982893454499221,58.70870718507853,155.38147444364895,3.355117859377649,3.355117859377649,7.720828067887909,39.823435992558885,64.91289566675393,171.80179776928406,0.0155320634445635,0.006435773656934,0.3858275569740188,0.2106911388268612,3.8062098501070665,2.021858864027539,0.0,1.096650717703349,0.0071492081500814,0.4602870813397129,0.0,0.0,0.0,0.6221640488656196,0.0740010378827192,0.9494007989347536,0.0,3.766368445242106,0.0272200419391968,0.0284570557159196,-1.433855516517262,593700000.0,2121000000.0,-376500000.0,1939900000.0,626350000.0,147950000.0,335950000.0,61.743642968344574,25.00725952813067,54.261343012704174,1.457639939485628,3.5989549314173743,1.658639373871162,0.052111903455842,0.1236725316974303,1991-09-29,,bmo,,2025-04-25,1991-09-30,,11.19515625,776257.28125
1991-06-30,GLW,USD,24741,1991-06-30,1991-06-29 20:00:00,1991,Q2,778200000.0,446800000.0,331400000.0,0.4258545361,0,0.0,0.0,179200000.0,55900000.0,235100000.0,681900000.0,0.0,0.0,55900000.0,152200000.0,0.1955795425,96300000.0,0.1237471087,10400000.0,106700000.0,0.1371112824,32800000.0,73900000.0,0.0949627345,0.0217,0.0217,572783784,572783784,,,1.3586278483051468,0.1290190156640328,0.1737130183839143,0.0705327230423129,0.0899117632841365,3.5660925763917923,3.5660925763917923,3.3703817285441864,1.2919360161215738,6214704056.4,6903204056.4,21.024032667117723,7.985998530454896,62.45933725025125,153.82930832673267,3.2192199204351204,3.2192199204351204,8.870732531996916,45.35613703285151,69.378935240201,170.87138753465345,0.0118911535174223,0.0065007118011348,0.3833203833203833,0.2073526115220802,4.52365308804205,1.7116488289126726,0.0,1.3464140730717185,0.0042318990190555,0.3558863328822733,0.0,0.0,0.0,0.5939698492462312,0.0759444872783346,1.0572450805008944,0.0,3.127934620983674,0.0218470965105988,0.0207072405290293,-1.5033159528133568,458800000.0,2042600000.0,-422700000.0,1787900000.0,572050000.0,130800000.0,338750000.0,68.43099460292984,28.764547896150404,68.4265890778872,1.315193510224776,3.1288515406162465,1.3152781866352663,0.0382802382802382,0.1031802953416013,1991-06-29,,bmo,,2025-04-25,1991-06-30,,10.01578125,869136.28125
1991-03-31,GLW,USD,24741,1991-03-31,1991-03-30 19:00:00,1991,Q1,691200000.0,401300000.0,289900000.0,0.4194155093,0,0.0,0.0,167500000.0,55000000.0,222500000.0,623800000.0,0.0,0.0,55000000.0,122400000.0,0.1770833333,67400000.0,0.0975115741,2400000.0,69800000.0,0.1009837963,22600000.0,47200000.0,0.068287037,0.015,0.015,555111111,555111111,,,1.2451561251491503,0.0850280224349535,-0.0652121697488415,-0.1513210568757648,0.0450360288320728,3.62702161801982,3.62702161801982,3.431745397003952,1.3101881507826638,5573315554.44,6275615554.44,29.5196798434322,8.063245883159722,-153.95899321657458,-66.34899469571428,2.92562496296063,2.92562496296063,9.0793049109375,51.271368908823526,-173.35954570276243,-74.70970898142856,0.0084689265373459,-0.0150718184139208,0.3817847769028871,0.2071666619192753,5.737745098039215,1.7055820846369174,0.0,-0.7669491525423728,0.0042524059096419,0.5021186440677966,0.0,0.0,0.0,-1.3204419889502763,0.0691550925925925,0.8690909090909091,0.0,2.5622991245498183,0.015090248440187,0.013444612185604,-1.601661329383839,428500000.0,2013400000.0,-461500000.0,1777200000.0,539800000.0,155150000.0,326150000.0,71.92708333333333,26.643408921006728,75.7587839521555,1.2512671976828385,3.377946127946128,1.1879810538780344,0.0247769028871391,0.0861088871269233,1991-03-30,,bmo,,2025-04-25,1991-03-31,,8.84934426229508,1184057.1967213114
1990-12-31,GLW,USD,24741,1990-12-31,1990-12-30 19:00:00,1990,Q4,772800000.0,449000000.0,323800000.0,0.4189958592,0,0.0,0.0,189500000.0,48700000.0,238200000.0,687200000.0,0.0,0.0,48700000.0,134300000.0,0.1737836439,85600000.0,0.1107660455,8000000.0,93600000.0,0.1211180124,21600000.0,72000000.0,0.0931677019,0.13,0.13,551681682,554339339,,,1.4008077940858656,0.1305100429272545,0.3759414292098971,0.2071846931470166,0.2410810515184007,3.5937390431607623,3.2400930796176044,3.409574871474525,1.2035926181069032,4126578981.36,4657578981.360001,14.328399240833331,5.339776114596273,19.896716400000003,36.10305320524935,2.1938218933333333,2.1938218933333333,6.02688791583851,34.68040939210723,22.456986409643203,40.74872249658793,0.0174478667015046,0.0276984883886385,0.353003721424774,0.1890660592255125,3.953834698436336,1.7168100078186084,0.0,2.8805555555555555,2.4233148196534197e-05,0.0013888888888888,0.0,0.0,0.0555523917995444,0.448891031822565,0.1204710144927536,1.9117043121149897,0.0,3.164195737291887,0.0225091969528437,0.0217070155868431,-1.5294145655537643,458400000.0,1787500000.0,-431500000.0,2005300000.0,552000000.0,157000000.0,315700000.0,61.39751552795032,38.38530066815144,63.04008908685969,1.4658573596358118,2.344647519582246,1.4276629570747217,0.0382775119617224,0.1687567360628805,1990-12-30,,bmo,,2025-04-25,1990-12-31,,6.91515625,819063.921875
1990-09-30,GLW,USD,24741,1990-09-30,1990-09-29 20:00:00,1990,Q3,886500000.0,521800000.0,364700000.0,0.411393119,0,0.0,0.0,203600000.0,67000000.0,270600000.0,792400000.0,0.0,0.0,67000000.0,161100000.0,0.1817258883,94100000.0,0.1061477721,72000000.0,166100000.0,0.1873660462,62600000.0,103500000.0,0.116751269,0.03,0.03,554339339,554339339,,,1.5992009544175612,0.1867087408710858,0.152253311396325,0.0256160784576755,0.2215249601832786,3.4949711552042677,3.4949711552042677,3.310427153357774,1.249595601945905,3669726424.18,4239626424.18,8.864073488357487,4.139567314359842,43.48017090260664,258.4314383225352,1.999741934597569,1.999741934597569,4.782432514585448,26.316737580260707,50.23254057085308,298.5652411394366,0.0282037372917048,0.0038694982564464,0.3774726172960602,0.2003644567858382,3.537554314090627,1.842071405596655,0.0,0.8154589371980676,0.0117992446833895,0.4183574879227053,0.0,0.0,0.0,0.8317535545023697,0.0791878172588832,1.0477611940298508,0.0,3.7291993678066966,0.0201475657375267,0.0299375216938563,-1.4538928473918031,523600000.0,1937400000.0,-374400000.0,1820000000.0,549050000.0,122550000.0,317050000.0,58.558375634517766,21.12878497508624,54.65887313146799,1.5369278779472957,4.259591836734693,1.6465762070053644,0.0564001961745953,0.1266372329386495,1990-09-29,,bmo,,2025-04-25,1990-09-30,,6.680634920634921,1077171.9682539685
1990-06-30,GLW,USD,24741,1990-06-30,1990-06-29 20:00:00,1990,Q2,678000000.0,390800000.0,287200000.0,0.4235988201,0,0.0,0.0,163500000.0,45200000.0,208700000.0,599500000.0,0.0,0.0,45200000.0,123700000.0,0.1824483776,78500000.0,0.1157817109,16300000.0,94800000.0,0.1398230088,27900000.0,66900000.0,0.0986725664,0.02,0.02,562099099,562099099,,,1.2061930026327974,0.1190181591093424,0.0805907714148461,-0.0110300835049016,0.212595964328347,3.330195695617011,3.330195695617011,3.154070168683903,1.2319891656684543,4097702431.71,4670702431.71,15.31278935616592,6.043808896327434,90.45700732251656,-660.91974705,2.31129924514073,2.31129924514073,6.888941639690265,37.75830583435731,103.10601394503313,-753.3391018887097,0.0163262221000469,-0.0015130430047876,0.3906029668904055,0.2050150985848777,4.632174616006467,1.797919762258544,0.0,0.6771300448430493,0.0053200544361886,0.3258594917787742,0.0,0.0,0.0,1.1368653421633554,0.0759587020648967,1.1393805309734513,0.0,2.9062538716559416,0.0194614972417826,0.0198057907513766,-1.4887499401595732,483300000.0,1871900000.0,-416900000.0,1747800000.0,506800000.0,116400000.0,306100000.0,69.19911504424779,28.234390992835213,73.05015353121802,1.3005946671782085,3.1876019575856445,1.2320302648171502,0.0377347848158384,0.0916208549197478,1990-06-29,,bmo,,2025-04-25,1990-06-30,,7.878730158730159,1080534.142857143
1990-03-31,GLW,USD,24741,1990-03-31,1990-03-30 19:00:00,1990,Q1,603200000.0,352700000.0,250500000.0,0.4152851459,0,0.0,0.0,149700000.0,50300000.0,200000000.0,552700000.0,0.0,0.0,50300000.0,100800000.0,0.1671087533,50500000.0,0.0837201592,20200000.0,70700000.0,0.1172082228,24000000.0,46700000.0,0.0774204244,0.0133,0.0133,565801802,565801802,,,1.0660977004099397,0.082537736420995,-0.1528803897305367,-0.2352413858165831,0.3386344817615127,3.3031001198543373,3.3031001198543373,3.1270667462455344,1.2426612950235885,4407596037.58,4919096037.58,23.59526786713062,7.307022608720159,-50.95486748647399,-33.11492139429001,2.491152454405697,2.491152454405697,8.155000062301061,48.800555928373015,-56.86816228416185,-36.95789660090158,0.0105953448550699,-0.0301978672421801,0.3973887978296501,0.2075755786490316,5.074404761904762,1.844913563829787,0.0,-1.8522483940042829,0.009801261193555,0.925053533190578,0.0,0.0,0.0,-0.5387283236994219,0.0772546419098143,0.926441351888668,0.0,2.409828364143519,0.0116641523383253,0.0137871988663202,-1.431552527999902,508300000.0,1868900000.0,-408400000.0,1772100000.0,472350000.0,134400000.0,266750000.0,73.45324933687003,28.120215480578395,75.27643889991494,1.225269144830388,3.2005444646098,1.195593220338983,0.0263946193409823,0.0823609960860464,1990-03-30,,bmo,,2025-04-25,1990-03-31,,7.31968253968254,1068391.126984127
1989-12-31,GLW,USD,24741,1989-12-31,1989-12-30 19:00:00,1989,Q4,610900000.0,0.0,610900000.0,1.0,0,0.0,0.0,0.0,-2256700000.0,-2256700000.0,-2256700000.0,0.0,0.0,0.0,-1645800000.0,-2.6940579473,-1645800000.0,-2.6940579473,1645800000.0,0.0,0.0,0.0,0.0,0.0,0.0,0.0,565870871,570384384,,,1.079574919487241,0.0,,,0.6234637937389076,3.16079178424436,2.898010984559055,3.0798545910662365,1.1750030511819718,4057294145.07,4369394145.07,0.0,6.641502938402358,0.0,0.0,2.328031985924948,2.328031985924948,7.152388517056801,-2.654875528660833,0.0,0.0,0.0,,0.3815125086068395,0.197845686910465,-0.1896342204399076,1.714516129032258,0.0,0.0,0.0104602510460251,0.0,0.0,0.0,0.0442467343113041,0.0,,0.0,,0.0,,0.0,-1.344387984940119,487300000.0,1639900000.0,-402800000.0,1796600000.0,,,,66.64920608937632,0.0,0.0,1.3503536693191869,0.0,0.0,0.0,,1989-12-30,,bmo,,2025-04-25,1989-12-31,,,
1989-09-30,GLW,USD,24741,1989-09-30,1989-09-29 20:00:00,1989,Q3,715000000.0,0.0,715000000.0,1.0,0,0.0,0.0,0.0,0.0,0.0,0.0,0.0,0.0,0.0,715000000.0,1.0,715000000.0,1.0,-715000000.0,0.0,0.0,0.0,0.0,0.0,0.0217,0.0217,570384384,570384384,,,1.2535406298921394,0.0,,,,,,,,3804463841.28,,0.0,5.320928449342657,0.0,0.0,0.0,0.0,,,0.0,0.0,0.0,,0.0,0.0,,0.0,0.0,0.0,0.0049975007496251,0.0,0.0,0.0,0.0,0.0,,0.0,,,0.0,0.0,,,,,,,,,,0.0,0.0,0.0,0.0,0.0,0.0,,1989-09-29,,bmo,,2025-04-25,1989-09-30,,,
1989-06-30,GLW,USD,24741,1989-06-30,1989-06-29 20:00:00,1989,Q2,579800000.0,0.0,579800000.0,1.0,0,0.0,0.0,0.0,0.0,0.0,0.0,0.0,0.0,0.0,579800000.0,1.0,579800000.0,1.0,-579800000.0,0.0,0.0,0.0,0.0,0.0,0.0217,0.0217,533681682,533681682,,,1.0864154037050122,0.0,,,,,,,,3314163245.22,,0.0,5.716045610934804,0.0,0.0,0.0,0.0,,,0.0,0.0,0.0,,0.0,0.0,,0.0,0.0,0.0,0.0053676859903381,0.0,0.0,0.0,0.0,0.0,,0.0,,,0.0,0.0,,,,,,,,,,0.0,0.0,0.0,0.0,0.0,0.0,,1989-06-29,,bmo,,2025-04-25,1989-06-30,,,
1989-03-31,GLW,USD,24741,1989-03-31,1989-03-30 19:00:00,1989,Q1,533500000.0,0.0,533500000.0,1.0,0,0.0,0.0,0.0,0.0,0.0,0.0,0.0,0.0,0.0,533500000.0,1.0,533500000.0,1.0,-533500000.0,0.0,0.0,0.0,0.0,0.0,0.0133,0.0133,546786787,546786787,,,0.975700241271558,0.0,,,,,,,,3100281082.29,,0.0,5.811211025848173,0.0,0.0,0.0,0.0,,,0.0,0.0,0.0,,0.0,0.0,,0.0,0.0,0.0,0.0058788941798941,0.0,0.0,0.0,0.0,0.0,,0.0,,,0.0,0.0,,,,,,,,,,0.0,0.0,0.0,0.0,0.0,0.0,,1989-03-30,,bmo,,2025-04-25,1989-03-31,,,
1988-12-31,GLW,USD,24741,1988-12-31,1988-12-30 19:00:00,1988,Q4,543000000.0,0.0,543000000.0,1.0,0,0.0,0.0,0.0,-1931500000.0,-1931500000.0,-1931500000.0,0.0,0.0,0.0,-1388500000.0,-2.5570902394,-1388500000.0,-2.5570902394,1388500000.0,0.0,0.0,0.0,0.0,0.0,0.0,0.0,533681682,546786787,,,1.0174604418968984,0.0,,,0.2932459652980931,2.9244024155957447,2.9244024155957447,2.9244024155957447,0.969679150426602,3084680121.96,3445680121.96,0.0,5.680810537679558,0.0,0.0,1.976472173998847,1.976472173998847,6.345635583720074,-2.4815845314800145,0.0,0.0,0.0,,0.3315819824437752,0.1785775906691052,-0.2599927979834354,1.8277963436209947,0.0,0.0,0.0057670121107266,0.0,0.0,0.0,0.0,0.0,,0.0,,0.0,,0.0,-1.415778404026241,421100000.0,1560700000.0,-407400000.0,1412600000.0,,,,65.8839779005525,0.0,0.0,1.3660377358490563,0.0,0.0,0.0,,1988-12-30,,bmo,,2025-04-25,1988-12-31,,,
1988-09-30,GLW,USD,24741,1988-09-30,1988-09-29 20:00:00,1988,Q3,625400000.0,0.0,625400000.0,1.0,0,0.0,0.0,0.0,0.0,0.0,0.0,0.0,0.0,0.0,625400000.0,1.0,625400000.0,1.0,-625400000.0,0.0,0.0,0.0,0.0,0.0,0.0192,0.0192,546786787,546786787,,,1.14377306633783,0.0,,,,,,,,2755805406.48,,0.0,4.406468510521266,0.0,0.0,0.0,0.0,,,0.0,0.0,0.0,,0.0,0.0,,0.0,0.0,0.0,0.0061177242063492,0.0,0.0,0.0,0.0,0.0,,0.0,,,0.0,0.0,,,,,,,,,,0.0,0.0,0.0,0.0,0.0,0.0,,1988-09-29,,bmo,,2025-04-25,1988-09-30,,,
1988-06-30,GLW,USD,24741,1988-06-30,1988-06-29 20:00:00,1988,Q2,499800000.0,0.0,499800000.0,1.0,0,0.0,0.0,0.0,0.0,0.0,0.0,0.0,0.0,0.0,499800000.0,1.0,499800000.0,1.0,-499800000.0,0.0,0.0,0.0,0.0,0.0,0.0125,0.0125,541081081,541081081,,,0.9237062938447111,0.0,,,,,,,,2602599999.61,,0.0,5.2072829123849536,0.0,0.0,0.0,0.0,,,0.0,0.0,0.0,,0.0,0.0,,0.0,0.0,0.0,0.0064102557172557,0.0,0.0,0.0,0.0,0.0,,0.0,,,0.0,0.0,,,,,,,,,,0.0,0.0,0.0,0.0,0.0,0.0,,1988-06-29,,bmo,,2025-04-25,1988-06-30,,,
1988-03-31,GLW,USD,24741,1988-03-31,1988-03-30 19:00:00,1988,Q1,453300000.0,0.0,453300000.0,1.0,0,0.0,0.0,0.0,0.0,0.0,0.0,0.0,0.0,0.0,453300000.0,1.0,453300000.0,1.0,-453300000.0,0.0,0.0,0.0,0.0,0.0,0.0058,0.0058,552840841,552840841,,,0.8199466580291958,0.0,,,,,,,,2349573574.25,,0.0,5.183264006728436,0.0,0.0,0.0,0.0,,,0.0,0.0,0.0,,0.0,0.0,,0.0,0.0,0.0,0.0072549011764705,0.0,0.0,0.0,0.0,0.0,,0.0,,,0.0,0.0,,,,,,,,,,0.0,0.0,0.0,0.0,0.0,0.0,,1988-03-30,,bmo,,2025-04-25,1988-03-31,,,
1987-12-31,GLW,USD,24741,1987-12-31,1987-12-30 19:00:00,1987,Q4,539500000.0,0.0,539500000.0,1.0,0,0.0,0.0,0.0,-1936600000.0,-1936600000.0,-1936600000.0,0.0,0.0,0.0,-1397100000.0,-2.5896200185,-1397100000.0,-2.5896200185,1397100000.0,0.0,0.0,0.0,0.0,0.0,0.0,0.0,541081081,557237237,,,0.9970779222273344,0.0,,,0.472017982088714,2.8382067936320987,2.8382067936320987,2.8382067936320987,0.8128171829389836,2110216215.9,2294616215.9,0.0,3.911429501204819,0.0,0.0,1.3741070625122094,1.3741070625122094,4.253227462279888,-1.642413725502827,0.0,0.0,0.0,,0.2863840593865989,0.1654191898296159,-0.1319876887839095,2.007293186080433,0.0,0.0,0.007905982051282,0.0,0.0,0.0,0.0,0.0,,0.0,,0.0,,0.0,-0.8935814187153219,483400000.0,1535700000.0,-159700000.0,1393100000.0,,,,60.8563484708063,0.0,0.0,1.4788925438596492,0.0,0.0,0.0,,1987-12-30,,bmo,,2025-04-25,1987-12-31,,,
1987-09-30,GLW,USD,24741,1987-09-30,1987-09-29 20:00:00,1987,Q3,610100000.0,0.0,610100000.0,1.0,0,0.0,0.0,0.0,0.0,0.0,0.0,0.0,0.0,0.0,610100000.0,1.0,610100000.0,1.0,-610100000.0,0.0,0.0,0.0,0.0,0.0,0.0075,0.0075,557237237,557237237,,,1.0948658120634531,0.0,,,,,,,,3309989187.78,,0.0,5.425322386133421,0.0,0.0,0.0,0.0,,,0.0,0.0,0.0,,0.0,0.0,,0.0,0.0,0.0,0.0049102121212121,0.0,0.0,0.0,0.0,0.0,,0.0,,,0.0,0.0,,,,,,,,,,0.0,0.0,0.0,0.0,0.0,0.0,,1987-09-29,,bmo,,2025-04-25,1987-09-30,,,
1987-06-30,GLW,USD,24741,1987-06-30,1987-06-29 20:00:00,1987,Q2,491300000.0,0.0,491300000.0,1.0,0,0.0,0.0,0.0,0.0,0.0,0.0,0.0,0.0,0.0,491300000.0,1.0,491300000.0,1.0,-491300000.0,0.0,0.0,0.0,0.0,0.0,0.0083,0.0083,557285285,557285285,,,0.8815951420644454,0.0,,,,,,,,2970330569.05,,0.0,6.045859086199878,0.0,0.0,0.0,0.0,,,0.0,0.0,0.0,,0.0,0.0,,0.0,0.0,0.0,0.0054721688555347,0.0,0.0,0.0,0.0,0.0,,0.0,,,0.0,0.0,,,,,,,,,,0.0,0.0,0.0,0.0,0.0,0.0,,1987-06-29,,bmo,,2025-04-25,1987-06-30,,,
1987-03-31,GLW,USD,24741,1987-03-31,1987-03-30 19:00:00,1987,Q1,442800000.0,0.0,442800000.0,1.0,0,0.0,0.0,0.0,0.0,0.0,0.0,0.0,0.0,0.0,442800000.0,1.0,442800000.0,1.0,-442800000.0,0.0,0.0,0.0,0.0,0.0,0.0042,0.0042,534906907,534906907,,,0.8278075945652352,0.0,,,,,,,,2765468709.19,,0.0,6.245412622380307,0.0,0.0,0.0,0.0,,,0.0,0.0,0.0,,0.0,0.0,,0.0,0.0,0.0,0.0056415203094777,0.0,0.0,0.0,0.0,0.0,,0.0,,,0.0,0.0,,,,,,,,,,0.0,0.0,0.0,0.0,0.0,0.0,,1987-03-30,,bmo,,2025-04-25,1987-03-31,,,
1986-12-31,GLW,USD,24741,1986-12-31,1986-12-30 19:00:00,1986,Q4,436800000.0,0.0,436800000.0,1.0,0,0.0,0.0,0.0,-1688600000.0,-1688600000.0,-1688600000.0,0.0,0.0,0.0,-1251800000.0,-2.8658424908,-1251800000.0,-2.8658424908,1251800000.0,0.0,0.0,0.0,0.0,0.0,0.0,0.0,518726727,518762763,,,0.8420618743248215,0.0,,,0.3383284316483658,2.6073458906234457,2.6073458906234457,2.6073458906234457,0.6824402552907207,2370581142.3900003,2549081142.3900003,0.0,5.427154630013737,0.0,0.0,1.752740216184843,1.752740216184843,5.835808476167583,-2.036332594975236,0.0,0.0,0.0,,0.2617375231053604,0.1499491697729583,-0.1425946636842946,1.7705761316872428,0.0,0.0,0.0063822013129102,0.0,0.0,0.0,0.0,0.0,,0.0,,0.0,,0.0,-0.9386445206244404,374500000.0,1352500000.0,-147800000.0,1193500000.0,,,,65.27472527472528,0.0,0.0,1.378787878787879,0.0,0.0,0.0,,1986-12-30,,bmo,,2025-04-25,1986-12-31,,,
1986-09-30,GLW,USD,24741,1986-09-30,1986-09-29 20:00:00,1986,Q3,549000000.0,0.0,549000000.0,1.0,0,0.0,0.0,0.0,0.0,0.0,0.0,0.0,0.0,0.0,549000000.0,1.0,549000000.0,1.0,-549000000.0,0.0,0.0,0.0,0.0,0.0,0.0075,0.0075,518762763,518762763,,,1.0582872155764194,0.0,,,,,,,,2075051052.0,,0.0,3.779692262295082,0.0,0.0,0.0,0.0,,,0.0,0.0,0.0,,0.0,0.0,,0.0,0.0,0.0,0.00729175,0.0,0.0,0.0,0.0,0.0,,0.0,,,0.0,0.0,,,,,,,,,,0.0,0.0,0.0,0.0,0.0,0.0,,1986-09-29,,bmo,,2025-04-25,1986-09-30,,,
1986-06-30,GLW,USD,24741,1986-06-30,1986-06-29 20:00:00,1986,Q2,448000000.0,0.0,448000000.0,1.0,0,0.0,0.0,0.0,0.0,0.0,0.0,0.0,0.0,0.0,448000000.0,1.0,448000000.0,1.0,-448000000.0,0.0,0.0,0.0,0.0,0.0,0.0083,0.0083,518762763,518762763,,,0.8635932105250199,0.0,,,,,,,,3148889971.4100003,,0.0,7.028772257611608,0.0,0.0,0.0,0.0,,,0.0,0.0,0.0,,0.0,0.0,,0.0,0.0,0.0,0.0048051070840197,0.0,0.0,0.0,0.0,0.0,,0.0,,,0.0,0.0,,,,,,,,,,0.0,0.0,0.0,0.0,0.0,0.0,,1986-06-29,,bmo,,2025-04-25,1986-06-30,,,
1986-03-31,GLW,USD,24741,1986-03-31,1986-03-30 19:00:00,1986,Q1,422500000.0,0.0,422500000.0,1.0,0,0.0,0.0,0.0,0.0,0.0,0.0,0.0,0.0,0.0,422500000.0,1.0,422500000.0,1.0,-422500000.0,0.0,0.0,0.0,0.0,0.0,0.0058,0.0058,514558559,514558559,,,0.8210921626123413,0.0,,,,,,,,3241718921.7,,0.0,7.672707506982248,0.0,0.0,0.0,0.0,,,0.0,0.0,0.0,,0.0,0.0,,0.0,0.0,0.0,0.0046296825396825,0.0,0.0,0.0,0.0,0.0,,0.0,,,0.0,0.0,,,,,,,,,,0.0,0.0,0.0,0.0,0.0,0.0,,1986-03-30,,bmo,,2025-04-25,1986-03-31,,,
1985-12-31,GLW,USD,24741,1985-12-31,1985-12-30 19:00:00,1985,Q4,398100000.0,0.0,398100000.0,1.0,0,0.0,0.0,0.0,-1553600000.0,-1553600000.0,-1553600000.0,0.0,0.0,0.0,-1155500000.0,-2.902537051,-1155500000.0,-2.902537051,1155500000.0,0.0,0.0,0.0,0.0,0.0,0.0,0.0,513105105,513105105,,,0.7758644303490217,0.0,,,0.2176941895754477,2.3106377006325047,2.2806243566802946,2.3106377006325047,0.7119399055676907,2642491290.75,2896091290.75,0.0,6.63775757535795,0.0,0.0,2.2288219388917008,2.2288219388917008,7.274783448254207,-2.5063533455214198,0.0,0.0,0.0,,0.3081140350877193,0.1797382405038378,-0.2194720900043271,1.7734199350487134,0.0,0.0,0.005663495145631,0.0,0.0,0.0,0.0075772485731155,0.0,,0.0,,0.0,,0.0,-0.8347217671903693,309600000.0,1170200000.0,-136900000.0,1033600000.0,,,,62.170308967596085,0.0,0.0,1.4476363636363636,0.0,0.0,0.0,,1985-12-30,,bmo,,2025-04-25,1985-12-31,,,
1985-09-30,GLW,USD,24741,1985-09-30,1985-09-29 20:00:00,1985,Q3,474500000.0,0.0,474500000.0,1.0,0,0.0,0.0,0.0,0.0,0.0,0.0,0.0,0.0,0.0,474500000.0,1.0,474500000.0,1.0,-474500000.0,0.0,0.0,0.0,0.0,0.0,0.0017,0.0017,513105105,513105105,,,0.9247617990470004,0.0,,,,,,,,1965192552.15,,0.0,4.14160706459431,0.0,0.0,0.0,0.0,,,0.0,0.0,0.0,,0.0,0.0,,0.0,0.0,0.0,0.0069626631853785,0.0,0.0,0.0,0.0,0.0,,0.0,,,0.0,0.0,,,,,,,,,,0.0,0.0,0.0,0.0,0.0,0.0,,1985-09-29,,bmo,,2025-04-25,1985-09-30,,,
