date,symbol,reportedCurrency,cik,fillingDate,acceptedDate,calendarYear,period,revenue,costOfRevenue,grossProfit,grossProfitRatio,researchAndDevelopmentExpenses,generalAndAdministrativeExpenses,sellingAndMarketingExpenses,sellingGeneralAndAdministrativeExpenses,otherExpenses,operatingExpenses,costAndExpenses,interestIncome,interestExpense,depreciationAndAmortization,ebitda,ebitdaratio,operatingIncome,operatingIncomeRatio,totalOtherIncomeExpensesNet,incomeBeforeTax,incomeBeforeTaxRatio,incomeTaxExpense,netIncome,netIncomeRatio,eps,epsdiluted,weightedAverageShsOut,weightedAverageShsOutDil,link,finalLink,revenuePerShare,netIncomePerShare,operatingCashFlowPerShare,freeCashFlowPerShare,cashPerShare,bookValuePerShare,tangibleBookValuePerShare,shareholdersEquityPerShare,interestDebtPerShare,marketCap,enterpriseValue,peRatio,priceToSalesRatio,pocfratio,pfcfRatio,pbRatio,ptbRatio,evToSales,enterpriseValueOverEBITDA,evToOperatingCashFlow,evToFreeCashFlow,earningsYield,freeCashFlowYield,debtToEquity,debtToAssets,netDebtToEBITDA,currentRatio,interestCoverage,incomeQuality,dividendYield,payoutRatio,salesGeneralAndAdministrativeToRevenue,researchAndDdevelopementToRevenue,intangiblesToTotalAssets,capexToOperatingCashFlow,capexToRevenue,capexToDepreciation,stockBasedCompensationToRevenue,grahamNumber,roic,returnOnTangibleAssets,grahamNetNet,workingCapital,tangibleAssetValue,netCurrentAssetValue,investedCapital,averageReceivables,averagePayables,averageInventory,daysSalesOutstanding,daysPayablesOutstanding,daysOfInventoryOnHand,receivablesTurnover,payablesTurnover,inventoryTurnover,roe,capexPerShare,report_date,epsEstimated,time,revenueEstimated,updatedFromDate,fiscalDateEnding,surprise(%),QuarterAvgPrice,QuarterAvgVolume
2025-03-31,GM,USD,1467858,2025-05-01,2025-05-01 16:13:34,2025,Q1,44020000000.0,38682000000.0,5338000000.0,0.1212630622,0,0.0,0.0,1985000000.0,0.0,1985000000.0,40668000000.0,0.0,152000000.0,2934000000.0,6659000000.0,0.151272149,3352000000.0,0.0761472058,220000000.0,3572000000.0,0.0811449341,719000000.0,2784000000.0,0.06324398,3.4,3.35,988000000,1002000000,https://www.sec.gov/Archives/edgar/data/1467858/000146785825000096/0001467858-25-000096-index.htm,https://www.sec.gov/Archives/edgar/data/1467858/000146785825000096/gm-20250331.htm,44.55465587044535,2.817813765182186,6.134615384615385,0.0334008097165991,27.822874493927124,67.2327935222672,62.6578947368421,65.15384615384616,134.44331983805668,46465640000.0,158573640000.0,4.172561063218391,1.0555574738755111,7.666332288401254,1408.049696969697,0.7218299881936245,0.7218299881936245,3.602308950477056,23.813431446163086,26.162950008249464,4805.261818181818,0.0599152405949858,0.0007102022053284,2.0611135276207047,0.4703159118622919,16.835560895029285,1.2122274014567975,22.05263157894737,2.1244304241149665,0.0037662238161359,0.0628591954022988,0.0,0.0,0.0160224598020588,0.9945553539019965,0.1369377555656519,2.05453306066803,0.0,64.27135133404757,0.0139909662238822,0.0100293965070032,-137.62424089068827,19259000000.0,61906000000.0,-105672000000.0,108146000000.0,36140000000.0,26314000000.0,14908500000.0,121.55315765561107,62.69892973476036,35.4885993485342,0.7404167998250719,1.4354312008312304,2.5360256998623223,0.0432486174112968,6.101214574898785,2025-04-29,2.68,bmo,43233587048.0,2025-05-11,2025-03-31,0.0373134328358207,49.28333333333333,13578326.633333333
2024-12-31,GM,USD,1467858,2025-01-28,2025-01-28 15:40:05,2024,Q4,47702000000.0,42851000000.0,4851000000.0,0.1016938493,0,0.0,0.0,3329000000.0,0.0,3329000000.0,46180000000.0,211000000.0,215000000.0,3233000000.0,891000000.0,0.0186784621,1522000000.0,0.031906419,-4078000000.0,-2556000000.0,-0.053582659,318000000.0,-2961000000.0,-0.0620728691,-1.55,-1.53,1115500000,1130000000,https://www.sec.gov/Archives/edgar/data/1467858/000146785825000032/0001467858-25-000032-index.htm,https://www.sec.gov/Archives/edgar/data/1467858/000146785825000032/gm-20241231.htm,42.76288659793814,-2.6544150605109817,3.711340206185567,-2.805020170327208,24.32720753025549,58.7987449574182,54.71985656656208,56.54146122814881,117.35365307037203,59422685000.0,170243685000.0,-5.017112884160756,1.2457063645130184,14.353305555555556,-18.990950782997764,0.942140490233384,0.942140490233384,3.568900360571884,191.07035353535355,41.12166304347826,-54.40833652924257,-0.0498294548622298,-0.0526566579749804,2.0721239218670724,0.467159468260408,124.37822671156005,1.127564535397081,7.079069767441861,-1.440501043841336,0.0021372309245198,-0.0428909152313407,0.0,0.0,0.0162638823853217,1.7557971014492753,0.1523835478596285,2.2483761212496134,0.0,,0.0093263984365421,-0.0107590176264756,-152.51613626176604,12280000000.0,61040000000.0,-105626000000.0,100320000000.0,35531000000.0,27654500000.0,15944500000.0,24.200872080835182,53.93573078807962,30.58878439242958,3.718874249629687,1.6686526479750778,2.942254875034332,-0.0469463470319634,6.516360376512774,2025-01-28,1.75,bmo,44982066766.0,2025-04-28,2024-12-31,0.0971428571428571,52.37296875,12057924.390625
2024-09-30,GM,USD,1467858,2024-10-22,2024-10-22 16:02:11,2024,Q3,48756000000.0,42360000000.0,6396000000.0,0.1311838543,0,0.0,0.0,2745000000.0,0.0,2745000000.0,45105000000.0,394000000.0,206000000.0,2872000000.0,6795000000.0,0.1393674625,3651000000.0,0.0748830913,66000000.0,3717000000.0,0.0762367709,709000000.0,3056000000.0,0.0626794651,2.71,2.68,1116000000,1131000000,https://www.sec.gov/Archives/edgar/data/1467858/000146785824000117/0001467858-24-000117-index.htm,https://www.sec.gov/Archives/edgar/data/1467858/000146785824000117/gm-20240930.htm,43.68817204301075,2.738351254480287,6.147849462365591,0.7724014336917563,28.871863799283155,66.45340501792114,62.20161290322581,63.56182795698925,114.74641577060932,50041440000.0,154148440000.0,4.093704188481675,1.0263647551070638,7.29360734586795,58.05271461716937,0.7054548530344682,0.7054548530344682,3.1616301583394866,22.68556880058867,22.46734295292232,178.8264965197216,0.0610693856931375,0.0172257233205119,1.8023683654049485,0.4419490544058018,15.32111846946284,1.2090443417868704,17.723300970873787,2.2450916230366493,0.0038368200435479,0.06282722513089,0.0,0.0,0.0164022828382689,0.8743623378516251,0.1230412667158913,2.0887883008356547,0.0,62.57977912049017,0.0128467101971688,0.0107399910031488,-116.99574372759857,19956000000.0,69417000000.0,-99708000000.0,107162000000.0,57212000000.0,29195500000.0,17465000000.0,107.49753876445976,62.95113314447592,36.80949008498583,0.8372284708508629,1.42968038070809,2.445021645021645,0.0430816945090575,5.375448028673835,2024-10-22,2.43,bmo,44670715458.0,2025-04-25,2024-09-30,0.2181069958847735,46.34546875,13713390.953125
2024-06-30,GM,USD,1467858,2024-07-23,2024-07-23 15:23:42,2024,Q2,47969000000.0,41724000000.0,6245000000.0,0.1301882466,0,0.0,0.0,2372000000.0,3109000000.0,2372000000.0,44096000000.0,60000000.0,206000000.0,3486000000.0,7335000000.0,0.1529112552,3873000000.0,0.0807396444,-230000000.0,3643000000.0,0.0759448811,767000000.0,2933000000.0,0.0611436553,2.57,2.54,1136000000,1147000000,https://www.sec.gov/Archives/edgar/data/1467858/000146785824000102/0001467858-24-000102-index.htm,https://www.sec.gov/Archives/edgar/data/1467858/000146785824000102/gm-20240630.htm,42.2262323943662,2.5818661971830985,5.259683098591549,-0.5695422535211268,29.472711267605632,63.2931338028169,59.08714788732394,60.416373239436616,111.4806338028169,53028480000.0,154296480000.0,4.519986362086601,1.1054739519272865,8.875059414225943,-81.96055641421947,0.772638235251264,0.772638235251264,3.216587379349163,21.03564826175869,25.823678661087865,-238.47987635239568,0.0553099013963817,-0.0122009908637773,1.842204187489983,0.4468397913456509,13.806134969325154,1.1751308159349014,18.800970873786408,2.036468984321745,0.0025646595942406,0.0463689055574497,0.0,0.0,0.016886017614046,1.1082845188284518,0.1380474890033146,1.8995983935742973,0.0036273426588004,59.242782818029625,0.0135476187552242,0.0105436087684863,-111.46985035211269,16701000000.0,67123000000.0,-98991000000.0,102969000000.0,55822500000.0,29077500000.0,17569000000.0,105.42246033896892,62.04055220017256,37.97454702329595,0.8537080211429283,1.4506640706487728,2.370008520306731,0.0427345446068217,5.829225352112676,2024-07-23,2.75,bmo,45406416865.0,2025-04-25,2024-06-30,0.1127272727272727,45.14698412698412,13939592.523809524
2024-03-31,GM,USD,1467858,2024-04-23,2024-04-23 15:03:48,2024,Q1,43014000000.0,37102000000.0,5912000000.0,0.137443623,0,0.0,0.0,2175000000.0,3106000000.0,2175000000.0,39277000000.0,302000000.0,219000000.0,2798000000.0,6732000000.0,0.1565071837,3737000000.0,0.0868786907,-23000000.0,3715000000.0,0.0863672293,762000000.0,2980000000.0,0.0692797694,2.57,2.56,1155000000,1162000000,https://www.sec.gov/Archives/edgar/data/1467858/000146785824000076/0001467858-24-000076-index.htm,https://www.sec.gov/Archives/edgar/data/1467858/000146785824000076/gm-20240331.htm,37.24155844155844,2.58008658008658,2.72987012987013,-2.6545454545454548,24.883116883116884,61.127272727272725,56.95151515151515,57.660606060606064,106.02251082251082,52437000000.0,153779000000.0,4.399077181208053,1.2190682103501185,16.630827783063747,-17.102739726027398,0.7873659869665756,0.7873659869665756,3.5750918305667923,22.84298871063577,48.77228036790358,-50.156229615133725,0.0568301008829643,-0.0584701641970364,1.8354455088741404,0.4419413502247,15.05377302436126,1.1600945770726871,17.06392694063927,1.0580536912751677,0.0037759597230962,0.0664429530201342,0.0,0.0,0.0174372991167463,1.972407231208373,0.1445808341470218,2.222659042172981,0.0,57.85594617387347,0.0134539040861285,0.0109652350534279,-109.86190476190475,14693000000.0,65779000000.0,-99519000000.0,101045000000.0,53455000000.0,28753500000.0,16997000000.0,116.03291951457663,71.29992992291521,42.53059134278476,0.7756419503750721,1.2622733303847855,2.1161238806821423,0.0447460884711252,5.384415584415584,2024-04-23,2.15,bmo,41094156454.0,2025-04-25,2024-03-31,0.2186046511627908,38.75262295081967,18506936.80327869
2023-12-31,GM,USD,1467858,2024-01-30,2024-01-30 15:40:20,2023,Q4,42979000000.0,39670000000.0,3309000000.0,0.0769910887,9900000000,-1209000000.0,3600000000.0,2391000000.0,8442000000.0,2391000000.0,42061000000.0,86000000.0,0.0,2999000000.0,4357000000.0,0.1013750902,918000000.0,0.0213592685,218000000.0,1136000000.0,0.0264315131,-858000000.0,2101000000.0,0.0488843389,1.59,1.59,1302000000,1307000000,https://www.sec.gov/Archives/edgar/data/1467858/000146785824000031/0001467858-24-000031-index.htm,https://www.sec.gov/Archives/edgar/data/1467858/000146785824000031/gm-20231231.htm,33.0099846390169,1.6136712749615976,2.808755760368664,-2.643625192012289,20.327188940092167,52.46313364055299,48.745007680491554,49.374807987711215,94.19969278033794,46767840000.0,150562840000.0,5.564950023798192,1.088155610879732,12.788580803937654,-13.587402672864611,0.7274965000155555,0.7274965000155555,3.5031722469112823,34.55653890291485,41.17113480995352,-43.74283556072052,0.044924033267305,-0.0735975832965559,1.9078492984475623,0.4491547769021182,23.82258434702777,1.0759489650060885,0.0,1.8340020060180544,0.0022237503378389,0.0495002379819133,-0.0281300169850392,0.2303450522348123,0.0177284446137169,1.941208640962537,0.1651736894762558,2.253650793650793,0.0061425347262616,42.340063303230494,0.0073876101668812,0.0078330344526755,-100.97542242703533,7173000000.0,63466000000.0,-103139000000.0,92917000000.0,50800500000.0,29250500000.0,17100500000.0,107.7470392517276,63.78270733551802,37.34534913032518,0.8352897733898239,1.4110407626093762,2.409938642852804,0.0326820769685468,5.4523809523809526,2024-01-30,1.16,bmo,35812800000.0,2025-04-25,2023-12-31,0.0689655172413793,30.925873015873016,20086671.063492063
2023-09-30,GM,USD,1467858,2023-10-24,2023-10-24 15:39:59,2023,Q3,44131000000.0,35842000000.0,8289000000.0,0.187827151,0,0.0,0.0,2344000000.0,2932000000.0,5276000000.0,41118000000.0,453000000.0,2933000000.0,2992000000.0,6684000000.0,0.1514581587,3013000000.0,0.0682740024,451000000.0,3464000000.0,0.0784935759,470000000.0,3064000000.0,0.0694296526,2.21,2.2,1372000000,1378000000,https://www.sec.gov/Archives/edgar/data/1467858/000146785823000107/0001467858-23-000107-index.htm,https://www.sec.gov/Archives/edgar/data/1467858/000146785823000107/gm-20230930.htm,32.16545189504373,2.2332361516034984,4.807580174927113,0.4387755102040816,25.41909620991253,57.38119533527697,53.80466472303207,54.28206997084549,88.7798833819242,45234840000.0,138883840000.0,3.69083224543081,1.0250128027916885,6.857919951485749,75.14093023255813,0.6073828801611278,0.6073828801611278,3.147081190093132,20.778551765409933,21.055767131594905,230.7040531561462,0.0677354004126023,0.0133083260601783,1.5961463578382007,0.4219768907190145,14.010921603830042,1.1435757074984507,1.0272758267984998,2.2038088874039423,0.0040234474135423,0.0593994778067885,0.0,0.0,0.0174189311513817,0.9087325651910249,0.1358228909383426,2.003342245989305,0.0045093018513063,52.226002369147146,0.0116499383246596,0.0110694441433825,-88.64631924198251,13901000000.0,73820000000.0,-92257000000.0,99268000000.0,49327500000.0,30093500000.0,17826000000.0,102.26892660488092,76.30238267953797,44.54550527314324,0.880032703850679,1.1795175568499687,2.020405862457723,0.0411413225914736,4.368804664723032,2023-10-24,1.88,bmo,43677300000.0,2025-04-25,2023-09-30,0.2127659574468084,35.530793650793655,12593244.904761905
2023-06-30,GM,USD,1467858,2023-07-25,2023-07-25 16:15:52,2023,Q2,44747000000.0,39400000000.0,5347000000.0,0.1194940443,0,0.0,0.0,2558000000.0,2768000000.0,2558000000.0,41958000000.0,358000000.0,226000000.0,2936000000.0,6190000000.0,0.1383332961,2789000000.0,0.0623282008,240000000.0,3029000000.0,0.0676916888,522000000.0,2566000000.0,0.0573446265,1.83,1.83,1385000000,1389000000,https://www.sec.gov/Archives/edgar/data/1467858/000146785823000098/0001467858-23-000098-index.htm,https://www.sec.gov/Archives/edgar/data/1467858/000146785823000098/gm-20230630.htm,32.30830324909747,1.8527075812274367,5.48086642599278,1.1978339350180505,23.55956678700361,54.853429602888085,51.27942238267148,51.73646209386282,85.39277978339351,53405600000.0,148374600000.0,5.20319563522993,1.1935012403066128,7.035384007377158,32.19144062688366,0.7453157490754309,0.7453157490754309,3.3158558115627863,23.97004846526656,19.546120405743643,89.43616636528029,0.0480473957787198,0.0310641580658208,1.6473798060149327,0.4279509703334989,15.34232633279483,1.151923035440799,12.34070796460177,3.02792181890706,0.0023593031442395,0.049103663289166,0.0,0.0,0.0179456410219226,0.7814517191410881,0.1325675464276934,2.021813224267212,0.0038885288399222,46.44009097548879,0.010502905979441,0.0094727243865432,-88.0101083032491,14086000000.0,71022000000.0,-93057000000.0,98537000000.0,47246500000.0,29365500000.0,17835000000.0,97.5645294656625,68.07106598984771,40.91573604060913,0.9224663972952916,1.3221476510067114,2.199642697632872,0.0358104807759402,4.283032490974729,2023-07-25,1.85,bmo,42643100000.0,2025-04-25,2023-06-30,0.0324324324324323,34.58387096774193,13983966.822580645
2023-03-31,GM,USD,1467858,2023-04-25,2023-04-25 14:54:45,2023,Q1,39985000000.0,34859000000.0,5126000000.0,0.1281980743,0,0.0,0.0,2547000000.0,1000000.0,2548000000.0,37407000000.0,409000000.0,234000000.0,2812000000.0,5821000000.0,0.1455795923,2578000000.0,0.0644741778,197000000.0,2775000000.0,0.0694010254,428000000.0,2395000000.0,0.0598974615,1.7,1.69,1396000000,1402000000,https://www.sec.gov/Archives/edgar/data/1467858/000146785823000075/0001467858-23-000075-index.htm,https://www.sec.gov/Archives/edgar/data/1467858/000146785823000075/gm-20230331.htm,28.64255014326648,1.7156160458452725,2.210601719197708,-1.7901146131805157,20.206303724928368,53.174785100286535,49.61604584527221,50.05515759312321,82.1310888252149,51205280000.0,147399280000.0,5.34501878914405,1.2806122295860949,16.592767336357745,-20.4903081232493,0.7327916195600841,0.7327916195600841,3.686364386644992,25.321985913073355,47.76386260531432,-58.98330532212885,0.0467725203338405,-0.0488035608827839,1.6374629706484252,0.4285366511363125,16.525339288781996,1.095880689693408,11.017094017094015,1.3154305200341003,0.0036129086687935,0.0772442588726513,0.0,0.0,0.0186064628245269,1.8097861309138044,0.1396773790171314,1.986130867709815,0.0,43.9567652329162,0.0101968112245435,0.0091399655009235,-86.81679799426934,8647000000.0,69264000000.0,-93940000000.0,92358000000.0,46470500000.0,28208500000.0,16562000000.0,103.50506439914967,74.69491379557647,45.848131042198574,0.8695226704360117,1.2049013169264802,1.9630025903818,0.034274510926342,4.000716332378223,2023-04-25,1.73,bmo,38950100000.0,2025-04-25,2023-03-31,0.2774566473988439,37.80838709677419,15511129.758064516
2022-12-31,GM,USD,1467858,2023-01-31,2023-01-31 15:50:27,2022,Q4,43108000000.0,37105000000.0,6003000000.0,0.1392548947,9800000000,-607000000.0,4000000000.0,3393000000.0,8862000000.0,3393000000.0,40498000000.0,0.0,53000000.0,2767000000.0,5858000000.0,0.1358912499,2611000000.0,0.0605688039,-23000000.0,2588000000.0,0.0600352603,580000000.0,1999000000.0,0.0463719031,1.42,1.39,1400000000,1427338129,https://www.sec.gov/Archives/edgar/data/1467858/000146785823000029/0001467858-23-000029-index.htm,https://www.sec.gov/Archives/edgar/data/1467858/000146785823000029/gm-20221231.htm,30.79142857142857,1.427857142857143,4.017142857142857,-0.4057142857142857,22.359285714285715,51.63142857142857,48.10714285714285,48.42285714285714,82.65642857142858,47096000000.0,143609000000.0,5.8899449724862425,1.0925118307506727,8.374110953058322,-82.91549295774648,0.6947132405003541,0.6947132405003541,3.331377006588104,24.51502219187436,25.53502844950213,-252.83274647887325,0.0424452182775607,-0.0120604722269407,1.7061895208874205,0.4380673920700508,16.47541823147832,1.1017625832209097,49.264150943396224,2.802192326856004,0.0026966196704603,0.0635317658829414,-0.0140809130555813,0.2273359933191055,0.01868677495957,1.10099573257468,0.1436392316971327,2.235379061371841,0.0120395286257771,39.441992281096056,0.0095497484655814,0.0077150785594917,-83.96428571428571,9278000000.0,67350000000.0,-91302000000.0,92162000000.0,46013000000.0,27186000000.0,15866500000.0,98.03377563329312,66.66864304002156,37.27098773750168,0.9180509413067552,1.3499599796259911,2.4147468436808537,0.029487255133349,4.422857142857143,2023-01-31,1.68,bmo,39956590855.0,2025-04-25,2022-12-31,0.261904761904762,36.9568253968254,13612664.587301588
2022-09-30,GM,USD,1467858,2022-10-25,2022-10-25 14:37:08,2022,Q3,41888000000.0,36020000000.0,5868000000.0,0.1400878533,0,0.0,0.0,2477000000.0,2320000000.0,2477000000.0,38497000000.0,598000000.0,259000000.0,2774000000.0,7131000000.0,0.1702396868,3392000000.0,0.0809778457,705000000.0,4097000000.0,0.0978084416,845000000.0,3305000000.0,0.0789008785,2.28,2.27,1448000000,1457000000,https://www.sec.gov/Archives/edgar/data/1467858/000146785822000114/0001467858-22-000114-index.htm,https://www.sec.gov/Archives/edgar/data/1467858/000146785822000114/gm-20220930.htm,28.92817679558011,2.282458563535912,3.584944751381216,0.1574585635359116,20.93301104972376,48.18162983425415,44.7506906077348,45.07458563535912,77.94613259668509,46466320000.00001,138328320000.0,3.514850226928896,1.1092990832696716,8.951323444423041,203.79964912280704,0.7119311147882578,0.7119311147882578,3.302337662337662,19.39816575515356,26.64772105567328,606.7031578947368,0.0711267860248024,0.0049067797923313,1.7253018324446896,0.4322244356674305,12.882064226616183,1.142646186760927,13.096525096525095,1.596248462484625,0.0040674621962746,0.0571860816944024,0.0,0.0,0.0190688944416936,0.9560778270082836,0.1184826203208556,1.7897583844212044,0.0035809778456837,48.11257283266308,0.0128447704295954,0.0129323331807278,-81.8128453038674,12268000000.0,64799000000.0,-92491000000.0,93808000000.0,42983000000.0,26388000000.0,16613000000.0,96.83680290297936,67.1776790671849,40.89478067740144,0.9293987131129354,1.339730714870193,2.2007698417547505,0.0506373720659434,3.427486187845304,2022-10-25,1.88,bmo,42085824341.0,2025-04-25,2022-09-30,0.1968085106382979,36.701875,14738744.9375
2022-06-30,GM,USD,1467858,2022-07-26,2022-07-26 14:45:37,2022,Q2,35759000000.0,31350000000.0,4409000000.0,0.1232976314,0,0.0,0.0,2293000000.0,2089000000.0,2293000000.0,33643000000.0,295000000.0,234000000.0,2844000000.0,5210000000.0,0.1456975866,2116000000.0,0.0591739143,16000000.0,2132000000.0,0.0596213541,490000000.0,1692000000.0,0.0473167594,1.16,1.15,1458000000,1465000000,https://www.sec.gov/Archives/edgar/data/1467858/000146785822000094/0001467858-22-000094-index.htm,https://www.sec.gov/Archives/edgar/data/1467858/000146785822000094/gm-20220630.htm,24.526063100137176,1.160493827160494,2.1426611796982167,-1.5480109739369,18.40466392318244,46.896433470507546,43.45816186556928,43.86419753086419,75.87174211248285,46306080000.0,139983080000.0,6.841914893617021,1.2949489638972007,14.82268886043534,-20.516650420912715,0.7240529130312413,0.7240529130312413,3.9146251293380687,26.868153550863724,44.80892445582587,-62.021745680106335,0.036539478185154,-0.0487408996831517,1.7260374644275571,0.4354224765992024,17.980230326295587,1.1473084964356786,9.042735042735044,1.902557856272838,0.0001727634902371,0.0047281323877068,0.0,0.0,0.0197738218738782,1.72247119078105,0.1504795995413742,1.8841036414565824,0.0044184680779663,33.842915588467264,0.0078947670985173,0.006808743521231,-81.76028806584362,11696000000.0,63362000000.0,-94048000000.0,93959000000.0,40641000000.0,25565000000.0,15848500000.0,102.92905282586204,74.32535885167465,48.39904306220096,0.8743886932707355,1.2108922363847046,1.859540898036657,0.0264565156206023,3.690672153635117,2022-07-26,1.2,bmo,33185135211.0,2025-04-25,2022-06-30,-0.05,37.5141935483871,17503526.274193548
2022-03-31,GM,USD,1467858,2022-04-27,2022-04-27 06:06:18,2022,Q1,35979000000.0,31279000000.0,4700000000.0,0.1306317574,0,0.0,0.0,2504000000.0,1926000000.0,2504000000.0,33783000000.0,517000000.0,226000000.0,2891000000.0,5896000000.0,0.1638733706,3005000000.0,0.0835209428,583000000.0,2779000000.0,0.0772395008,-28000000.0,2939000000.0,0.0816865394,2.02,2.0,1458000000,1470000000,https://www.sec.gov/Archives/edgar/data/1467858/000146785822000078/0001467858-22-000078-index.htm,https://www.sec.gov/Archives/edgar/data/1467858/000146785822000078/gm-20220331.htm,24.67695473251029,2.015775034293553,1.4430727023319616,-1.7469135802469136,18.008230452674898,45.9965706447188,42.52743484224965,42.58916323731138,75.46707818930041,63772920000.0,157228920000.0,5.424712487240558,1.7725039606437087,30.31032319391635,-25.03844522968198,1.0270218214026896,1.0270218214026896,4.370019177853748,26.667048846675712,74.72857414448669,-61.731024734982334,0.0460853917305339,-0.039938582081548,1.768338835655045,0.4366142859415011,15.850746268656716,1.113619508516121,13.29646017699115,0.7495546847167794,0.001144686490755,0.0248383804014971,0.0,0.0,0.0201119717525805,2.210551330798479,0.1292698518580283,1.6087858872362504,0.0333527891269907,43.950299995194165,0.014808107750669,0.0119261140913997,-82.62311385459533,9039000000.0,62005000000.0,-95835000000.0,92386000000.0,37214500000.0,22815500000.0,13913000000.0,101.0239306261986,72.62380510885899,42.6938201349148,0.8908780270390729,1.2392630744849444,2.108033427685672,0.0473307029551493,3.189986282578875,2022-04-26,1.67,amc,36886433065.0,2025-04-25,2022-03-31,0.2514970059880239,49.92870967741936,20308166.64516129
2021-12-31,GM,USD,1467858,2022-02-02,2022-02-02 06:10:21,2021,Q4,33584000000.0,29586000000.0,3998000000.0,0.1190447832,7900000000,-822000000.0,3300000000.0,2478000000.0,2478000000.0,2478000000.0,32064000000.0,658000000.0,227000000.0,2937000000.0,5401000000.0,0.1608206289,1520000000.0,0.0452596475,717000000.0,2237000000.0,0.0666090996,471000000.0,1741000000.0,0.051840162,1.22,1.2,1452000000,1467000000,https://www.sec.gov/Archives/edgar/data/1467858/000146785822000034/0001467858-22-000034-index.htm,https://www.sec.gov/Archives/edgar/data/1467858/000146785822000034/gm-20211231.htm,23.12947658402204,1.1990358126721763,4.6893939393939394,3.9297520661157024,19.74931129476584,45.32713498622589,41.823691460055095,41.146005509641874,75.4862258953168,85130760000.0,174442760000.0,12.224405514072371,2.5348606479275846,12.502681744749596,14.91951629863302,1.4249256829137655,1.4249256829137655,5.194222248689853,32.298233660433254,25.619438977823467,30.571812127585,0.0204508922509325,0.0670263016564165,1.8307947241564009,0.4469593573010567,16.536197000555454,1.1034162993226535,6.6960352422907485,3.8556058890147225,0.0001879461665795,0.0091901206203331,-0.0244759409242496,0.2352310624106717,0.0207871917880989,0.1619914818622411,0.0328430204859456,0.3755532856656452,0.0031264888041924,33.3174056384274,0.005875438163178,0.0072653371224924,-81.40547520661157,7695000000.0,60728000000.0,-96800000000.0,91826000000.0,33613500000.0,19519500000.0,13761000000.0,91.23005002382088,62.02900020279863,39.50922733725411,0.986517051963693,1.4509342356922172,2.2779488758854325,0.0291410016068559,0.759641873278237,2022-02-01,1.19,amc,35752178391.0,2025-04-25,2021-12-31,0.1344537815126051,58.41921875,18469899.59375
2021-09-30,GM,USD,1467858,2021-10-27,2021-10-27 15:17:27,2021,Q3,26779000000.0,22986000000.0,3793000000.0,0.141640838,0,0.0,0.0,2148000000.0,2314000000.0,2148000000.0,25134000000.0,800000000.0,230000000.0,3081000000.0,5849000000.0,0.2184174166,1645000000.0,0.0614287315,893000000.0,2538000000.0,0.0947757571,152000000.0,2420000000.0,0.0903693192,1.64,1.62,1452000000,1467000000,https://www.sec.gov/Archives/edgar/data/1467858/000146785821000152/0001467858-21-000152-index.htm,https://www.sec.gov/Archives/edgar/data/1467858/000146785821000152/gm-20210930.htm,18.44283746556474,1.6666666666666667,-0.0337465564738292,-4.247245179063361,16.487603305785125,41.54338842975206,38.01308539944903,37.29338842975206,75.866391184573,76534920000.0,169097920000.0,7.906499999999999,2.85802009036932,-1561.9371428571428,-12.410397275822929,1.4133872576177289,1.4133872576177289,6.314571866014414,28.910569328090272,-3450.9779591836736,-27.419802172855523,0.0316195535319041,-0.0805775977815094,2.030064635272391,0.4608039168835959,15.825440246195932,1.0811663493210657,7.152173913043479,-0.0205364626990779,0.0009930107720763,0.0314049586776859,0.0,0.0,0.0214875270899617,-124.85714285714286,0.2284626012920572,1.9857189224277831,0.0030621008999589,37.3965515270553,0.0076777037680599,0.0103670892040902,-84.11914600550965,5840000000.0,55195000000.0,-100445000000.0,90260000000.0,32897500000.0,20039500000.0,13818000000.0,111.52619589977222,73.01487862176977,56.90681284259984,0.8069852941176471,1.2326254826254823,1.581532957203798,0.0446906740535549,4.213498622589532,2021-10-27,0.96,bmo,32859100000.0,2025-04-25,2021-09-30,0.5833333333333334,53.149375,16476359.28125
2021-06-30,GM,USD,1467858,2021-08-04,2021-08-04 15:55:33,2021,Q2,34167000000.0,29160000000.0,5007000000.0,0.1465449118,0,0.0,0.0,2125000000.0,1894000000.0,2125000000.0,31285000000.0,784000000.0,243000000.0,3014000000.0,7007000000.0,0.205080926,2882000000.0,0.0843503966,868000000.0,3750000000.0,0.1097550268,971000000.0,2836000000.0,0.0830040683,1.92,1.9,1451000000,1468000000,https://www.sec.gov/Archives/edgar/data/1467858/000146785821000142/0001467858-21-000142-index.htm,https://www.sec.gov/Archives/edgar/data/1467858/000146785821000142/gm-20210630.htm,23.54720882150241,1.954514128187457,4.935906271536871,-0.5079255685733977,20.076498966230183,39.88697450034459,36.32460372157133,35.6092350103377,77.26395589248794,85855670000.0,174802670000.0,7.568377115655854,2.5128243626891447,11.987666852834405,-116.49344640434192,1.6616476030114768,1.6616476030114768,5.116125793894693,24.946863136863136,24.406963138788047,-237.18137042062412,0.0330321806352451,-0.0085841738815852,2.1650699645822447,0.4626369399883376,12.694020265448836,1.104236008073679,11.860082304526747,2.577186038143217,0.000209654178926,0.0063469675599435,0.0,0.0,0.0213769059937221,1.102904216699246,0.2311879884098691,2.617296222664016,0.0040682529926537,39.572363345359854,0.0106160299297816,0.0119847528250378,-85.31133700895934,7798000000.0,52707000000.0,-101318000000.0,92385000000.0,33160000000.0,20938500000.0,12584000000.0,85.90130827991922,66.14506172839506,40.43827160493827,1.0477139615467177,1.3606457934767393,2.2256144100137383,0.0548878437747972,5.443831840110269,2021-08-04,2.23,bmo,30894600000.0,2025-04-25,2021-06-30,-0.116591928251121,58.77571428571429,16266759.587301588
2021-03-31,GM,USD,1467858,2021-05-05,2021-05-05 13:11:24,2021,Q1,32474000000.0,27394000000.0,5080000000.0,0.1564328386,0,0.0,0.0,1803000000.0,2279000000.0,1803000000.0,29197000000.0,799000000.0,250000000.0,3015000000.0,7456000000.0,0.2295990639,3277000000.0,0.1009114984,914000000.0,4191000000.0,0.1290570918,1177000000.0,3022000000.0,0.0930590626,2.06,2.03,1447000000,1464000000,https://www.sec.gov/Archives/edgar/data/1467858/000146785821000117/0001467858-21-000117-index.htm,https://www.sec.gov/Archives/edgar/data/1467858/000146785821000117/gm-20210331.htm,22.442294402211477,2.0884588804422943,0.874913614374568,-3.956461644782309,20.304077401520388,37.6247408431237,34.041465100207326,33.40912232204561,77.7069799585349,83144620000.0,173727620000.0,6.878277630708141,2.5603442754203365,65.67505529225909,-14.523077729257642,1.7198895393335127,1.7198895393335127,5.349745026790663,23.30037821888412,137.22560821484993,-30.345435807860262,0.0363463083961415,-0.0688559283811748,2.320749643174813,0.4705823137355239,12.149007510729614,1.0755735492577598,13.108,0.4200398142003981,0.0009140699662828,0.0251489080079417,0.0,0.0,0.0217481575933996,5.522116903633491,0.2152799162406848,2.3187396351575456,0.0019708074151628,39.62203313218958,0.0119534158942258,0.0129573889703549,-85.19229440221147,5768000000.0,49258000000.0,-101877000000.0,89093000000.0,33976500000.0,20187000000.0,11150500000.0,93.42273819055244,67.17310359932831,39.64152734175367,0.963362900115696,1.339821970067495,2.2703464279794465,0.0625116356039137,4.831375259156876,2021-05-05,1.04,bmo,29560317182.0,2025-04-25,2021-03-31,1.1634615384615383,53.10573770491803,25656657.147540983
2020-12-31,GM,USD,1467858,2021-02-10,2021-02-10 15:48:19,2020,Q4,37518000000.0,32621000000.0,4897000000.0,0.1305240151,6200000000,1970000000.0,160000000.0,2130000000.0,11274000000.0,2130000000.0,34751000000.0,0.0,229000000.0,3080000000.0,6776000000.0,0.1806066421,2767000000.0,0.0737512661,672000000.0,3439000000.0,0.0916626686,642000000.0,2846000000.0,0.075856922,1.99,1.99,1432000000,1432000000,https://www.sec.gov/Archives/edgar/data/1467858/000146785821000037/0001467858-21-000037-index.htm,https://www.sec.gov/Archives/edgar/data/1467858/000146785821000037/gm-20201231.htm,26.199720670391063,1.9874301675977657,4.673882681564246,-0.0307262569832402,20.277932960893853,34.690642458100555,31.045391061452516,31.445530726256983,77.57821229050279,59628480000.0,150499480000.0,5.23791988756149,1.589329921637614,8.909081129538324,-1355.192727272727,1.3241945369753498,1.3241945369753498,4.011393997547843,22.210667060212515,22.486101897504856,-3420.442727272727,0.047728870499466,-0.0007379024251498,2.461980901621142,0.4713683172189766,13.410714285714286,1.0126892754348642,12.08296943231441,2.392920986771541,0.0002683281545999,0.0056219255094869,0.0525081294312063,0.1652540114078575,0.0221944437358095,1.0065740325713433,0.1795671411056026,2.1873376623376624,0.0093555093555093,37.49873889924068,0.0116963630117262,0.0123753119917903,-87.7643156424581,1014000000.0,44457000000.0,-104593000000.0,83685000000.0,34372500000.0,20421000000.0,10584500000.0,82.14616983847753,54.98053401183287,28.237944882131146,1.095607989720827,1.6369429947812124,3.187200781631656,0.0632023095713968,4.704608938547486,2021-02-10,1.6,bmo,29779912500.0,2025-04-25,2020-12-31,0.2062499999999999,38.87453125,15061884.734375
2020-09-30,GM,USD,1467858,2020-11-05,2020-11-05 15:09:54,2020,Q3,35480000000.0,29428000000.0,6052000000.0,0.1705749718,0,0.0,0.0,1628000000.0,2259000000.0,1628000000.0,31056000000.0,499000000.0,327000000.0,3162000000.0,8390000000.0,0.2364712514,4424000000.0,0.1246899662,481000000.0,4905000000.0,0.1382468997,887000000.0,4045000000.0,0.1140078918,2.8,2.78,1432000000,1439000000,https://www.sec.gov/Archives/edgar/data/1467858/000146785820000128/0001467858-20-000128-index.htm,https://www.sec.gov/Archives/edgar/data/1467858/000146785820000128/gm-20200930.htm,24.776536312849164,2.824720670391061,7.842877094972067,4.067737430167598,25.768854748603356,33.52513966480447,29.862430167597765,30.266061452513966,82.99162011173185,42372880000.0,133950880000.0,2.618843016069221,1.1942750845546788,3.7728501469147897,7.274314163090128,0.9776627212108628,0.9776627212108628,3.775391206313416,15.965539928486294,11.92688807764224,22.99585922746781,0.0954620030547841,0.1374700043990401,2.734523891926813,0.4944987086464361,10.91513706793802,1.1063732119151892,13.529051987767584,2.7951717272274763,0.0014396000460672,0.015080346106304,0.0,0.0,0.0218841662111811,0.4813462737067046,0.1523675310033821,1.7096774193548387,0.0,43.858822503750055,0.01859968928061,0.0172549119978159,-86.18662709497207,8574000000.0,42763000000.0,-102486000000.0,90166000000.0,32649000000.0,18034000000.0,10607000000.0,87.51662908680947,63.96153323365502,33.4395813510942,1.0283759891017652,1.4070957253514391,2.6914212548015364,0.0933296416787799,3.775139664804469,2020-11-05,1.38,bmo,33824708552.0,2025-04-25,2020-09-30,1.0507246376811596,28.095625,14416290.234375
2020-06-30,GM,USD,1467858,2020-07-29,2020-07-29 15:15:44,2020,Q2,16778000000.0,16682000000.0,96000000.0,0.0057217785,0,0.0,0.0,1310000000.0,3238000000.0,1310000000.0,17992000000.0,413000000.0,303000000.0,3265000000.0,2676000000.0,0.1594945762,-1214000000.0,-0.0723566575,322000000.0,-892000000.0,-0.0531648587,-112000000.0,-758000000.0,-0.0451782096,-0.53,-0.53,1432000000,1432000000,https://www.sec.gov/Archives/edgar/data/1467858/000146785820000113/0001467858-20-000113-index.htm,https://www.sec.gov/Archives/edgar/data/1467858/000146785820000113/gm-20200630.htm,11.716480446927374,-0.5293296089385475,-1.965782122905028,-4.363128491620111,26.174581005586592,30.372206703910617,26.683659217877096,27.44692737430168,89.68994413407822,36229600000.0,136134600000.0,-11.949076517150395,2.159351531767791,-12.870195381882771,-5.798591549295774,0.9217789537960512,0.9217789537960512,8.113875312909762,50.87242152466368,-48.36042628774423,-21.78850832266325,-0.0209221189303773,-0.172455671605538,3.260049867697944,0.5394278737870208,37.33370702541106,1.1231387348531523,-4.006600660066007,3.608974358974359,5.520348002738093e-05,-0.0026385224274406,0.0,0.0,0.0222367230092407,-1.219538188277087,0.2046131839313386,1.0514548238897397,0.0,,-0.0053170460232525,-0.0032636822775163,-89.61050977653632,9593000000.0,38211000000.0,-106545000000.0,91542000000.0,32326500000.0,17592500000.0,10539500000.0,165.20026224818216,81.75638412660352,55.460975902170006,0.5447933240250674,1.100831463639963,1.622762645914397,-0.0192855688988398,2.397346368715084,2020-07-29,-1.72,bmo,59394120000.0,2025-04-25,2020-06-30,-0.7093023255813954,24.326666666666664,16805827.603174604
2020-03-31,GM,USD,1467858,2020-05-06,2020-05-06 15:35:36,2020,Q1,32709000000.0,30082000000.0,2627000000.0,0.0803142866,0,1970000000.0,0.0,1970000000.0,3356000000.0,1970000000.0,32052000000.0,311000000.0,193000000.0,3308000000.0,4034000000.0,0.1233299703,657000000.0,0.0200862148,-14000000.0,643000000.0,0.019658198,357000000.0,294000000.0,0.0089883518,0.17,0.17,1433000000,1440000000,https://www.sec.gov/Archives/edgar/data/1467858/000146785820000069/0001467858-20-000069-index.htm,https://www.sec.gov/Archives/edgar/data/1467858/000146785820000069/gm2020q1.htm,22.825540823447312,0.2051639916259595,1.0893230983949755,-2.369853454291696,32.1884159106769,30.92602930914166,27.27983251919051,27.99232379623168,88.41102581995813,29777740000.0,117771740000.0,25.3212074829932,0.9103836864471552,19.076066623959,-8.768474676089516,0.7423463715005111,0.7423463715005111,3.600591274572748,29.194779375309867,75.44634208840486,-34.67954652532391,0.0098731468539922,-0.1140449208032577,3.153591105128013,0.5129265602698845,21.81308874566188,1.0701813959602156,3.404145077720208,5.458041958041958,0.0198134579722974,2.006802721088435,0.0602280717845241,0.0,0.0211860970546256,3.1755285073670723,0.1515485034699929,1.4984885126964933,0.0,11.36740427321592,0.0014561625083,0.0012179006541037,-87.50139567341242,6407000000.0,39092000000.0,-104608000000.0,90897000000.0,33627000000.0,20524500000.0,10598500000.0,93.15601210675962,59.92919353766372,32.30868958180972,0.9661212192816636,1.501772253007838,2.785628298916566,0.0073292947423528,3.459176552686672,2020-05-06,0.18,bmo,27322236551.0,2025-04-25,2020-03-31,2.4444444444444446,30.53532258064516,15280343.225806452
2019-12-31,GM,USD,1467858,2020-02-05,2020-02-05 16:02:53,2019,Q4,30826000000.0,29098000000.0,1728000000.0,0.0560565756,6800000000,2282000000.0,3700000000.0,2282000000.0,12614000000.0,2282000000.0,31380000000.0,0.0,104000000.0,3286000000.0,3131000000.0,0.1015701032,-554000000.0,-0.017971842,199000000.0,-355000000.0,-0.0115162525,-163000000.0,-194000000.0,-0.0062933887,-0.14,-0.14,1430000000,1433000000,https://www.sec.gov/Archives/edgar/data/1467858/000146785820000028/0001467858-20-000028-index.htm,https://www.sec.gov/Archives/edgar/data/1467858/000146785820000028/gm201910k.htm,21.55664335664336,-0.1356643356643356,2.428671328671329,-2.225874125874126,16.253846153846155,32.13776223776224,28.37692307692308,29.225174825174825,73.03356643356643,52338000000.0,137603000000.0,-67.44587628865979,1.6978524622072275,15.069968327094733,-16.442978322337417,1.252344946401225,1.252344946401225,4.463861675209239,43.94857872884062,39.62078894327671,-43.2306000628338,-0.0037066758378233,-0.0608162329473804,2.4965065084226645,0.4575310147037542,27.23251357393804,0.883245980802073,-5.326923076923077,-18.088541666666668,0.0106614696778631,-2.8762886597938144,0.0740284175695841,0.2205930059041069,0.0235838920876875,1.916498704290239,0.2159216246026082,2.025562994522216,0.0147927074547459,,-0.0016575013083629,-0.0008712874844493,-89.92272727272727,-9913000000.0,40579000000.0,-107088000000.0,76270000000.0,34169500000.0,21212000000.0,11097500000.0,97.5092454421592,65.0085916557839,32.1609732627672,0.922989400562908,1.3844323912836616,2.7984227736103096,-0.0046420367534456,4.654545454545454,2020-02-05,-0.11,bmo,6165200000.0,2025-04-25,2019-12-31,-1.4545454545454546,36.33578125,9055701.921875
2019-09-30,GM,USD,1467858,2019-10-29,2019-10-29 15:32:32,2019,Q3,35473000000.0,31161000000.0,4312000000.0,0.1215572407,0,2008000000.0,0.0,2008000000.0,2987000000.0,2008000000.0,33169000000.0,169000000.0,206000000.0,3309000000.0,6096000000.0,0.1718490119,2304000000.0,0.0649508077,278000000.0,2582000000.0,0.0727877541,271000000.0,2351000000.0,0.066275759,1.62,1.6,1428000000,1442000000,https://www.sec.gov/Archives/edgar/data/1467858/000146785819000121/0001467858-19-000121-index.htm,https://www.sec.gov/Archives/edgar/data/1467858/000146785819000121/gm2019q3.htm,24.841036414565828,1.6463585434173669,4.588935574229692,0.6148459383753502,18.75070028011205,34.153361344537814,30.36624649859944,31.20028011204482,73.29971988795518,53521439999.99999,137936440000.0,5.691348362398979,1.5087937304428718,8.167471387150924,60.95835990888382,1.2012712663285,1.2012712663285,3.888490964959265,22.6273687664042,21.049357546162064,157.10300683371298,0.0439263218627899,0.0164046408317862,2.3447053014319703,0.4512004975618605,13.84760498687664,0.9562384275744196,11.184466019417476,2.835569017741238,0.0113599335144943,0.2586133560187154,0.0566064330617652,0.0,0.0233577651179765,0.8660155653898978,0.1599808304907958,1.7150196433967966,0.0,33.996383244226124,0.0113123753742188,0.0103970882845909,-86.74912464985995,-3687000000.0,43363000000.0,-102193000000.0,82217000000.0,36614000000.0,22061500000.0,11622000000.0,88.6502410283878,61.825358621353615,34.07239819004525,1.015225666122893,1.4557133513968046,2.641434262948207,0.0527674282892669,3.974089635854342,2019-10-29,1.18,bmo,27017226744.0,2025-04-25,2019-09-30,0.4576271186440678,38.45984375,7426396.796875
2019-06-30,GM,USD,1467858,2019-08-01,2019-08-01 13:25:09,2019,Q2,36060000000.0,31471000000.0,4589000000.0,0.127260122,0,2102000000.0,0.0,2102000000.0,3144000000.0,2102000000.0,33573000000.0,364000000.0,195000000.0,3407000000.0,6518000000.0,0.1807542984,2487000000.0,0.068968386,440000000.0,2927000000.0,0.0811702718,524000000.0,2418000000.0,0.0670549085,1.68,1.66,1420000000,1438000000,https://www.sec.gov/Archives/edgar/data/1467858/000146785819000107/0001467858-19-000107-index.htm,https://www.sec.gov/Archives/edgar/data/1467858/000146785819000107/gm2019q2.htm,25.3943661971831,1.7028169014084509,3.574647887323944,-0.5830985915492958,16.98661971830986,33.1612676056338,29.31830985915493,30.152112676056337,75.18028169014084,55025000000.0,144514000000.0,5.689102564102564,1.5259290072102052,10.84022852639874,-66.45531400966183,1.2851504110612857,1.2851504110612857,4.007598447032724,22.171525007671065,28.47005516154452,-174.53381642512076,0.0439436619718309,-0.0150477055883689,2.4888125934230194,0.4559012907669731,13.72951825713409,0.9645526371983772,12.753846153846156,2.1123595505617976,0.0101408450704225,0.2307692307692307,0.0582917359955629,0.0,0.0233467529744969,1.1631205673758864,0.1637271214642263,1.7329028470795422,0.0,33.98866515846299,0.0111680153577275,0.0105922551252847,-90.20299295774647,-2988000000.0,41632000000.0,-105342000000.0,83595000000.0,38816500000.0,23638500000.0,11277500000.0,95.55823627287852,64.96552381557625,32.735852054272186,0.9418340428866194,1.3853501782805828,2.749279287149472,0.0564742152466367,4.157746478873239,2019-08-01,1.44,bmo,31662439024.0,2025-04-25,2019-06-30,0.1388888888888888,37.49206349206349,8801929.301587302
2019-03-31,GM,USD,1467858,2019-04-30,2019-04-30 15:10:35,2019,Q1,34878000000.0,31535000000.0,3343000000.0,0.0958483858,0,2099000000.0,0.0,2099000000.0,3306000000.0,2099000000.0,33634000000.0,805000000.0,181000000.0,4116000000.0,6572000000.0,0.1884282356,1244000000.0,0.0356671828,1038000000.0,2282000000.0,0.0654280635,137000000.0,2157000000.0,0.0618441424,1.5,1.48,1417000000,1436000000,https://www.sec.gov/Archives/edgar/data/1467858/000146785819000084/0001467858-19-000084-index.htm,https://www.sec.gov/Archives/edgar/data/1467858/000146785819000084/gm2019q1.htm,24.613973182780523,1.5222300635144672,-0.0571630204657727,-4.122794636556105,16.370501058574455,31.50176429075512,27.607621736062104,28.768525052928723,75.6986591390261,53505920000.0,143413920000.0,6.201427909133055,1.5340879637593898,-660.5669135802468,-9.158836015063336,1.3125455660493068,1.3125455660493068,4.111873387235507,21.82195982958004,-1770.5422222222223,-24.548770968846284,0.0403132961735822,-0.1091841799935409,2.6268612780571567,0.4593277628124839,13.680462568472306,0.9388884329976672,6.87292817679558,-0.0377622377622377,0.011699639965073,0.2902178952248493,0.0601812030506336,0.0,0.0236689943894446,-71.12345679012346,0.1651757554905671,1.3996598639455782,0.0,31.389919698321748,0.0064483055809478,0.0094765699825142,-91.90790402258293,-5213000000.0,39120000000.0,-108404000000.0,81693000000.0,36372500000.0,23428500000.0,10462000000.0,101.52933081025289,70.09354685270334,31.70191850325036,0.8864433487520967,1.283998371335505,2.8389449045732804,0.0529130381454679,4.065631616090331,2019-04-30,1.11,bmo,27457148936.0,2025-04-25,2019-03-31,0.27027027027027,37.9827868852459,9927409.13114754
2018-12-31,GM,USD,1467858,2019-02-06,2019-02-06 16:46:41,2018,Q4,38399000000.0,35092000000.0,3307000000.0,0.0861220344,7800000000,2478000000.0,4000000000.0,2478000000.0,12298000000.0,2478000000.0,37570000000.0,0.0,68000000.0,3646000000.0,5284000000.0,0.1376077502,829000000.0,0.0215891039,629000000.0,1458000000.0,0.0379697388,-611000000.0,2044000000.0,0.0532305529,1.44,1.44,1414000000,1417000000,https://www.sec.gov/Archives/edgar/data/1467858/000146785819000033/0001467858-19-000033-index.htm,https://www.sec.gov/Archives/edgar/data/1467858/000146785819000033/gm201810k.htm,27.156294200848656,1.4455445544554455,4.264497878359265,0.1032531824611032,18.96039603960396,30.252475247524757,26.27934936350778,27.48231966053748,74.27086280056577,47298300000.00001,131405300000.0,5.785017123287672,1.231758639547905,7.843830845771144,323.96095890410965,1.2171461657231089,1.2171461657231089,3.422102138076512,24.868527630582893,21.791923714759537,900.036301369863,0.0432150838402225,0.003086791702873,2.7007462686567165,0.4616497829232995,15.917297501892506,0.9155611221226456,12.191176470588236,2.91445142580957,0.0116706097259309,0.2700587084148728,0.0645329305450662,0.2031302898512982,0.0247119939825546,0.975787728026534,0.1532331571134665,1.6138233680746024,0.0082293809734628,29.89741869132869,0.0066466285194123,0.0092187929875834,-90.37818246110324,-6944000000.0,37159000000.0,-109269000000.0,80991000000.0,33603500000.0,23722000000.0,10575000000.0,78.28094481627126,57.18482845092899,25.174968653824237,1.1497050809904488,1.5738440148898956,3.5749796251018746,0.0525990735975295,4.161244695898161,2019-02-06,1.22,bmo,32759986013.0,2025-04-25,2018-12-31,0.1721311475409835,34.51031746031746,14029289.84126984
2018-09-30,GM,USD,1467858,2018-10-31,2018-10-31 14:45:38,2018,Q3,35791000000.0,31597000000.0,4194000000.0,0.1171802967,0,2584000000.0,0.0,2584000000.0,3064000000.0,2584000000.0,34181000000.0,651000000.0,161000000.0,3313000000.0,6096000000.0,0.170322148,1610000000.0,0.0449833757,1020000000.0,2630000000.0,0.0734821603,100000000.0,2534000000.0,0.0707999218,1.77,1.75,1412000000,1431000000,https://www.sec.gov/Archives/edgar/data/1467858/000146785818000104/0001467858-18-000104-index.htm,https://www.sec.gov/Archives/edgar/data/1467858/000146785818000104/gm2018q3.htm,25.34773371104816,1.7946175637393769,2.6012747875354107,-1.7471671388101984,17.245750708215297,28.97167138810198,24.96954674220963,26.955382436260624,72.59277620396601,48290400000.00001,132195400000.0,4.764246250986583,1.3492330474141545,13.1473999455486,-19.57454398054317,1.268763301016789,1.268763301016789,3.69353748148976,21.685597112860897,35.991124421453854,-53.585488447507096,0.0524741977701572,-0.0510867584447426,2.688841596384751,0.4534116635875079,13.763943569553806,0.8898188216272767,10.0,1.4517786561264825,0.0121349170849692,0.2312549329123914,0.0721969210136626,0.0,0.0250364404038792,1.6716580451946637,0.171551507362186,1.8533051614850589,0.0,32.99134071301237,0.0089805361820826,0.0115150413523584,-91.66359773371104,-9268000000.0,35257000000.0,-109955000000.0,79166000000.0,32738000000.0,24903500000.0,11083500000.0,85.01355089268252,71.62800265848023,32.28344463081938,1.0586547562707052,1.2564918280510595,2.787806599611788,0.0665773363810725,4.348441926345609,2018-10-31,1.25,bmo,23924465240.0,2025-04-25,2018-09-30,0.4960000000000001,36.842063492063495,11072141.26984127
2018-06-30,GM,USD,1467858,2018-07-25,2018-07-25 15:50:31,2018,Q2,36760000000.0,33067000000.0,3693000000.0,0.1004624592,0,2216000000.0,0.0,2216000000.0,2996000000.0,2216000000.0,35283000000.0,930000000.0,159000000.0,3129000000.0,6143000000.0,0.1671109902,1477000000.0,0.040179543,1408000000.0,2885000000.0,0.0784820457,519000000.0,2390000000.0,0.0650163221,1.68,1.66,1410000000,1431000000,https://www.sec.gov/Archives/edgar/data/1467858/000146785818000089/0001467858-18-000089-index.htm,https://www.sec.gov/Archives/edgar/data/1467858/000146785818000089/gm2018q2.htm,26.0709219858156,1.6950354609929077,3.620567375886525,-1.1347517730496457,15.61063829787234,27.401418439716316,23.34468085106383,25.660283687943263,69.8,55554000000.0,138726000000.0,5.811087866108787,1.5112622415669206,10.882272282076396,-34.72125,1.5354467814598822,1.5354467814598822,3.773830250272035,22.582777144717564,27.174534769833496,-86.70375,0.0430212045937286,-0.0288008064225798,2.715762416738067,0.4494079335531762,13.539313039231644,0.877434862750959,9.28930817610063,2.157650042265427,0.0096842711595924,0.2251046025104602,0.0602829162132753,0.0,0.0261616073837935,1.3134182174338884,0.1823993471164309,2.142857142857143,0.0,31.2832150326583,0.0072701024981343,0.011224820473321,-91.36631205673758,-9841000000.0,32916000000.0,-109554000000.0,77936000000.0,31797000000.0,25349500000.0,11147000000.0,77.53318824809575,67.11827501738894,29.48468261408655,1.160793229758747,1.3409164639091646,3.0524323825348474,0.0660567701279677,4.75531914893617,2018-07-25,1.78,bmo,36150718232.0,2025-04-25,2018-06-30,0.0168539325842696,39.3734375,11531112.1875
2018-03-31,GM,USD,1467858,2018-04-26,2018-04-26 17:08:46,2018,Q1,36099000000.0,33198000000.0,2901000000.0,0.0803623369,0,2372000000.0,0.0,2372000000.0,3014000000.0,2372000000.0,35570000000.0,549000000.0,150000000.0,3581000000.0,4823000000.0,0.133604809,529000000.0,0.0146541455,1047000000.0,1576000000.0,0.0436577191,466000000.0,1046000000.0,0.0289758719,0.73,0.72,1408000000,1430000000,https://www.sec.gov/Archives/edgar/data/1467858/000146785818000068/0001467858-18-000068-index.htm,https://www.sec.gov/Archives/edgar/data/1467858/000146785818000068/gm2018q1.htm,25.638494318181817,0.7428977272727273,0.3181818181818182,-4.488636363636363,15.174715909090908,25.18323863636364,21.071022727272727,24.359375,70.28977272727273,51166720000.00001,135728720000.0,12.229139579349903,1.4173999279758445,114.21142857142858,-8.096000000000002,1.4918280949326492,1.4918280949326492,3.7599024903736944,28.141969728384822,302.9658928571429,-21.47606329113924,0.0204429754340321,-0.1235177865612648,2.8811592512682958,0.4517889962784488,17.533070702882025,0.8636176797717491,3.526666666666667,0.4036036036036036,0.0110618777205183,0.5411089866156787,0.0657081913626416,0.0,0.0264714757276226,15.107142857142858,0.18748441785091,1.8899748673554877,0.0,20.17849839108183,0.0022532005739681,0.0049122741105308,-93.9112215909091,-11281000000.0,29668000000.0,-111833000000.0,75274000000.0,30305500000.0,24984000000.0,11062000000.0,79.59611069558713,70.59190312669438,31.07084764142418,1.1307085134373238,1.2749337532163294,2.8966058808131927,0.030497405096507,4.806818181818182,2018-04-26,1.22,bmo,31302629370.0,2025-04-25,2018-03-31,0.1721311475409835,40.561147540983605,13687200.229508195
2017-12-31,GM,USD,1467858,2018-02-06,2018-02-06 12:34:06,2017,Q4,37715000000.0,32703000000.0,5012000000.0,0.1328914225,7300000000,2434000000.0,4300000000.0,2434000000.0,11128000000.0,2434000000.0,35137000000.0,13000000.0,145000000.0,3177000000.0,6586000000.0,0.1746254806,2578000000.0,0.068354766,415000000.0,2993000000.0,0.0793583455,7896000000.0,-5151000000.0,-0.1365769588,-3.66,-3.66,1408000000,1408000000,https://www.sec.gov/Archives/edgar/data/1467858/000146785818000022/0001467858-18-000022-index.htm,https://www.sec.gov/Archives/edgar/data/1467858/000146785818000022/gm201710k.htm,26.78622159090909,-3.6583806818181817,4.892045454545454,0.2961647727272727,16.921164772727273,25.710227272727277,21.525568181818183,24.858664772727277,67.01988636363636,57713920000.0,136420920000.0,-2.801102698505145,1.5302643510539573,8.37890824622532,138.40268585131895,1.64892203079912,1.64892203079912,3.617152856953467,20.71377467354996,19.80559233449477,327.14848920863307,-0.0892505655481381,0.0072252933087892,2.691894517299506,0.4434210897864289,11.950652900091102,0.8940564442710366,17.779310344827586,-1.4048541709157658,0.0092178801925081,-0.1032809163269268,0.0645366565027177,0.1935569402094657,0.027729407667473,0.9394599303135888,0.1715762959034866,2.036827195467422,0.015511069866101,,-0.0259795972237457,-0.0249334430514545,-89.212890625,-8146000000.0,30308000000.0,-107538000000.0,76881000000.0,29048500000.0,23597000000.0,11226000000.0,68.45154447832427,65.85359141363178,29.345014218879,1.3147986752658185,1.366668059676543,3.066960517677952,-0.1471672237936059,4.595880681818182,2018-02-06,1.34,bmo,31543454545.0,2025-04-25,2017-12-31,0.2313432835820894,43.38238095238096,13698998.904761905
2017-09-30,GM,USD,1467858,2017-10-24,2017-10-24 10:21:29,2017,Q3,33623000000.0,29403000000.0,4220000000.0,0.125509324,0,2304000000.0,0.0,2304000000.0,2892000000.0,2304000000.0,31707000000.0,165000000.0,151000000.0,3147000000.0,5711000000.0,0.169853969,1916000000.0,0.0569848021,514000000.0,2430000000.0,0.0722719567,2316000000.0,-2981000000.0,-0.0886595485,-2.06,-2.03,1445000000,1472000000,https://www.sec.gov/Archives/edgar/data/1467858/000146785817000133/0001467858-17-000133-index.htm,https://www.sec.gov/Archives/edgar/data/1467858/000146785817000133/gm2017q3.htm,23.268512110726643,-2.0629757785467127,1.993771626297577,-2.9141868512110727,14.703114186851211,30.087889273356403,26.03667820069204,29.23391003460208,64.23806228373702,58349100000.0,138230100000.0,-4.893416638711843,1.7353924396990157,20.253071850052063,-13.856352410353836,1.3812726368865849,1.3812726368865849,4.111176872973857,24.20418490632113,47.97990281152378,-32.825955829969125,-0.0510890485028903,-0.072169065161245,2.193807258007244,0.4038004026108704,13.987217650148835,0.936089628462168,12.688741721854305,25.271929824561404,0.0095288530585733,-0.1865145924186514,0.0685245219046486,0.0,0.0255074029855948,2.461645262061784,0.2109270439877464,2.253574833174452,0.0,,0.000518794988763,-0.0133289812562598,-94.68892733564014,-5231000000.0,37623000000.0,-109407000000.0,77576000000.0,29252000000.0,23334500000.0,11539000000.0,78.72825149451268,71.21212121212122,36.08509335782063,1.1431728546171631,1.2638297872340425,2.494104673848503,-0.070567904741614,4.90795847750865,2017-10-24,1.07,bmo,28528606060.0,2025-04-25,2017-09-30,0.2336448598130841,36.53063492063492,10693965.714285716
2017-06-30,GM,USD,1467858,2017-07-25,2017-07-25 12:23:23,2017,Q2,36984000000.0,31887000000.0,5097000000.0,0.137816353,0,2479000000.0,0.0,2479000000.0,2675000000.0,2479000000.0,34366000000.0,272000000.0,181000000.0,3054000000.0,6060000000.0,0.1638546398,2618000000.0,0.0707873675,349000000.0,2967000000.0,0.0802238806,534000000.0,1660000000.0,0.0448842743,1.11,1.09,1497000000,1519000000,https://www.sec.gov/Archives/edgar/data/1467858/000146785817000103/0001467858-17-000103-index.htm,https://www.sec.gov/Archives/edgar/data/1467858/000146785817000103/gm2017q2.htm,24.705410821643287,1.108884435537742,3.6860387441549767,-1.1937207748830996,17.188376753507015,30.54442217768871,26.5437541750167,30.40814963259853,59.63259853039412,52290210000.0,124781210000.0,7.875031626506025,1.4138603179753406,9.476297571583906,-29.261449356463345,1.1487052129786253,1.1487052129786253,3.373924129353234,20.590958745874588,22.61348495831823,-69.82720201454953,0.0317459042524403,-0.0341746571681391,1.957096724588652,0.3707407407407407,11.962211221122113,0.9021801370008272,14.464088397790055,2.205435651478817,0.0109389501399975,0.344578313253012,0.0670289855072463,0.0,0.0249230129005409,1.3238492207321493,0.1975178455548345,2.391944990176817,0.0,27.544151582950462,0.0121976621991001,0.0070846012351106,-94.44255177020707,-9225000000.0,39736000000.0,-109494000000.0,70790000000.0,31946500000.0,26064500000.0,12987500000.0,70.79493835171967,66.0570138300875,31.862828111769687,1.2712773271002338,1.3624594086480943,2.82460802551156,0.0364666857054985,4.8797595190380765,2017-07-25,1.72,bmo,33070349206.0,2025-04-25,2017-06-30,0.0988372093023255,33.95476190476191,13200864.603174604
2017-03-31,GM,USD,1467858,2017-04-28,2017-04-28 11:28:44,2017,Q1,41200000000.0,35771000000.0,5429000000.0,0.1317718447,0,2684000000.0,0.0,2684000000.0,2666000000.0,2684000000.0,38455000000.0,161000000.0,144000000.0,2883000000.0,6286000000.0,0.1525728155,2745000000.0,0.0666262136,572000000.0,3317000000.0,0.0805097087,700000000.0,2608000000.0,0.0633009709,1.73,1.7,1505000000,1532000000,https://www.sec.gov/Archives/edgar/data/1467858/000146785817000070/0001467858-17-000070-index.htm,https://www.sec.gov/Archives/edgar/data/1467858/000146785817000070/gm2017q1.htm,27.375415282392023,1.732890365448505,1.3561461794019931,-3.138870431893688,15.364784053156146,30.706976744186047,26.59202657807309,30.54617940199336,60.49501661129568,53216800000.0,131253800000.0,5.101303680981594,1.2916699029126213,26.07388535031847,-11.265198983911938,1.1575915774819454,1.1575915774819454,3.185771844660194,20.88033725739739,64.30857422831946,-27.78446232006774,0.0490070804708287,-0.0887689601779889,1.9773122770381968,0.3938637653655006,12.414412981228129,0.8756270351139663,19.0625,0.7799006495987773,0.0107672764991506,0.2197085889570552,0.0651456310679611,0.0,0.0268335694756773,3.314551690347869,0.1641990291262136,2.3465140478668056,0.0,34.51081786493848,0.0124760152444425,0.0116117542297417,-85.05730897009967,-11306000000.0,40021000000.0,-104981000000.0,69391000000.0,33252000000.0,27843000000.0,14237000000.0,76.02160194174758,72.27223169606664,36.95004333119007,1.1838740266084309,1.2452915578764143,2.4357210949203325,0.0567301835900113,4.495016611295681,2017-04-28,1.48,bmo,32443341176.0,2025-04-25,2017-03-31,0.1486486486486486,36.56370967741936,15699801.677419355
2016-12-31,GM,USD,1467858,2017-02-07,2017-02-07 11:42:59,2016,Q4,43918000000.0,39077000000.0,4841000000.0,0.1102281525,6600000000,3321000000.0,4600000000.0,3321000000.0,8792000000.0,3321000000.0,42398000000.0,0.0,105000000.0,2851000000.0,4923000000.0,0.1120952685,1520000000.0,0.0346099549,465000000.0,1985000000.0,0.0451978688,210000000.0,1835000000.0,0.0417824127,1.22,1.22,1505000000,1505000000,https://www.sec.gov/Archives/edgar/data/1467858/000146785817000028/0001467858-17-000028-index.htm,https://www.sec.gov/Archives/edgar/data/1467858/000146785817000028/gm201610k.htm,29.18139534883721,1.219269102990033,2.66843853820598,-2.121594684385382,16.47906976744186,29.285714285714285,25.10564784053156,29.126910299003324,56.30099667774086,52434200000.00001,124102200000.0,7.143623978201635,1.1939113802996495,13.05632470119522,-16.421609771374886,1.196144721233689,1.196144721233689,2.825770754588096,25.20865326020719,30.901942231075697,-38.8669589727529,0.0349962429101616,-0.0608953698158835,1.930559357605621,0.3817402679417204,14.55778996546821,0.8946009086533382,14.476190476190476,2.262535211267606,0.0111759119048254,0.3193460490463215,0.0756181975499795,0.1502800673983332,0.028377464026343,1.7950697211155378,0.1641468190719067,2.528586460890915,0.0142766064028416,28.267555436322773,0.0093058507898228,0.008519073904707,-81.15797342192691,-8978000000.0,37784000000.0,-101412000000.0,67659000000.0,31467500000.0,27794500000.0,14607500000.0,64.9681224099458,62.09509430099547,31.755764260306577,1.3852947670567457,1.449389859426579,2.834131128517551,0.0418605712200018,4.790033222591362,2017-02-07,1.17,bmo,36467437499.0,2025-04-25,2016-12-31,0.0940170940170941,33.61365079365079,13799289.904761905
2016-09-30,GM,USD,1467858,2016-10-25,2016-10-25 12:01:40,2016,Q3,42825000000.0,37084000000.0,5741000000.0,0.1340572096,0,2724000000.0,0.0,2724000000.0,2306000000.0,2724000000.0,39808000000.0,122000000.0,148000000.0,2686000000.0,6287000000.0,0.1468067717,3017000000.0,0.0704495038,471000000.0,3488000000.0,0.0814477525,776000000.0,2773000000.0,0.0647518973,1.79,1.76,1550000000,1574000000,https://www.sec.gov/Archives/edgar/data/1467858/000146785816000363/0001467858-16-000363-index.htm,https://www.sec.gov/Archives/edgar/data/1467858/000146785816000363/gm2016q3.htm,27.62903225806452,1.7890322580645162,4.23741935483871,-0.3716129032258065,15.550967741935484,29.04193548387097,24.94258064516129,28.851612903225806,51.12774193548387,49243500000.0,112411500000.0,4.43955102776776,1.149877408056042,7.497487819732034,-85.4921875,1.101151610017889,1.101151610017889,2.6249036777583186,17.879990456497534,17.115027405602923,-195.15885416666663,0.0563120005686029,-0.0116969752353102,1.768783542039356,0.3635511269625326,10.047399395578177,0.9268310413763856,20.385135135135137,2.421828908554572,0.0120625057114136,0.2142084385142445,0.0636077057793345,0.0,0.029203588631099,1.0876979293544458,0.1668184471687098,2.659717051377513,0.0,34.0788862651625,0.0146232378346645,0.0131283673102233,-75.69,-6039000000.0,38661000000.0,-96065000000.0,66803000000.0,20846500000.0,27793500000.0,15226500000.0,65.63642732049037,69.47794196958257,37.44013590766908,1.3711898053278688,1.2953751571887662,2.4038374278861734,0.0620080500894454,4.609032258064516,2016-10-25,1.45,bmo,32784331395.0,2025-04-25,2016-09-30,0.1862068965517241,31.2325,13402151.25
2016-06-30,GM,USD,1467858,2016-07-21,2016-07-21 11:18:42,2016,Q2,42372000000.0,36489000000.0,5883000000.0,0.1388416879,0,2847000000.0,0.0,2847000000.0,2063000000.0,2847000000.0,39336000000.0,172000000.0,147000000.0,2579000000.0,3868000000.0,0.0912866988,3036000000.0,0.0716510903,749000000.0,3721000000.0,0.0878174266,871000000.0,2866000000.0,0.0676390069,1.85,1.81,1548000000,1581000000,https://www.sec.gov/Archives/edgar/data/1467858/000146785816000341/0001467858-16-000341-index.htm,https://www.sec.gov/Archives/edgar/data/1467858/000146785816000341/gm2016q2.htm,27.37209302325581,1.851421188630491,3.95671834625323,-0.834625322997416,14.967700258397931,28.425710594315245,24.27002583979328,28.184754521963825,48.75129198966408,43808400000.0,100205400000.0,3.8213886950453593,1.0338997451146985,7.152391836734694,-33.90743034055728,1.004088929635572,1.004088929635572,2.364896629849901,25.90625646328852,16.36006530612245,-77.55835913312694,0.0654212434145049,-0.0294920608833009,1.7263350905340362,0.3579014393035842,14.580403309203724,0.9814184080059966,20.6530612244898,2.149122807017544,0.0136960035061768,0.209351011863224,0.0671905975644293,0.0,0.0305679760892187,1.210938775510204,0.1750448409326914,2.875920899573478,0.0,34.26502099316502,0.014940904738141,0.0140479178103678,-82.63388242894057,-1413000000.0,37570000000.0,-91816000000.0,66972000000.0,9724500000.0,26862500000.0,15421500000.0,22.2196261682243,66.49428594919017,37.061580202252735,4.0504731861198735,1.353499758893134,2.428390789298549,0.0656887462754985,4.791343669250646,2016-07-21,1.52,bmo,30549548387.0,2025-04-25,2016-06-30,0.2236842105263158,30.355,11921433.015625
2016-03-31,GM,USD,1467858,2016-04-21,2016-04-21 11:17:43,2016,Q1,37265000000.0,32475000000.0,4790000000.0,0.1285388434,0,2818000000.0,0.0,2818000000.0,1886000000.0,2818000000.0,35293000000.0,85000000.0,127000000.0,2292000000.0,4909000000.0,0.1317321884,1972000000.0,0.0529182879,518000000.0,2490000000.0,0.0668187307,559000000.0,1953000000.0,0.0524084261,1.26,1.24,1546000000,1580000000,https://www.sec.gov/Archives/edgar/data/1467858/000146785816000317/0001467858-16-000317-index.htm,https://www.sec.gov/Archives/edgar/data/1467858/000146785816000317/gm2016q1.htm,24.104139715394567,1.2632600258732212,-0.1060802069857697,-4.890038809831824,13.86222509702458,26.73027166882277,22.919793014230272,26.47606727037516,46.10349288486417,48590780000.0,104845780000.0,6.220017921146954,1.30392539916812,-296.28524390243905,-6.427351851851852,1.1871098407114238,1.1871098407114238,2.813518851469207,21.357869219800367,-639.3035365853658,-13.868489417989418,0.0401928102409551,-0.1555850719004716,1.7382243721293853,0.3494239212643283,11.459564066001224,0.947284195927294,15.527559055118113,-0.0849300880372863,0.0121010611478144,0.3010752688172043,0.0756205554810143,0.0,0.028931626869923,-45.09756097560975,0.1984704145981484,3.2268760907504364,0.0,27.4324359483877,0.0101804030105336,0.0098772550031103,-81.63809831824062,-3953000000.0,35434000000.0,-91259000000.0,59128000000.0,8662500000.0,25414000000.0,14790500000.0,21.70723198711928,74.1782909930716,43.83464203233257,4.1460836671117045,1.213292983635956,2.0531706391856863,0.0477132805628847,4.783958602846054,2016-04-21,1.0,bmo,26203174603.0,2025-04-25,2016-03-31,0.26,30.07967213114754,15963825.016393442
2015-12-31,GM,USD,1467858,2016-02-03,2016-02-03 13:20:41,2015,Q4,39621000000.0,34733000000.0,4888000000.0,0.1233689205,7500000000,3029000000.0,5100000000.0,3029000000.0,5733000000.0,3029000000.0,37762000000.0,0.0,74000000.0,559000000.0,3171000000.0,0.0800333157,1859000000.0,0.0469195629,1199000000.0,3058000000.0,0.0771812927,-3168000000.0,6266000000.0,0.1581484566,4.05,4.05,1546000000,1546000000,https://www.sec.gov/Archives/edgar/data/1467858/000146785816000255/0001467858-16-000255-index.htm,https://www.sec.gov/Archives/edgar/data/1467858/000146785816000255/gm201510k.htm,25.62807244501941,4.053040103492885,1.6228978007761967,-2.6927554980595083,15.136481241914618,26.08214747736093,22.216688227684347,25.789780077619664,40.8699870633894,52579460000.0,100452460000.0,2.097808011490584,1.327060397264077,20.956341171781585,-12.630184962767236,1.3187394346768326,1.3187394346768326,2.5353337876378688,31.678479974771367,40.036851335193305,-24.12982464568821,0.119172011275886,-0.0791754042357985,1.5828797873140878,0.3244447871684146,15.097130242825608,1.091526040354854,25.12162162162162,0.4004149377593361,0.0107266221448451,0.0900095754867539,0.0764493576638651,0.1892935564473385,0.030721776681061,2.6592267835791152,0.1683955478155523,0.8322315080454035,0.0112566568234017,48.49595643540008,0.0265388911734806,0.0332336218601493,-76.10688874514877,6541000000.0,34347000000.0,-76190000000.0,63918000000.0,9411500000.0,24625000000.0,14066000000.0,18.937684561217537,62.34935076152362,35.66521751648288,4.7524289312702415,1.4434793450253511,2.5234670154024994,0.1571568307792631,4.315653298835705,2016-02-03,1.24,bmo,20012877697.0,2025-04-25,2015-12-31,0.1209677419354838,34.73703125,12111663.953125
2015-09-30,GM,USD,1467858,2015-10-21,2015-10-21 11:16:04,2015,Q3,38843000000.0,33564000000.0,5279000000.0,0.1359060835,0,4282000000.0,0.0,4282000000.0,1506000000.0,4282000000.0,37846000000.0,119000000.0,112000000.0,621000000.0,3599000000.0,0.0926550472,997000000.0,0.0256674304,509000000.0,1506000000.0,0.0387714646,165000000.0,1359000000.0,0.0349869989,0.86,0.84,1577000000,1618000000,https://www.sec.gov/Archives/edgar/data/1467858/000146785815000217/0001467858-15-000217-index.htm,https://www.sec.gov/Archives/edgar/data/1467858/000146785815000217/gmq32015.htm,24.63094483195941,0.8617628408370324,2.097653772986684,-1.9397590361445785,14.877615726062142,22.27964489537096,18.422320862396955,21.96448953709575,36.471147748890296,47341540000.0,89311540000.0,8.708892568064753,1.2187920603454934,14.311227327690446,-15.47614906832298,1.3667515445464518,1.3667515445464518,2.2992956259815154,24.81565434843012,26.998651753325277,-29.19631905851585,0.0287062905009004,-0.0646155574998194,1.6572261677925977,0.3037195767195767,11.661572659071965,1.1320062139979927,8.901785714285714,2.4341427520235466,0.0125048741549176,0.4356144223693892,0.1102386530391576,0.0,0.0321851851851851,1.9247279322853688,0.1639162783513117,3.390308839190628,0.0,20.6369588426448,0.0066617660736357,0.0074295992171312,-73.14806594800254,9602000000.0,29052000000.0,-71524000000.0,61981000000.0,10545000000.0,24717500000.0,14293000000.0,24.29626959812579,67.54022166607079,38.52699320700751,3.704272363150867,1.3325393044306812,2.336024498886414,0.0392343668803048,4.037412809131262,2015-10-21,1.18,bmo,30815446666.0,2025-04-25,2015-09-30,0.2711864406779661,30.630625,18230431.140625
2015-06-30,GM,USD,1467858,2015-07-23,2015-07-23 11:24:05,2015,Q2,38180000000.0,33915000000.0,4265000000.0,0.1117077004,0,2977000000.0,0.0,2977000000.0,1318000000.0,2977000000.0,36892000000.0,13000000.0,108000000.0,537000000.0,1825000000.0,0.0477998952,1288000000.0,0.0337349398,429000000.0,1717000000.0,0.0449711891,577000000.0,1117000000.0,0.0292561551,0.7,0.67,1596000000,1660000000,https://www.sec.gov/Archives/edgar/data/1467858/000146785815000175/0001467858-15-000175-index.htm,https://www.sec.gov/Archives/edgar/data/1467858/000146785815000175/gmq22015.htm,23.92230576441103,0.699874686716792,3.62531328320802,-0.1697994987468671,15.55576441102757,22.349624060150376,18.47681704260652,22.02130325814536,33.599624060150376,53194680000.0,89084680000.0,11.905702775290957,1.393260345730749,9.193688212927755,-196.29033210332105,1.5135343993626589,1.5135343993626589,2.3332812991094816,48.81352328767123,15.396591773245763,-328.72575645756456,0.0209983404355473,-0.0050944944118471,1.5227052865190918,0.2880169203280735,19.66575342465753,1.2161143711885858,11.925925925925926,5.179946284691137,0.011241725676327,0.5353625783348255,0.0779727606076479,0.0,0.0332648052870643,1.046837193225026,0.1586432687270822,3.5587544065804937,0.0,18.62185372552969,0.00654361938974,0.0062183030768631,-69.08082706766918,15026000000.0,29489000000.0,-65588000000.0,62542000000.0,11086500000.0,24717000000.0,14134500000.0,24.996333158721846,64.34409553295002,37.730207872622735,3.6005281026027918,1.39872973976162,2.385356590237727,0.0317817105787287,3.795112781954887,2015-07-23,1.08,bmo,31964651162.0,2025-04-25,2015-06-30,0.1944444444444444,35.666825396825395,15036191.507936507
2015-03-31,GM,USD,1467858,2015-04-23,2015-04-23 11:20:17,2015,Q1,35712000000.0,31842000000.0,3870000000.0,0.1083669355,0,3117000000.0,0.0,3117000000.0,1168000000.0,3117000000.0,34959000000.0,241000000.0,110000000.0,794000000.0,1547000000.0,0.0433187724,753000000.0,0.0210853495,684000000.0,1437000000.0,0.0402385753,529000000.0,945000000.0,0.0264616935,0.58,0.56,1617000000,1686000000,https://www.sec.gov/Archives/edgar/data/1467858/000146785815000122/0001467858-15-000122-index.htm,https://www.sec.gov/Archives/edgar/data/1467858/000146785815000122/gmq12015.htm,22.08534322820037,0.5844155844155844,0.2319109461966604,-2.202226345083488,14.956709956709958,22.772418058132345,18.878169449598023,22.46691403834261,29.9121830550402,60637500000.0,93119500000.0,16.041666666666668,1.6979586693548387,161.70000000000002,-17.028222409435553,1.669121087836164,1.669121087836164,2.607512880824373,60.19360051712993,248.31866666666667,-26.14981746700365,0.0155844155844155,-0.058726035868893,1.328360263150651,0.2682221901088273,20.99676793794441,1.2359448783819904,6.845454545454546,0.3968253968253968,0.0080478251906823,0.5164021164021164,0.0872815860215053,0.0,0.0349992774486154,10.496,0.1102150537634408,2.5591677503250976,0.0,17.187941432847204,0.0037486081169764,0.0054428899729871,-63.82668521954236,15889000000.0,30526000000.0,-59864000000.0,58880000000.0,10323500000.0,23858000000.0,13846500000.0,29.155745967741936,71.18993781797626,39.714527981910685,3.0868700838447576,1.2642236074165245,2.2661732261049035,0.0260122766935506,2.434137291280148,2015-04-23,0.97,bmo,40279813953.0,2025-04-25,2015-03-31,-0.11340206185567,36.36868852459016,15396988.049180329
2014-12-31,GM,USD,1467858,2015-02-04,2015-02-04 11:47:54,2014,Q4,39617000000.0,35235000000.0,4382000000.0,0.110609082,7400000000,2953000000.0,5200000000.0,2953000000.0,4159000000.0,2953000000.0,38188000000.0,0.0,48000000.0,463000000.0,1772000000.0,0.0447282732,1309000000.0,0.0330413711,979000000.0,2288000000.0,0.0577529848,279000000.0,1987000000.0,0.0501552364,1.23,1.23,1611000000,1617000000,https://www.sec.gov/Archives/edgar/data/1467858/000146785815000036/0001467858-15-000036-index.htm,https://www.sec.gov/Archives/edgar/data/1467858/000146785815000036/gm201410k.htm,24.591558038485413,1.233395406579764,1.9639975170701427,-0.276225946617008,17.48975791433892,22.36126629422719,18.38237119801365,22.009310986964618,29.10552451893234,56240009999.99999,84127010000.0,7.075995218922999,1.4195928515536258,17.774971554993677,-126.3820449438202,1.5861468821389286,1.5861468821389286,2.1235078375444885,47.47573927765237,26.588814791403287,-189.0494606741573,0.0353307191801708,-0.0079125163740191,1.3210649519135855,0.2636300702960991,15.737584650112868,1.2734965982252933,27.27083333333333,1.5923502767991948,0.0246088149699831,0.696527428283845,0.074538708130348,0.1867884998864124,0.0360767009798679,1.140644753476612,0.0910972562283868,0.4488247730381793,0.0061842138475906,24.71414815747092,0.0090559392348905,0.011601767999673,-61.97858472998138,17969000000.0,29614000000.0,-57983000000.0,59182000000.0,9985000000.0,23651000000.0,14426000000.0,20.62296488881036,57.545338441890166,34.84546615581098,4.364066975104649,1.5639841981446136,2.5828324292625715,0.056039710071354,2.2402234636871508,2015-02-04,0.83,bmo,27632025210.0,2025-04-25,2014-12-31,0.4337349397590361,31.93484375,14591315.578125
2014-09-30,GM,USD,1467858,2014-10-23,2014-10-23 14:51:37,2014,Q3,39255000000.0,35107000000.0,4148000000.0,0.1056680678,0,2921000000.0,0.0,2921000000.0,0.0,2921000000.0,38028000000.0,239000000.0,96000000.0,736000000.0,1965000000.0,0.0500573175,1227000000.0,0.0312571647,642000000.0,1869000000.0,0.0476117692,427000000.0,1471000000.0,0.0374729334,0.86,0.81,1612000000,1691000000,https://www.sec.gov/Archives/edgar/data/1467858/000146785814000247/0001467858-14-000247-index.htm,https://www.sec.gov/Archives/edgar/data/1467858/000146785814000247/gm2014q3.htm,24.35173697270471,0.9125310173697272,0.674937965260546,-1.205334987593052,17.140198511166254,27.024193548387096,22.90260545905707,26.67617866004963,25.55893300248139,51487280000.0,74532280000.0,8.75038749150238,1.3116107502229015,47.32286764705882,-26.49885743695317,1.197322915213246,1.197322915213246,1.8986697236020889,37.92991348600509,68.50393382352941,-38.35938239835306,0.0285701633490835,-0.0377374761300266,0.9558857727547556,0.2323524091618242,11.727735368956743,1.2868154881254734,12.78125,0.7396329027872196,0.011420296430497,0.3997280761386811,0.0744109030696726,0.0,0.0375562439233952,2.785845588235294,0.0772130938733919,1.808472553699284,0.0,23.4032884478723,0.0076987285593735,0.0086395245031245,-55.79466501240695,19311000000.0,36919000000.0,-46705000000.0,59126000000.0,11186000000.0,25882500000.0,15205000000.0,24.972105464272065,63.50784743783291,38.99222377303671,3.604021300036724,1.417147701126226,2.3081525312294544,0.0342077112692432,1.880272952853598,2014-10-23,0.95,bmo,38445618556.0,2025-04-25,2014-09-30,0.0210526315789473,34.84828125,12053120.84375
2014-06-30,GM,USD,1467858,2014-07-24,2014-07-24 12:16:47,2014,Q2,39649000000.0,36777000000.0,2872000000.0,0.0724356226,0,3343000000.0,0.0,3343000000.0,0.0,3343000000.0,40120000000.0,81000000.0,100000000.0,604000000.0,133000000.0,0.0033544352,-471000000.0,-0.0118792403,504000000.0,33000000.0,0.0008323035,-254000000.0,278000000.0,0.0070115261,0.12,0.11,1608000000,1688000000,https://www.sec.gov/Archives/edgar/data/1467858/000146785814000213/0001467858-14-000213-index.htm,https://www.sec.gov/Archives/edgar/data/1467858/000146785814000213/gm2014q2.htm,24.65733830845771,0.1728855721393034,2.3818407960199006,0.6106965174129353,18.53171641791045,26.48320895522388,22.258706467661693,26.11567164179105,24.98507462686567,58370399999.99999,78582400000.0,52.491366906474816,1.4721783651542282,15.24031331592689,59.44032586558044,1.3899699957136733,1.3899699957136733,1.9819516255138845,590.8451127819549,20.517597911227156,80.02281059063137,0.0047626879377218,0.0168235955210175,0.9543268085917036,0.2237657595283029,151.9699248120301,1.266714583880465,-4.71,13.776978417266188,0.0106560859613776,2.237410071942446,0.0843148629221418,0.0,0.0379289550972093,0.743603133159269,0.0718303109788393,1.565695437053326,0.0,10.079087942658685,-0.0334242270939563,0.0016134180668001,-56.28358208955224,19296000000.0,35792000000.0,-44870000000.0,57860000000.0,11607000000.0,27353500000.0,15018500000.0,26.058664783474995,66.05432743290643,37.197161269271554,3.4537456445993038,1.3625148192056906,2.4195394736842104,0.0066199933323808,1.771144278606965,2014-07-24,0.78,bmo,40332603448.0,2025-04-25,2014-06-30,-0.2564102564102565,34.870158730158735,17209941.634920634
2014-03-31,GM,USD,1467858,2014-04-24,2014-04-24 14:05:16,2014,Q1,37408000000.0,35002000000.0,2406000000.0,0.064317793,0,2941000000.0,0.0,2941000000.0,0.0,2941000000.0,37943000000.0,89000000.0,103000000.0,694000000.0,159000000.0,0.0042504277,-535000000.0,-0.0143017536,591000000.0,56000000.0,0.001497006,-224000000.0,213000000.0,0.0056939692,0.08,0.06,1587000000,1691000000,https://www.sec.gov/Archives/edgar/data/1467858/000146785814000125/0001467858-14-000125-index.htm,https://www.sec.gov/Archives/edgar/data/1467858/000146785814000125/gm2014q1.htm,23.57151858853182,0.1342155009451796,1.2451165721487083,-0.2539382482671707,17.732829237555137,26.99432892249527,22.580340264650285,26.604914933837428,23.86263390044108,54624540000.0,72965540000.0,64.11330985915492,1.4602368477331051,27.6439979757085,-135.54476426799008,1.2937459144521817,1.2937459144521817,1.950533041060736,458.9027672955974,36.92588056680162,-181.05593052109185,0.0038993463377449,-0.0073776364981746,0.8944862867699304,0.2175443245049134,115.35220125786164,1.2542977666059922,-5.194174757281553,9.27699530516432,0.0104531772716072,2.68075117370892,0.0786195466210436,0.0,0.0403499879036438,1.2039473684210529,0.0635960222412318,1.4803982576228998,0.0,8.963415625340588,-0.0224350641181552,0.0012785037304698,-54.44549464398236,17603000000.0,35835000000.0,-43941000000.0,54701000000.0,10134500000.0,25668000000.0,14438000000.0,28.230859709153123,71.26307068167533,38.15010570824524,3.188000681779444,1.2629262132419268,2.3591022443890277,0.0050447633934915,1.4990548204158791,2014-04-24,0.36,bmo,5159724137.0,2025-04-25,2014-03-31,-0.1944444444444444,36.72262295081967,26764244.01639344
2013-12-31,GM,USD,1467858,2014-02-06,2014-02-06 12:49:42,2013,Q4,40485000000.0,36210000000.0,4275000000.0,0.1055946647,7200000000,3629000000.0,5500000000.0,3629000000.0,2976000000.0,3629000000.0,39839000000.0,37000000.0,0.0,2393000000.0,2724000000.0,0.0672841793,165000000.0,0.0040755835,2442000000.0,2607000000.0,0.0643942201,134000000.0,1040000000.0,0.0256885266,0.66,0.66,1587000000,1587000000,https://www.sec.gov/Archives/edgar/data/1467858/000146785814000043/0001467858-14-000043-index.htm,https://www.sec.gov/Archives/edgar/data/1467858/000146785814000043/gm201310k.htm,25.51039697542533,0.6553245116572148,1.9269061121613107,0.4738500315059861,18.269061121613102,27.20478890989288,22.65028355387524,26.84751102709515,22.799621928166356,64860689999.99999,81022690000.0,15.59151201923077,1.6020918858836604,21.21016677567037,86.25091755319148,1.5223012650503438,1.5223012650503438,2.0013014696801283,29.74401248164464,26.49532047089601,107.74293882978724,0.0160343653451728,0.0115940795572788,0.8492266528974112,0.2175191170105324,5.9331864904552125,1.3058546433378198,0.0,2.940384615384616,0.0025901667096048,0.1615384615384615,0.0896381375818204,0.1778436457947388,0.0434521233107295,0.7540876389797253,0.0569593676670371,0.2867802512125357,0.0076818574780783,19.89626148786408,0.0013254211816561,0.0065361120189044,-50.88610586011343,19089000000.0,35946000000.0,-41669000000.0,55567000000.0,9801000000.0,25431500000.0,14698000000.0,18.973693960726195,58.71002485501243,34.893951946975974,4.743409490333919,1.5329579611362771,2.5792435358643777,0.024409134649236,1.4530560806553243,2014-02-06,0.88,bmo,53174328358.0,2025-04-25,2013-12-31,-0.2386363636363636,37.78125,21826305.1875
2013-09-30,GM,USD,1467858,2013-10-30,2013-10-30 14:12:53,2013,Q3,38983000000.0,33791000000.0,5192000000.0,0.1331862607,0,2876000000.0,0.0,2876000000.0,60000000.0,2876000000.0,36667000000.0,0.0,147000000.0,60000000.0,2256000000.0,0.0578713798,2256000000.0,0.0578713798,-145000000.0,2111000000.0,0.0541518098,842000000.0,1717000000.0,0.0440448401,0.5,0.45,1386000000,1681000000,https://www.sec.gov/Archives/edgar/data/1467858/000146785813000135/0001467858-13-000135-index.htm,https://www.sec.gov/Archives/edgar/data/1467858/000146785813000135/gm2013q3.htm,28.126262626262623,1.2388167388167388,2.784992784992785,0.9422799422799424,20.61327561327561,26.955988455988457,20.95526695526696,26.535353535353536,23.282828282828284,49854420000.0,61622420000.0,7.258942923704135,1.2788759202729394,12.915652849740932,38.173369065849926,1.3555500570993528,1.3555500570993528,1.5807510966318652,27.314902482269503,15.964357512953368,47.18408882082695,0.0344402763084998,0.0261962730686667,0.8734297677959649,0.1905968351538813,5.216312056737588,1.2973163051643943,15.346938775510203,2.2481071636575423,0.020961030135342,0.6086196854979615,0.07377574840315,0.0,0.0493476287387488,0.6616580310880829,0.065515737629223,1.7315254237288136,0.0,27.196137647198317,0.0115501839695236,0.0107163810213329,-62.50306637806638,18601000000.0,29044000000.0,-50014000000.0,56265000000.0,11093000000.0,27031000000.0,15067000000.0,25.5503681091758,72.55718978426208,40.90231126631351,3.5224541429475016,1.2404008516261655,2.2003646545549262,0.0466855185165044,1.8427128427128427,2013-10-30,0.91,bmo,38170854166.0,2025-04-25,2013-09-30,0.0549450549450548,35.8603125,13502523.828125
2013-06-30,GM,USD,1467858,2013-07-25,2013-07-25 13:54:59,2013,Q2,39075000000.0,34399000000.0,4676000000.0,0.1196673065,0,2925000000.0,0.0,2925000000.0,0.0,2925000000.0,37324000000.0,251000000.0,61000000.0,251000000.0,2191000000.0,0.0560716571,1751000000.0,0.0448112604,-50000000.0,1701000000.0,0.0435316699,742000000.0,1414000000.0,0.0361868202,0.87,0.75,1376000000,1677000000,https://www.sec.gov/Archives/edgar/data/1467858/000146785813000106/0001467858-13-000106-index.htm,https://www.sec.gov/Archives/edgar/data/1467858/000146785813000106/gm2013q2.htm,28.39752906976744,1.0276162790697674,3.5559593023255816,1.7093023255813953,18.86264534883721,28.34593023255814,22.10247093023256,27.88808139534884,19.48328488372093,46784000000.0,53835000000.0,8.271570014144272,1.197287268074216,9.561414265276923,19.89115646258503,1.2191588054411842,1.2191588054411842,1.3777351247600769,24.570972158831584,11.002452483139178,22.8890306122449,0.0302240082079343,0.0502735978112175,0.6970344504091311,0.163987493102814,3.2181652213601097,1.295296646173839,28.704918032786885,3.4603960396039604,0.0054719562243502,0.181046676096181,0.0748560460652591,0.0,0.0526699773159217,0.51931330472103,0.0650287907869481,1.6102661596958174,0.0,25.39312002811729,0.0087323246387573,0.009150978196856,-59.90061773255814,17724000000.0,30413000000.0,-46361000000.0,54241000000.0,11839000000.0,26968500000.0,14988500000.0,25.609980806142037,70.17064449547952,38.66187970580541,3.5142548790358847,1.2825876211782252,2.32787439940448,0.0368478657424297,1.846656976744186,2013-07-25,0.75,bmo,34888392857.0,2025-04-25,2013-06-30,0.1199999999999999,31.6759375,14477075.796875
2013-03-31,GM,USD,1467858,2013-05-02,2013-05-02 16:06:27,2013,Q1,36884000000.0,32973000000.0,3911000000.0,0.1060351372,0,2939000000.0,0.0,2939000000.0,13000000.0,2952000000.0,35925000000.0,171000000.0,91000000.0,171000000.0,1685000000.0,0.0456837653,959000000.0,0.0260004338,80000000.0,1039000000.0,0.0281693959,409000000.0,1175000000.0,0.0318566316,0.63,0.58,1372000000,1507000000,https://www.sec.gov/Archives/edgar/data/1467858/000146785813000075/0001467858-13-000075-index.htm,https://www.sec.gov/Archives/edgar/data/1467858/000146785813000075/gm2013q1.htm,26.88338192419825,0.8564139941690962,0.5969387755102041,-1.1654518950437318,19.82725947521866,27.940962099125365,21.4067055393586,27.395772594752188,13.494897959183673,38141600000.0,35922600000.0,8.115234042553192,1.0340960850233163,46.57094017094017,-23.85340838023765,1.0147551014978582,1.0147551014978582,0.9739344973430214,21.31905044510386,43.86153846153846,-22.4656660412758,0.030806258783061,-0.0419227300375443,0.4901694734881741,0.11981141277841,-1.316913946587537,1.2835387962291516,10.538461538461538,0.6970212765957446,0.0057155441827296,0.185531914893617,0.079682247044789,0.0,0.0582994635018696,2.952380952380953,0.0655568810324259,1.6505119453924917,0.0,22.97602594450245,0.0055801072763778,0.0081140805193011,-51.90798104956268,16031000000.0,29370000000.0,-42870000000.0,51928000000.0,13499000000.0,26141500000.0,14957000000.0,30.64499511983516,74.0160131016286,41.48849058320444,2.936858030097938,1.215953092156212,2.1692763157894737,0.0312608082581743,1.7623906705539358,2013-05-02,0.54,bmo,29727402985.0,2025-04-25,2013-03-31,0.2407407407407407,28.41333333333333,10946215.016666668
2012-12-31,GM,USD,1467858,2013-02-15,2013-02-15 11:28:33,2012,Q4,39307000000.0,42293000000.0,-2986000000.0,-0.0759661129,7400000000,4909000000.0,0.0,4909000000.0,438000000.0,5347000000.0,47640000000.0,49000000.0,0.0,26528000000.0,-34902000000.0,-0.887933447,-34783000000.0,-0.8849059964,-252000000.0,-35035000000.0,-0.8913170682,-35645000000.0,1194000000.0,0.0303762689,0.87,0.87,1372000000,1372000000,https://www.sec.gov/Archives/edgar/data/1467858/000146785813000025/0001467858-13-000025-index.htm,https://www.sec.gov/Archives/edgar/data/1467858/000146785813000025/gm201210k.htm,28.649416909620992,0.8702623906705539,0.5692419825072886,-1.0903790087463556,19.97813411078717,26.96793002915452,20.567055393586006,26.41690962099125,11.357871720116618,39554760000.0,36715760000.0,8.281984924623115,1.0063032029918335,50.64629961587707,-26.44034759358289,1.0913464297538902,1.0913464297538902,0.9340768819803088,-1.0519672225087389,47.01121638924456,-24.54262032085561,0.0301860003701198,-0.0378209853883578,0.429947025714601,0.1042885251167833,0.0813420434359062,1.29641428359757,0.0,0.6541038525963149,0.0065731659097413,0.2177554438860971,0.1248886966698043,0.188261632788053,0.0587731391629077,2.915492957746479,0.0579286132241076,0.0587430989113048,0.0024423130740071,22.7435038136182,0.0059883951272348,0.0084897610921501,-48.70681486880466,16004000000.0,28218000000.0,-42426000000.0,50631000000.0,13727000000.0,25739500000.0,15193000000.0,33.06052357086524,53.55354313952664,31.31156456151136,2.7222799362836763,1.6805610744655488,2.8743373657740925,0.0329433837324798,1.6596209912536444,2013-02-14,0.49,bmo,41763687500.0,2025-04-25,2012-12-31,-0.0204081632653061,25.20403225806452,9605570.08064516
2012-09-30,GM,USD,1467858,2012-10-31,2012-10-31 13:45:12,2012,Q3,37576000000.0,33046000000.0,4530000000.0,0.1205556738,0,2849000000.0,0.0,2849000000.0,95000000.0,2849000000.0,35895000000.0,318000000.0,128000000.0,396000000.0,1921000000.0,0.0511230573,1603000000.0,0.0426602086,190000000.0,1793000000.0,0.0477166276,-357000000.0,1833000000.0,0.0487811369,0.94,0.89,1570000000,1663000000,https://www.sec.gov/Archives/edgar/data/1467858/000146785812000060/0001467858-12-000060-index.htm,https://www.sec.gov/Archives/edgar/data/1467858/000146785812000060/gm2012q3.htm,23.93375796178344,1.167515923566879,2.154777070063694,0.7713375796178344,21.48471337579618,27.152229299363057,3.386624203821656,26.5343949044586,10.688535031847136,36251300000.0,29584300000.0,4.944258046917621,0.9647461145411964,10.715725687259829,29.935012386457476,0.8701913152019972,0.8701913152019972,0.7873190334255908,15.400468505986463,8.744989654153118,24.42964492155244,0.0505637039223421,0.0334056985542587,0.3997455531817854,0.1071235590778098,-3.4705882352941178,1.2513579647015949,12.5234375,1.8456082924168031,0.0060687478793863,0.1200218221494817,0.0758196721311475,0.0,0.2400164676821737,0.6420336979012711,0.0578028528848201,6.621951219512195,0.0021024057909303,26.401418387962863,0.0184626941268758,0.0155149647887323,-39.171178343949045,14484000000.0,5317000000.0,-40720000000.0,78374000000.0,12066000000.0,26369000000.0,15552500000.0,31.172823078560786,71.66283362585487,42.682321612298,2.8871302343449865,1.2558811233990803,2.1086013272077597,0.0440000960176672,1.3834394904458598,2012-10-31,0.6,bmo,24242580645.0,2025-04-25,2012-09-30,0.5500000000000002,21.222698412698414,8242802.841269841
2012-06-30,GM,USD,1467858,2012-08-03,2012-08-03 09:09:05,2012,Q2,37614000000.0,32946000000.0,4668000000.0,0.1241027277,0,2847000000.0,0.0,2847000000.0,5000000.0,2847000000.0,35793000000.0,139000000.0,118000000.0,139000000.0,1960000000.0,0.0521082576,1821000000.0,0.048412825,21000000.0,1842000000.0,0.0489711278,-241000000.0,1846000000.0,0.0490774712,0.95,0.9,1569000000,1671000000,https://www.sec.gov/Archives/edgar/data/1467858/000146785812000047/0001467858-12-000047-index.htm,https://www.sec.gov/Archives/edgar/data/1467858/000146785812000047/gm2012q2.htm,23.97323135755258,1.1765455704270236,2.5124282982791586,1.0012746972594009,21.392606755895475,26.520076481835563,2.5576800509878903,25.94008922880816,9.503505417463352,30940680000.0,23549680000.0,4.190232936078006,0.8225841442016271,7.848980213089802,19.694894971355826,0.7602132678132677,0.7602132678132677,0.6260881586643271,12.015142857142855,5.974043632673769,14.990248249522596,0.0596625542812892,0.0507745789685294,0.3634643734643735,0.0973306927566173,-3.770918367346938,1.2397486363877073,15.432203389830509,2.1354279523293607,0.0078214182752285,0.1310942578548212,0.0756899026958047,0.0,0.2473698408416509,0.6014713343480467,0.063035040144627,0.0,0.0,26.204831315414143,0.0205047640398767,0.0161377742809686,-38.72386870618228,13582000000.0,4013000000.0,-40144000000.0,76205000000.0,11801000000.0,27000500000.0,15638500000.0,26.599936193970333,72.18630486250227,42.15898743398288,3.383466762615813,1.2467738883632924,2.134776129074062,0.0453562653562653,1.5111536010197577,2012-08-02,0.74,bmo,30927066666.0,2025-04-25,2012-06-30,0.2162162162162162,22.4215873015873,9595317.73015873
2012-03-31,GM,USD,1467858,2012-05-03,2012-05-03 12:19:35,2012,Q1,37759000000.0,33158000000.0,4601000000.0,0.121851744,0,2988000000.0,0.0,2988000000.0,632000000.0,2988000000.0,36146000000.0,275000000.0,110000000.0,892000000.0,1253000000.0,0.0331841415,996000000.0,0.0263778172,147000000.0,1143000000.0,0.0302709288,216000000.0,1315000000.0,0.0348261342,0.64,0.6,1572000000,1692000000,https://www.sec.gov/Archives/edgar/data/1467858/000146785812000029/0001467858-12-000029-index.htm,https://www.sec.gov/Archives/edgar/data/1467858/000146785812000029/gm2012q1.htm,24.01972010178117,0.8365139949109415,1.5896946564885497,0.1278625954198473,20.396946564885496,25.53435114503817,1.2849872773536897,24.97201017811705,9.118320610687023,40321800000.0,37167800000.0,7.66574144486692,1.0678725601843269,16.13517406962785,200.6059701492537,1.0271499898104748,1.0271499898104748,0.98434280568871,29.66304868316041,14.873069227691076,184.9144278606965,0.0326126313805435,0.0049848965075963,0.362339514978602,0.0947041825905162,-2.5171588188347966,1.223394665676865,9.054545454545456,1.9003802281368825,0.0053817041897931,0.1650190114068441,0.0791334516274265,0.0,0.2538050787647975,0.9195678271308524,0.0608596625969967,0.0,0.0,21.679767293232217,0.0081621098705533,0.0117333190570515,-38.61593511450382,12639000000.0,2020000000.0,-40838000000.0,75034000000.0,11217000000.0,26063500000.0,15084000000.0,29.75846817977171,74.84890524157066,43.005006333313226,3.024349219062876,1.202422396286626,2.0927796011108306,0.033498063990218,1.4618320610687023,2012-05-03,0.85,bmo,34143776595.0,2025-04-25,2012-03-31,0.1058823529411764,25.148709677419355,11034475.306451611
2011-12-31,GM,USD,1467858,2012-02-27,2012-02-27 13:41:16,2011,Q4,37990000000.0,33396000000.0,4594000000.0,0.1209265596,0,3253000000.0,0.0,3253000000.0,2129000000.0,3253000000.0,36649000000.0,-213000000.0,135000000.0,678000000.0,1128000000.0,0.0296920242,450000000.0,0.0118452224,-285000000.0,165000000.0,0.0043432482,-73000000.0,725000000.0,0.0190839695,0.46,0.46,1572000000,1572000000,https://www.sec.gov/Archives/edgar/data/1467858/000146785812000014/0001467858-12-000014-index.htm,https://www.sec.gov/Archives/edgar/data/1467858/000146785812000014/gm201110k.htm,24.166666666666668,0.4611959287531806,0.9173027989821882,-0.6316793893129771,20.13167938931298,24.803435114503817,-0.0260814249363867,24.24936386768448,8.566793893129772,31864440000.0,29697440000.0,10.987737931034482,0.8387586206896551,22.09739251040222,-32.08906344410876,0.8358982161594962,0.8358982161594962,0.7817172940247433,26.327517730496453,20.5946185852982,-29.90678751258812,0.0227526358536349,-0.0311632653829786,0.3497376705141657,0.0921972573183129,-1.921099290780142,1.231239270824818,3.333333333333333,1.9889655172413792,0.0083792465833386,0.3682758620689655,0.0856277967886285,0.0,0.269925243597989,1.688626907073509,0.0640958146880758,0.0,0.0,15.86295771724768,0.0066578889456664,0.0068674162412026,-37.74888676844784,11315000000.0,-41000000.0,-45365000000.0,73304000000.0,10230500000.0,25098500000.0,14772000000.0,23.569623585153987,66.16331297161337,38.60222781171397,3.818474218514424,1.3602704574151765,2.3314716559620217,0.01901888772298,1.548982188295165,2012-02-16,0.41,bmo,39938205128.0,2025-04-25,2011-12-31,-0.0487804878048779,22.11095238095238,12116592.936507937
2011-09-30,GM,USD,1467858,2011-11-09,2011-11-09 08:54:48,2011,Q3,36719000000.0,31946000000.0,4773000000.0,0.1299872001,0,2967000000.0,0.0,2967000000.0,25000000.0,2967000000.0,34913000000.0,152000000.0,101000000.0,152000000.0,1923000000.0,0.0523707073,1806000000.0,0.049184346,16000000.0,1822000000.0,0.0496200877,107000000.0,2107000000.0,0.057381737,1.1,1.03,1562000000,1682000000,https://www.sec.gov/Archives/edgar/data/1467858/000119312511303419/0001193125-11-303419-index.htm,https://www.sec.gov/Archives/edgar/data/1467858/000119312511303419/d235880d10q.htm,23.50768245838668,1.348911651728553,1.3040973111395646,-0.0717029449423815,20.47183098591549,29.20358514724712,3.351472471190781,28.645326504481435,7.532650448143406,31521160000.0,22889160000.0,3.7400522069292834,0.8584427680492388,15.474305351006382,-281.43892857142856,0.7044779188271053,0.7044779188271053,0.6233601132928457,11.902839313572542,11.236701030927836,-204.3675,0.066843986706073,-0.003553168728562,0.2607053459681745,0.078553775497148,-4.488819552782111,1.2369560176238694,17.88118811881188,0.9667774086378738,0.0067890902492167,0.1015662078785002,0.0808028541082273,0.0,0.271931419489956,1.0549828178694158,0.0585255589749176,0.0,0.0,29.485595305384876,0.0172947913032978,0.0194883273521032,-35.473751600512166,12262000000.0,5235000000.0,-38871000000.0,74199000000.0,11150500000.0,25529000000.0,14662500000.0,25.765407554671967,72.25129906717585,42.87860765041006,3.493055555555556,1.2456523434453717,2.098948751642576,0.047090112640801,1.3758002560819462,2011-11-09,0.94,bmo,33510543689.0,2025-04-25,2011-09-30,0.0957446808510639,25.32421875,14212031.859375
2011-06-30,GM,USD,1467858,2011-08-05,2011-08-05 10:56:26,2011,Q2,39373000000.0,33979000000.0,5394000000.0,0.1369974348,0,2943000000.0,0.0,2943000000.0,19000000.0,2943000000.0,36922000000.0,308000000.0,155000000.0,308000000.0,2749000000.0,0.0698194194,2451000000.0,0.062250781,143000000.0,2594000000.0,0.0658827115,-61000000.0,2992000000.0,0.0759911615,1.68,1.54,1505000000,1654000000,https://www.sec.gov/Archives/edgar/data/1467858/000119312511211642/0001193125-11-211642-index.htm,https://www.sec.gov/Archives/edgar/data/1467858/000119312511211642/d10q.htm,26.16146179401993,1.9880398671096349,3.3647840531561464,2.5860465116279068,21.7734219269103,27.928239202657807,0.6,27.32093023255814,8.090365448504983,45691800000.0,37241800000.0,3.8178308823529408,1.160485611967592,9.022867298578198,11.739928057553955,1.1112359550561797,1.1112359550561797,0.9458715363320042,13.547399054201527,7.354225908372828,9.568807810894144,0.0654822090615821,0.0851793976162024,0.2923537137020283,0.079918891068045,-3.0738450345580213,1.225375129995543,15.812903225806451,1.692513368983957,0.0046835537229874,0.0715240641711229,0.0747466537982881,0.0,0.2734368247847621,0.2314375987361769,0.0297665913189241,0.0,0.0,34.95839979817506,0.0254441166783386,0.0273777062020752,-39.68089700996678,12136000000.0,903000000.0,-42399000000.0,74254000000.0,12389500000.0,25075500000.0,14048000000.0,26.947654484037283,67.30863180199536,37.3598399011154,3.3398082958690303,1.3371241932945066,2.40900389932648,0.0727661851257356,0.7787375415282392,2011-08-04,1.2,bmo,30680259740.0,2025-04-25,2011-06-30,0.2833333333333334,30.74571428571429,14884020.063492063
2011-03-31,GM,USD,1467858,2011-05-06,2011-05-06 14:39:06,2011,Q1,36194000000.0,31850000000.0,4344000000.0,0.1200198928,0,3000000000.0,0.0,3000000000.0,6000000.0,3000000000.0,34850000000.0,604000000.0,149000000.0,999000000.0,1553000000.0,0.0429076643,949000000.0,0.0262198154,455000000.0,1404000000.0,0.0387909598,137000000.0,3366000000.0,0.0929988396,2.09,1.77,1504000000,1817000000,https://www.sec.gov/Archives/edgar/data/1467858/000119312511130473/0001193125-11-130473-index.htm,https://www.sec.gov/Archives/edgar/data/1467858/000119312511130473/d10q.htm,24.065159574468087,2.238031914893617,-0.2506648936170212,-1.1296542553191489,19.67619680851064,25.98803191489361,-1.608377659574468,25.39760638297872,8.399601063829786,46669120000.0,38178120000.0,3.466215092097445,1.2894159252914847,-123.79076923076924,-27.46858151854032,1.2217686789884288,1.2217686789884288,1.054819030778582,24.58346426271732,-101.2682228116711,-22.47093584461448,0.0721247797258658,-0.0364052289822477,0.3268233938949683,0.0855971367058404,-5.467482292337412,1.2180062691072326,6.369127516778524,-0.112002376708259,0.0047354653355366,0.0656565656565656,0.0828866662982814,0.0,0.2845809963934561,-3.506631299734748,0.036525390948776,0.0,0.0,35.76191699360893,0.0089294644619073,0.0322596103161748,-40.17885638297872,11267000000.0,-2419000000.0,-43811000000.0,72716000000.0,10844500000.0,23118000000.0,13058000000.0,32.300933856440295,69.90612244897959,39.53500784929357,2.78629715165512,1.2874408828166053,2.2764634407833606,0.0881197968480025,0.8789893617021277,2011-05-05,0.91,bmo,34670042105.0,2025-04-25,2011-03-31,0.0439560439560438,34.983870967741936,16610449.85483871
2010-12-31,GM,USD,1467858,2011-03-01,2011-03-01 11:56:53,2010,Q4,36882000000.0,32974000000.0,3908000000.0,0.1059595467,0,3699000000.0,0.0,3699000000.0,-115000000.0,3584000000.0,36558000000.0,753000000.0,248000000.0,950000000.0,1274000000.0,0.0345425953,324000000.0,0.0087847731,702000000.0,1026000000.0,0.027818448,-173000000.0,1406000000.0,0.0381215769,0.93,0.93,1500136998,1504000000,https://www.sec.gov/Archives/edgar/data/1467858/000119312511051462/0001193125-11-051462-index.htm,https://www.sec.gov/Archives/edgar/data/1467858/000119312511051462/d10k.htm,24.58575453386691,0.9372477326234172,-1.0259063019256325,-1.751173395164806,17.742379552990666,24.770404336097844,-4.333604203260908,24.11779727333943,7.336663261204361,55295049746.28,44992049746.28,9.831978973378378,1.4992421708768504,-35.92920711259259,-21.04874371765512,1.5283319443416252,1.5283319443416252,1.219891810267339,35.31558064857143,-29.23460022500325,-17.126779499916253,0.0254272309447481,-0.0475087736072926,0.297346600331675,0.077452519114746,-8.08712715855573,1.1250291579192908,1.3064516129032258,-1.0945945945945943,0.0174337486705101,0.6856330014224751,0.1002928257686676,0.0,0.3143313798614811,-0.7069525666016894,0.0294994848435551,0.0,0.0,22.552115050077763,0.0040557384978884,0.0147630147630147,-41.68702597387709,5896000000.0,-6501000000.0,-48686000000.0,68791000000.0,8712000000.0,21817000000.0,12584500000.0,21.227428013665204,58.67441014132346,33.09425608054831,4.2397976778940105,1.5338884495511005,2.719505154639175,0.0388612493090105,0.7252670932391736,2011-03-01,,bmo,,2025-04-25,2010-12-31,,34.403666666666666,37671523.5
2010-09-30,GM,USD,1467858,2010-11-10,2010-11-10 08:11:38,2010,Q3,34060000000.0,29587000000.0,4473000000.0,0.1313270699,0,2740000000.0,0.0,2740000000.0,30000000.0,2740000000.0,32327000000.0,377000000.0,263000000.0,377000000.0,2110000000.0,0.0619495009,1733000000.0,0.0508807986,114000000.0,1847000000.0,0.0542278332,-25000000.0,2162000000.0,0.0634762184,1.31,1.31,1500000000,1500000000,https://www.sec.gov/Archives/edgar/data/1467858/000119312510255233/0001193125-10-255233-index.htm,https://www.sec.gov/Archives/edgar/data/1467858/000119312510255233/d10q.htm,22.706666666666667,1.4413333333333334,1.7493333333333334,0.9086666666666666,22.317333333333337,15.812,-12.861333333333333,15.164666666666667,5.886,51285000000.0,32385000000.0,5.93027289546716,1.5057251908396947,19.544588414634145,37.62655906089508,2.2545830219369587,2.2545830219369587,0.950822078684674,15.348341232227488,12.341844512195122,23.76008804108584,0.0421565759968801,0.0265769718241201,0.3765771310502483,0.0624171147932788,-8.957345971563981,1.1714889003024596,6.5893536121673,1.213691026827012,0.003958272399337,0.0938945420906568,0.0804462712859659,0.0,0.3133971640507731,0.4805640243902439,0.0370229007633587,0.0,0.0,22.176341898518796,0.0194535048978617,0.0229443477522604,-44.652166666666666,9015000000.0,-19292000000.0,-51936000000.0,71141000000.0,8693500000.0,21446000000.0,12288500000.0,23.05490311215502,67.33802007638491,39.67823706357522,3.903724928366762,1.336540633328816,2.2682459368291936,0.0950455005055611,0.8406666666666667,2011-02-24,0.46,bmo,32626384615.0,2025-04-25,2010-09-30,0.1304347826086956,,
2010-06-30,GM,USD,1467858,2010-08-16,2010-08-16 14:09:50,2010,Q2,33174000000.0,28609000000.0,4565000000.0,0.1376077651,0,2662000000.0,0.0,2662000000.0,39000000.0,2662000000.0,31271000000.0,0.0,250000000.0,0.0,1903000000.0,0.0573642009,1903000000.0,0.0573642009,-341000000.0,1562000000.0,0.0470850666,361000000.0,1536000000.0,0.0463013203,2.67,2.56,500000000,522000000,https://www.sec.gov/Archives/edgar/data/1467858/000119312510189968/0001193125-10-189968-index.htm,https://www.sec.gov/Archives/edgar/data/1467858/000119312510189968/d10q.htm,66.348,3.072,7.898,5.706,63.068,47.802,-38.21,46.03,16.822,17094999999.999998,-1517000000.000002,2.7823893229166665,0.5153131970820521,4.328944036464928,5.991938310550298,0.7427764501412122,0.7427764501412122,-0.0457285826249473,-0.7971623751970582,-0.3841478855406436,-0.5317209954433936,0.0898508335770693,0.166890903773033,0.3545948294590484,0.0618730998718716,-9.780346820809248,1.1481716884819353,7.612,2.5709635416666665,0.0118163205615677,0.1315104166666666,0.0802435642370531,0.0,0.3260525098749801,0.2775386173714864,0.0330379212636402,0.0,0.0,56.40561674159764,0.016803598475413,0.0172792008369612,-128.402,7460000000.0,-19105000000.0,-50191000000.0,68572000000.0,8678000000.0,20602500000.0,11362500000.0,23.499728703201303,65.29239050648397,36.28124016917753,3.829831447702609,1.378414839797639,2.480620827191537,0.0667390832066043,2.192,2010-08-16,,bmo,,2025-04-25,2010-06-30,,,
2010-03-31,GM,USD,1467858,2010-05-17,2010-05-17 08:47:51,2010,Q1,31476000000.0,27591000000.0,3885000000.0,0.1234273732,0,0.0,0.0,2684000000.0,46000000.0,2684000000.0,30275000000.0,485000000.0,337000000.0,531000000.0,1639000000.0,0.0520714195,1155000000.0,0.0366946245,109000000.0,1302000000.0,0.0413648494,509000000.0,1068000000.0,0.0339306138,0.56,0.55,1548000000,1581000000,https://www.sec.gov/Archives/edgar/data/1467858/000119312510121463/0001193125-10-121463-index.htm,https://www.sec.gov/Archives/edgar/data/1467858/000119312510121463/d10q.htm,20.33333333333333,0.689922480620155,1.127906976744186,0.6401808785529716,15.156976744186046,14.892118863049095,-13.645994832041344,14.366279069767442,9.374031007751938,52926120000.0,43790120000.0,12.389073033707865,1.6814754098360656,30.31278350515464,53.40678102926337,2.379878591663294,2.379878591663294,1.3912225187444405,26.71758389261745,25.0802520045819,44.187810292633706,0.0201790722614845,0.0187242140553662,0.6373488016547507,0.1042044978348931,-5.574130567419158,1.1598639455782314,3.427299703264095,1.6348314606741574,0.0038355352706754,0.1900749063670412,0.0,0.0,0.3247807323869108,0.4324169530355097,0.02398652941924,0.0,0.0,14.933567058631562,0.0075840672510186,0.011628413396629,-49.992571059431526,8319000000.0,-21124000000.0,-52611000000.0,70928000000.0,8106000000.0,19587500000.0,10649500000.0,24.858940144872285,66.70653473958899,36.50755681200391,3.6204278812974464,1.34919315403423,2.4652430307362403,0.0480237420747335,0.4877260981912145,2010-05-17,,bmo,,2025-04-25,2010-03-31,,,
2009-12-31,GM,USD,1467858,2010-04-07,2010-04-07 11:23:48,2009,Q4,32327000000.0,32827000000.0,-500000000.0,-0.0154669471,0,0.0,0.0,3370000000.0,-33000000.0,3337000000.0,36164000000.0,-14000000.0,329000000.0,74000000.0,-4040000000.0,-0.1249729328,-3925000000.0,-0.121415535,-444000000.0,-4369000000.0,-0.1351501841,-861000000.0,-3439000000.0,-0.1063816624,-6.88,-6.88,500000000,500000000,https://www.sec.gov/Archives/edgar/data/1467858/000119312510078119/0001193125-10-078119-index.htm,https://www.sec.gov/Archives/edgar/data/1467858/000119312510078119/d10k.htm,64.654,-6.878,-3.79,-5.752,45.626,43.914,-46.524,42.498,32.224,17094999999.999998,10198999999.999998,-1.2427304448967722,0.5288149225105948,-9.021108179419524,-5.944019471488177,0.8045084474563509,0.8045084474563509,0.3154947876388158,-2.524504950495049,-5.382058047493403,-3.5462447844228087,-0.2011699327288681,-0.1682363264112313,0.7427643653819003,0.1158002861440258,1.706930693069307,1.1299132258987317,-11.930091185410337,0.5510322768246584,0.0032758116408306,-0.01628380343123,0.0,0.0,0.3317729924061778,-0.5176781002638522,0.0303461502768583,0.0,0.0,,-0.0334977221638944,-0.0377596732399314,-161.666,6812000000.0,-23262000000.0,-55091000000.0,70718000000.0,7621500000.0,19523500000.0,10358500000.0,20.93049153957992,51.3373137965699,27.70981204496299,4.299946794360202,1.7531108144192256,3.247946967448303,-0.1618429102546002,1.962,2010-04-07,,bmo,,2025-04-25,2009-12-31,,,
2009-09-30,GM,USD,1467858,2010-04-07,2010-04-07 11:27:54,2009,Q3,26784000000.0,25373000000.0,1411000000.0,0.0526807049,0,0.0,0.0,3364000000.0,41000000.0,3405000000.0,28778000000.0,473000000.0,1188000000.0,473000000.0,78000000.0,0.0029121864,-1994000000.0,-0.0744474313,128597000000.0,126603000000.0,4.7268145161,-746000000.0,127140000000.0,4.7468637993,254.28,254.28,500000000,500000000,https://www.sec.gov/Archives/edgar/data/1467858/000119312510078123/0001193125-10-078123-index.htm,https://www.sec.gov/Archives/edgar/data/1467858/000119312510078123/d10q.htm,53.568,254.28,-0.516,-3.044,50.458,41.972,-50.064,37.138,33.324,17094999999.999998,7476999999.999998,0.0336145194274028,0.6382541816009557,-66.25968992248062,-11.231931668856769,0.9206203888200764,0.9206203888200764,0.2791591995221026,95.85897435897434,-28.980620155038757,-4.912614980289092,7.43726235741445,-0.0890318806668616,0.8333243578006355,0.1072022390954941,-123.3076923076923,1.1627084042191222,-1.6784511784511784,-0.0020292590844738,0.0023983620941795,0.0003224791568349,0.0,0.0,0.3188078479188605,-4.89922480620155,0.0471923536439665,0.0,0.0,460.9529687506091,-0.0203879843889874,1.2930455830604315,-174.0605,9564000000.0,-25032000000.0,-55014000000.0,74226000000.0,,,,25.95766129032258,72.08371103141134,37.63449335908249,3.4671844660194173,1.2485483712233048,2.3914231856738923,6.846895363239808,2.528,2010-04-07,,bmo,,2025-04-25,2009-09-30,,,
2009-06-30,GM,USD,1467858,2009-06-30,2009-06-29 20:00:00,2009,Q2,23047000000.0,29384000000.0,-6337000000.0,-0.2749598646,0,0.0,0.0,2936000000.0,1154000000.0,4090000000.0,33474000000.0,408000000.0,3375000000.0,1303000000.0,-8139000000.0,-0.3531479151,-9442000000.0,-0.4096845576,-4238000000.0,-13680000000.0,-0.593569662,-445000000.0,-12905000000.0,-0.5599427257,-21.12,-21.12,611000000,611000000,,,37.72013093289689,-21.121112929623568,-9.322422258592471,-11.888707037643208,,,,,,20890090000.0,,-0.4046898488957768,0.9064125482709248,-3.667501755617977,-2.8758383810572687,0.0,0.0,,,,,-0.6177570321621401,-0.3477246866815796,0.0,0.0,,0.0,-2.797629629629629,0.4413793103448276,0.0,0.0,0.0,0.0,0.0,-0.2752808988764045,0.0680348852345207,0.0,0.0,,0.0,0.0,,,,,,,,,,,,0.0,0.0,0.0,0.0,2.5662847790507364,2009-06-29,,bmo,,2025-04-25,2009-06-30,,,
2009-03-31,GM,USD,1467858,2009-03-31,2009-03-30 20:00:00,2009,Q1,22431000000.0,24611000000.0,-2180000000.0,-0.0971869288,0,0.0,0.0,2497000000.0,0.0,2497000000.0,27108000000.0,425000000.0,1230000000.0,910000000.0,-4752000000.0,-0.2118496723,-5662000000.0,-0.2524185279,-399000000.0,-6061000000.0,-0.2702064108,-114000000.0,-5975000000.0,-0.266372431,-9.78,-9.78,611000000,611000000,,,36.71194762684125,-9.779050736497544,-15.368248772504092,-17.93126022913257,,,,,,20890090000.0,,-0.8740623430962342,0.9313044447416522,-2.224716719914803,-1.9067259948886457,0.0,0.0,,,,,-0.286020787847252,-0.5244592052978231,0.0,0.0,,0.0,-4.603252032520325,1.5715481171548118,0.0,0.0,0.0,0.0,0.0,-0.1667731629392971,0.0698140965627925,0.0,0.0,,0.0,0.0,,,,,,,,,,,,0.0,0.0,0.0,0.0,2.563011456628478,2009-03-30,,bmo,,2025-04-25,2009-03-31,,,
