date,symbol,reportedCurrency,cik,fillingDate,acceptedDate,calendarYear,period,revenue,costOfRevenue,grossProfit,grossProfitRatio,researchAndDevelopmentExpenses,generalAndAdministrativeExpenses,sellingAndMarketingExpenses,sellingGeneralAndAdministrativeExpenses,otherExpenses,operatingExpenses,costAndExpenses,interestIncome,interestExpense,depreciationAndAmortization,ebitda,ebitdaratio,operatingIncome,operatingIncomeRatio,totalOtherIncomeExpensesNet,incomeBeforeTax,incomeBeforeTaxRatio,incomeTaxExpense,netIncome,netIncomeRatio,eps,epsdiluted,weightedAverageShsOut,weightedAverageShsOutDil,link,finalLink,revenuePerShare,netIncomePerShare,operatingCashFlowPerShare,freeCashFlowPerShare,cashPerShare,bookValuePerShare,tangibleBookValuePerShare,shareholdersEquityPerShare,interestDebtPerShare,marketCap,enterpriseValue,peRatio,priceToSalesRatio,pocfratio,pfcfRatio,pbRatio,ptbRatio,evToSales,enterpriseValueOverEBITDA,evToOperatingCashFlow,evToFreeCashFlow,earningsYield,freeCashFlowYield,debtToEquity,debtToAssets,netDebtToEBITDA,currentRatio,interestCoverage,incomeQuality,dividendYield,payoutRatio,salesGeneralAndAdministrativeToRevenue,researchAndDdevelopementToRevenue,intangiblesToTotalAssets,capexToOperatingCashFlow,capexToRevenue,capexToDepreciation,stockBasedCompensationToRevenue,grahamNumber,roic,returnOnTangibleAssets,grahamNetNet,workingCapital,tangibleAssetValue,netCurrentAssetValue,investedCapital,averageReceivables,averagePayables,averageInventory,daysSalesOutstanding,daysPayablesOutstanding,daysOfInventoryOnHand,receivablesTurnover,payablesTurnover,inventoryTurnover,roe,capexPerShare,report_date,epsEstimated,time,revenueEstimated,updatedFromDate,fiscalDateEnding,surprise(%),QuarterAvgPrice,QuarterAvgVolume
2025-03-31,GNRC,USD,1474735,2025-04-30,2025-04-30 06:01:33,2025,Q1,942121000.0,570135000.0,371986000.0,0.3948388795,62048000,74746000.0,126065000.0,200811000.0,25489000.0,288348000.0,858483000.0,0.0,-17110000.0,42234000.0,83638000.0,0.0887762825,83638000.0,0.0887762825,-25124000.0,58514000.0,0.0621087949,14236000.0,43840000.0,0.0465333009,0.74,0.73,59062534,59747589,https://www.sec.gov/Archives/edgar/data/1474735/000143774925013608/0001437749-25-013608-index.htm,https://www.sec.gov/Archives/edgar/data/1474735/000143774925013608/ex_808112.htm,15.9512458439389,0.7422641229717641,0.9845835601974002,0.9845835601974002,3.173991823649151,41.871298647633374,17.148451503960192,41.8069431291248,24.68251700815952,7480269931.1,8767727931.1,42.656648785926095,7.939818697492148,128.63306388602285,128.63306388602285,3.0294011118877835,3.0294011118877835,9.306371401444189,104.82947859944044,150.7725947706012,150.7725947706012,0.0058607510696546,0.00777405100827,0.597322073655529,0.2914604104691002,15.39321839355317,1.9735635994076943,-4.888252483927528,1.31333845250463,0.0,0.0,0.0793380043540054,0.0658599054686181,0.2885499996640617,0.0,0.0,0.0,0.0123211349709856,26.42376514535884,0.0151348580405643,0.0121768983351202,-23.870191549857985,980951000.0,1012831000.0,-598890000.0,3297091000.0,601113500.0,449196000.0,1063364500.0,56.37365051835168,69.40971875082218,172.86674208740035,1.5964905442960753,1.296648389011574,0.5206322448912502,0.0177545658069093,0.0,2025-04-30,0.99,bmo,1064087300.0,2025-05-11,2025-03-31,0.2727272727272727,143.46099999999998,836057.5833333334
2024-12-31,GNRC,USD,1474735,2025-02-19,2025-02-19 16:07:25,2024,Q4,1234801000.0,733384000.0,501417000.0,0.4060710997,59258000,75703000.0,144397000.0,220100000.0,24045000.0,303403000.0,1036787000.0,0.0,19880000.0,43834000.0,208719000.0,0.1690304754,198014000.0,0.1603610622,-53009000.0,145005000.0,0.1174318777,27336000.0,117226000.0,0.0949351353,1.98,1.95,59559797,60350412,https://www.sec.gov/Archives/edgar/data/1474735/000143774925004353/0001437749-25-004353-index.htm,https://www.sec.gov/Archives/edgar/data/1474735/000143774925004353/gnrc20241231_10k.htm,20.732122374426496,1.968206842612308,5.699381413271103,4.803911605004295,4.722598366142853,41.93169093574984,17.480852058646203,41.8785510635639,25.11118363952785,9234746524.85,10429206524.85,19.69432234497893,7.478732625621457,27.204706749220808,32.27578122763176,3.702372600347677,3.702372600347677,8.446062584052006,49.96769112946114,30.72347512431729,36.45046317926045,0.0126940138188475,0.0309829835859677,0.5916489661537326,0.2888317472483188,5.722813926858599,1.966961299015053,9.96046277665996,2.8848209808870644,2.956226240377879e-05,0.0023288349001074,0.0613078544639986,0.0479899190233891,0.2850249866371938,0.1571170173278264,0.0431923848458172,1.216726741798604,0.0088905013844336,43.06480166150654,0.038199456685333,0.0320899501894858,-22.76212005893841,999018000.0,1041156000.0,-579718000.0,3313551000.0,635378000.0,441752500.0,1063702500.0,44.61417669729778,56.29025176442355,126.60247564713713,2.01729599563475,1.5988558796406311,0.710886572635795,0.0469979689513358,0.8954698082668079,2025-02-12,2.49,bmo,1245675190.0,2025-05-11,2024-12-31,0.1244979919678713,172.730625,812932.5625
2024-09-30,GNRC,USD,1474735,2024-11-05,2024-11-05 16:10:03,2024,Q3,1173563000.0,701294000.0,472269000.0,0.4024232189,56936000,77242000.0,145310000.0,222552000.0,24157000.0,303645000.0,1004939000.0,0.0,22910000.0,43152000.0,203116000.0,0.1730763495,168624000.0,0.1436855116,-21393000.0,147231000.0,0.1254564092,33453000.0,113742000.0,0.0969202335,1.91,1.89,59493640,60312393,https://www.sec.gov/Archives/edgar/data/1474735/000143774924033337/0001437749-24-033337-index.htm,https://www.sec.gov/Archives/edgar/data/1474735/000143774924033337/gnrc20240930_10q.htm,19.725856410870136,1.91183460954818,3.568196533276498,4.488832755904665,3.599998251913986,40.5499142429342,2.835698067894316,40.49910208889556,28.47201818547327,9452349523.2,10909166523.2,20.77585571556681,8.054403149383543,44.52669535388746,35.39450200968332,3.92304993950874,3.92304993950874,9.295765564524444,53.70904568423954,51.389248054266666,40.84958088797522,0.0120331987005801,0.028252975553277,0.6935199438541503,0.3221541645274795,7.172339943677504,2.033769375187597,7.3602793539938896,1.862770046155736,0.0,0.0,0.0658183668026343,0.0485155036414747,0.4325780580801123,0.2580116353015992,0.0466715463933338,1.2692806822395255,0.0111753693666211,41.73871899275838,0.0297636641350423,0.0386459149838796,-25.52263149472784,1053901000.0,168706000.0,-701102000.0,4155286000.0,634485500.0,415554000.0,1123945500.0,50.511485109874805,54.51790547188483,140.62321936306313,1.781772992899101,1.6508337805900022,0.6400081039791633,0.0472068394344077,0.9206362226281668,2024-10-31,1.95,bmo,1233220000.0,2025-04-25,2024-09-30,0.1538461538461538,148.3571875,856812.25
2024-06-30,GNRC,USD,1474735,2024-08-06,2024-08-06 16:09:35,2024,Q2,998197000.0,647427000.0,350770000.0,0.3514035807,53996000,65386000.0,128153000.0,192399000.0,-950000.0,246395000.0,893822000.0,0.0,23318000.0,42880000.0,146115000.0,0.1463789212,104375000.0,0.104563528,-24544000.0,78691000.0,0.0788331361,19638000.0,59115000.0,0.0592217769,0.99,0.97,59880336,60641740,https://www.sec.gov/Archives/edgar/data/1474735/000143774924024883/0001437749-24-024883-index.htm,https://www.sec.gov/Archives/edgar/data/1474735/000143774924024883/gnrc20240630_10q.htm,16.669863041516667,0.9872189093928933,1.2969867102950123,0.8301890623993826,3.645888025745213,39.62100346263922,2.346763718894296,39.57414333814025,26.46693565647327,7973665541.76,9316879541.76,33.72099104186755,7.988068028415233,102.6687466749073,160.39719869971034,3.3648233105696765,3.3648233105696765,9.33370821767647,63.76401835376245,119.96394135970334,187.41711340843256,0.007413779734101,0.0062345228476973,0.6589536370016116,0.3050719674221256,9.19285494302433,2.252635177857383,4.4761557594991,1.31377822887592,0.0,0.0,0.0655041038993304,0.0540935306357362,0.436058458560464,0.3599093531108364,0.0280024884867415,0.6518656716417911,0.0127379665536963,29.648570102027332,0.0180962133138762,0.0204793090212196,-24.94845720304576,1143101000.0,140525000.0,-690389000.0,3998042000.0,565523500.0,393824000.0,1167241500.0,55.02819583709428,56.4799429124828,160.16009526942807,1.635525181789285,1.5934860298895386,0.5619377276755375,0.0249460588687322,0.4667976478956297,2024-07-31,1.24,bmo,999970000.0,2025-04-25,2024-06-30,0.0887096774193549,138.20111111111112,1038304.015873016
2024-03-31,GNRC,USD,1474735,2024-05-07,2024-05-07 16:09:09,2024,Q1,889273000.0,572894000.0,316379000.0,0.3557726367,49410000,66764000.0,108586000.0,175350000.0,24750000.0,249510000.0,822404000.0,0.0,23605000.0,41902000.0,108771000.0,0.1223145198,66869000.0,0.0751951313,-28358000.0,38511000.0,0.0433061613,12033000.0,23546000.0,0.0264778083,0.44,0.43,59849362,60486125,https://www.sec.gov/Archives/edgar/data/1474735/000143774924015075/0001437749-24-015075-index.htm,https://www.sec.gov/Archives/edgar/data/1474735/000143774924015075/gnrc20240331_10q.htm,14.858520964684637,0.3934210693841649,1.8696606991399507,1.4215356213822297,4.166376911419707,39.756965161967805,2.143414661629977,39.55604405607532,26.480900498154018,7625407212.42,8937312212.42,80.96287280663381,8.57487769494857,68.14605455343259,89.62842582594796,3.220999547360738,3.220999547360738,10.050133325109387,82.16631466493827,79.87016937228547,105.0484521547286,0.0030878350944522,0.011157174643923,0.65948186283372,0.3043676601319421,12.061165200283163,2.287460421583226,2.8328320271129,4.265706007929246,0.0,0.0,0.0750770573266027,0.0555622401669678,0.4388611410034467,0.2396825680530483,0.0301594673401756,0.6400649133692903,0.0139889550228107,18.71227073195117,0.0105507354037289,0.0081803157547684,-25.38067573719499,1156012000.0,128282000.0,-696178000.0,4012625000.0,529020500.0,361035500.0,1174917000.0,52.70063298896964,59.90930259349897,185.7437850632054,1.7077593739497816,1.5022708678596153,0.4845384192497991,0.0099459154415553,0.4481250777577211,2024-05-01,0.72,bmo,885340000.0,2025-04-25,2024-03-31,0.2222222222222222,117.29967213114752,984636.4098360656
2023-12-31,GNRC,USD,1474735,2024-02-21,2024-02-21 16:10:51,2023,Q4,1063670000.0,700206000.0,363464000.0,0.3417074845,44369000,53828000.0,113839000.0,168127000.0,-880000.0,212496000.0,912702000.0,1483000.0,24765000.0,42453000.0,193881000.0,0.1822755178,150968000.0,0.1419312381,-24162000.0,126806000.0,0.1192155462,29996000.0,95967000.0,0.0902225314,1.59,1.57,60391678,61038694,https://www.sec.gov/Archives/edgar/data/1474735/000143774924005040/0001437749-24-005040-index.htm,https://www.sec.gov/Archives/edgar/data/1474735/000143774924005040/gnrc20231231_10k.htm,17.612857188700733,1.5890765611778497,5.248173432107649,3.858346178094273,3.328173792422194,38.9063373930428,1.178291485790476,38.75123324110981,26.493418513723032,7805020464.72,9179243464.72,20.33256344555941,7.337821377607717,24.625710577574733,33.49621678162498,3.33511966434384,3.33511966434384,8.629785050551394,47.34472931705531,28.961537500773005,39.39386582974268,0.0122955475176249,0.029854117750652,0.6730971707320408,0.309271648781775,7.087971487665114,2.268117365353764,6.096022612558046,3.2809805281518827,0.0,0.0,0.0506059210093356,0.0417131253114217,0.4473434967266879,0.2648211367236059,0.0789098122538005,1.977104091583633,0.0048755723109611,37.22257675597069,0.026376935139016,0.0340930890860336,-25.764642605227827,1116921000.0,71159000.0,-746001000.0,3993958000.0,563271000.0,367443500.0,1239306500.0,45.46376225709101,43.79384066974576,150.06092492780695,1.979598597473368,2.055083514567723,0.5997563992311672,0.041007122309905,1.3898272540133758,2024-02-14,2.1,bmo,1093590000.0,2025-04-25,2023-12-31,-0.0142857142857144,109.70587301587302,1189174.2063492064
2023-09-30,GNRC,USD,1474735,2023-11-07,2023-11-07 16:08:38,2023,Q3,1070667000.0,694880000.0,375787000.0,0.3509840128,43312000,83052000.0,117929000.0,200981000.0,-1167000.0,271011000.0,965891000.0,1160000.0,24707000.0,42951000.0,147727000.0,0.1379766071,104776000.0,0.0978604926,-24714000.0,80062000.0,0.0747776853,19428000.0,60331000.0,0.0563489862,0.98,0.97,61368440,62091163,https://www.sec.gov/Archives/edgar/data/1474735/000143774923030646/0001437749-23-030646-index.htm,https://www.sec.gov/Archives/edgar/data/1474735/000143774923030646/gnrc20230930_10q.htm,17.446540925596285,0.983094893727134,2.28351902052586,1.895404217542437,2.632053218233998,38.65384226811045,1.4692894262914291,38.519929788014814,28.6280211783125,6686705222.4,8257330222.4,27.708413677877044,6.245364079027373,47.71582764171947,57.48641845973968,2.8286655920619586,2.8286655920619586,7.7123234604223345,55.89587700555754,58.923690003996114,70.98927270413866,0.0090225302287732,0.0173954131565935,0.7327484825974615,0.3352759719112617,10.631942705124994,2.4075807637868936,4.240741490265917,2.311178546689976,0.0,0.0,0.0775703369955364,0.0404532875301097,0.4416971314901591,0.1699634640634812,0.0222459457515735,0.5545388931573189,0.0092717903886082,29.18984054992104,0.0181106623499036,0.0209164316944039,-25.016213545594447,1266955000.0,90168000.0,-627166000.0,4249107000.0,564779000.0,424447500.0,1373874000.0,49.530190059094,51.05215288970758,169.81580992401567,1.817073584668701,1.762903127600414,0.5299859891742155,0.0255217208114698,0.3881148029834227,2023-11-01,1.5,bmo,1044420000.0,2025-04-25,2023-09-30,0.0933333333333332,123.68968253968254,1487413.492063492
2023-06-30,GNRC,USD,1474735,2023-08-08,2023-08-08 16:07:33,2023,Q2,1000420000.0,671999000.0,328421000.0,0.3282831211,43942000,56371000.0,115743000.0,172114000.0,-331000.0,242449000.0,914448000.0,941000.0,25160000.0,41247000.0,127219000.0,0.1271655905,85972000.0,0.0859359069,-24550000.0,61422000.0,0.0613962136,15907000.0,43377000.0,0.0433587893,0.7,0.7,61721614,62348184,https://www.sec.gov/Archives/edgar/data/1474735/000143774923022513/0001437749-23-022513-index.htm,https://www.sec.gov/Archives/edgar/data/1474735/000143774923022513/gnrc20230630_10q.htm,16.208584564881924,0.7027846031375654,1.3471293864739182,0.8623235289990958,3.1231846918325887,39.32891320696831,1.6329935895713938,39.19667428009903,31.8823159744332,9204544295.82,10954444295.82,53.049682411300914,9.20068001021571,110.7020613590388,172.9397319972193,3.8046595212215855,3.8046595212215855,10.949845360768476,86.10698320077975,131.74791989873356,205.81775694836915,0.0047125635562097,0.0057823612217467,0.8029936154611161,0.3650279191675415,13.755020869524206,2.426331649279963,3.4170111287758345,1.826804350214215,0.0,0.0,0.0563473341196697,0.0439235521081145,0.4371788196515915,0.3598806932300624,0.0299104376162011,0.7254588212476059,0.0100407828711941,24.895851692815526,0.0141937019935614,0.0144816009518855,-25.5696570086453,1336226000.0,100791000.0,-621474000.0,4167905000.0,515358000.0,440459000.0,1437457500.0,48.60946402510945,60.90102812652994,192.4046166735367,1.8514913053456024,1.4778075636590746,0.4677642436860434,0.0179296998034954,0.4848058574748223,2023-08-02,1.16,bmo,977150000.0,2025-04-25,2023-06-30,-0.0689655172413791,113.99741935483873,1173048.7741935484
2023-03-31,GNRC,USD,1474735,2023-05-09,2023-05-09 16:46:47,2023,Q1,887910000.0,615411000.0,272499000.0,0.3068993479,41820000,59685000.0,100688000.0,160373000.0,25823000.0,228016000.0,843427000.0,688000.0,22995000.0,39951000.0,84434000.0,0.0950929711,44483000.0,0.050098546,-22473000.0,22010000.0,0.0247885484,7849000.0,12430000.0,0.0139991666,0.2,0.2,61556044,62294447,https://www.sec.gov/Archives/edgar/data/1474735/000143774923013331/0001437749-23-013331-index.htm,https://www.sec.gov/Archives/edgar/data/1474735/000143774923013331/gnrc20230331_10q.htm,14.42441622791744,0.2019298056255856,-0.3014976076110414,-0.6910125673443213,2.231543664501897,38.09850093680484,0.1322534632017613,38.00054142530667,31.682786502654395,6648668312.440001,8438575312.440001,133.72221062831858,7.487998009302745,-358.24496537744494,-156.30685331107767,2.842327923466641,2.842327923466641,9.503863356015811,99.94285847454816,-454.6891164631715,-198.38666805623475,0.0018695473162261,-0.0063976721353978,0.8239152209572398,0.3698374940416017,21.198889073122203,2.401047079009867,1.9344640139160687,-1.3105712873384647,0.0,0.0,0.0672196506402676,0.0470993681792073,0.448472999724436,-1.291933832641845,0.0270038630041333,0.6001601962403945,0.0116385669718777,13.13972768868449,0.0065254447220875,0.0043248622167789,-26.668997767302915,1275432000.0,8141000.0,-680165000.0,4292470000.0,506421000.0,436120500.0,1421840000.0,49.70611886339832,62.32776144722795,210.3417715965428,1.8106422721785376,1.4439793425952214,0.4278750688314505,0.0053138665411516,0.3895149597332798,2023-05-03,0.52,bmo,841010000.0,2025-04-25,2023-03-31,0.2115384615384615,115.99137096774194,1340993.6451612904
2022-12-31,GNRC,USD,1474735,2023-02-22,2023-02-22 16:19:34,2022,Q4,1049232000.0,706065000.0,343167000.0,0.3270649389,38446000,62825000.0,107570000.0,170395000.0,25639000.0,234480000.0,940545000.0,509000.0,19523000.0,39417000.0,148104000.0,0.1411546731,107228000.0,0.1021966543,-19769000.0,87459000.0,0.0833552541,13568000.0,71015000.0,0.0676828385,1.14,1.12,62370769,63583384,https://www.sec.gov/Archives/edgar/data/1474735/000143774923004153/0001437749-23-004153-index.htm,https://www.sec.gov/Archives/edgar/data/1474735/000143774923004153/gnrc20221231_10k.htm,16.822495807290753,1.1385942668111082,1.617231944021726,1.2748439898183714,2.127967990902918,37.99417640657918,0.6113761399991717,36.19293198068473,28.270406606658963,6278241607.54,7889242607.54,22.1018151360276,5.983654337210455,62.2421541771424,78.95868106523461,2.781206011541693,2.781206011541693,7.519064046407277,53.268261542834765,78.21353261232503,99.21953149220882,0.011311288166214,0.0126648518758034,0.7724544505336051,0.3373124708141776,10.877498244476854,2.1998500066529307,5.49239358705117,1.3650918244441137,4.921760252566567e-05,0.0043511934098429,0.059877129176388,0.0366420391295728,0.4510322350759131,0.2117123369155728,0.0203529819906369,0.5417713169444656,0.0057737468929655,30.450023960196997,0.021218817354308,0.0250240673632459,-25.21177027655375,1190304000.0,38132000.0,-617388000.0,4164672000.0,532493000.0,484801000.0,1415037500.0,44.81489317901093,56.8566633383612,179.14010749718508,2.008260951119516,1.582927922878601,0.5024000557854651,0.0314590226461549,0.3423879542033544,2023-02-15,1.7,bmo,1065289608.0,2025-04-25,2022-12-31,0.0470588235294118,113.1604761904762,2282625.126984127
2022-09-30,GNRC,USD,1474735,2022-11-07,2022-11-07 16:53:37,2022,Q3,1088258000.0,727154000.0,361104000.0,0.331818374,39985000,37464000.0,170381000.0,207845000.0,25751000.0,273581000.0,1000735000.0,451000.0,15514000.0,39165000.0,126688000.0,0.116413571,87523000.0,0.0804248625,-15483000.0,72040000.0,0.0661975377,11594000.0,58270000.0,0.0535442882,0.84,0.83,63249881,64267638,https://www.sec.gov/Archives/edgar/data/1474735/000143774922026207/0001437749-22-026207-index.htm,https://www.sec.gov/Archives/edgar/data/1474735/000143774922026207/gnrc20220930_10q.htm,17.2056924502356,0.9212665554264048,-0.8860886236291892,-1.1758915404125423,3.722173010886772,38.04815063604626,1.797868995200165,36.65666975721267,26.73209772521153,11267333801.339998,12712710801.339998,48.341058011584,10.353550170400768,-201.0408386357391,-151.49356371549578,4.85968859636925,4.85968859636925,11.681706728863926,100.34660584538392,-226.830418437684,-170.92720405163024,0.0051715872652206,-0.0066009404985547,0.7225647285133252,0.3193279521368707,11.408949545339732,2.093209848615095,5.641549568132009,-0.9271912119908678,0.0,0.0,0.0344256600916326,0.0367422063518026,0.4370373518978067,-0.3270586136140601,0.0168434323478439,0.4680199157410953,0.0063045711586774,27.56515349701844,0.0174153592209028,0.0197293553643903,-23.479625202773107,1208139000.0,113715000.0,-526483000.0,4124890000.0,617409500.0,568780500.0,1332607500.0,44.867595735570056,64.80013862263014,176.33429782411977,2.005901999528135,1.38888591773119,0.510394183721242,0.0251323036579211,0.2898029167833533,2022-11-02,1.62,bmo,1126798905.0,2025-04-25,2022-09-30,0.0802469135802468,229.22640625,1120975.5625
2022-06-30,GNRC,USD,1474735,2022-08-08,2022-08-08 16:13:01,2022,Q2,1291391000.0,834406000.0,456985000.0,0.3538703615,41599000,52600000.0,120066000.0,172666000.0,505000.0,240141000.0,1074547000.0,0.0,10235000.0,39098000.0,255942000.0,0.1981909429,216844000.0,0.1679150621,-13381000.0,203463000.0,0.1575533669,45826000.0,156359000.0,0.1210779694,2.24,2.21,63662510,64713748,https://www.sec.gov/Archives/edgar/data/1474735/000143774922019367/0001437749-22-019367-index.htm,https://www.sec.gov/Archives/edgar/data/1474735/000143774922019367/gnrc20220614b_10q.htm,20.28495263538933,2.456060874759729,0.3743961713102421,0.0868957256005143,7.337756554053556,39.31029423753478,2.2502254466561245,37.99534451280668,27.299630504672216,13406051355.8,14666639355.8,21.434729302118843,10.381093995389469,562.4523329473463,2423.364308712943,5.542257945023294,5.542257945023294,11.357241420917443,57.30454304412719,615.3404386742186,2651.2363260665225,0.0116633150097812,0.0004126494709873,0.7142680555745037,0.3156849019843225,4.92528776050824,2.125372810908942,21.186516853932584,0.1512018117573919,0.0,0.0,0.0407312734872707,0.0322125522014633,0.4310904665508607,0.7679043423536815,0.0141730893277094,0.4681313622180162,0.0059896654073011,45.82220836363878,0.038314879666916,0.0502178497398842,-21.421378924582143,1319135000.0,143255000.0,-479048000.0,4286684000.0,651080500.0,655747500.0,1238648000.0,48.24734724030135,66.22772367408672,133.8043590290578,1.865387532121608,1.358947507284095,0.6726238267054889,0.0646411002782694,0.2875004457097277,2022-08-03,2.65,bmo,1265186133.0,2025-04-25,2022-06-30,0.1283018867924529,245.89387096774195,1120047.8870967743
2022-03-31,GNRC,USD,1474735,2022-05-09,2022-05-09 16:10:25,2022,Q1,1135856000.0,775108000.0,360748000.0,0.3176001183,39744000,41972000.0,98243000.0,140215000.0,26054000.0,206013000.0,981121000.0,0.0,9554000.0,38461000.0,193196000.0,0.1700884619,154735000.0,0.1362276556,-9231000.0,145504000.0,0.1281007452,28608000.0,113858000.0,0.1002398191,1.61,1.57,63449380,64828819,https://www.sec.gov/Archives/edgar/data/1474735/000143774922011515/0001437749-22-011515-index.htm,https://www.sec.gov/Archives/edgar/data/1474735/000143774922011515/gnrc20220331_10q.htm,17.90176673121156,1.7944698592799488,-0.1598439574980874,-0.6042927448621247,3.2470451247908176,37.5121553591225,-0.6402584233289592,36.37756586431578,22.903880227040837,18860962698.8,20098622698.8,41.4133453485921,16.605064989576142,-1859.6886904752512,-491.9138985655417,8.171519807255557,8.171519807255557,17.69469254799904,104.0322920702292,-1981.721820035496,-524.1933832037973,0.0060367014037541,-0.002032876084445,0.6254762505123186,0.2802433760979498,6.406240294830121,1.6960359348142853,16.19583420556835,-0.0867608814672871,0.0,0.0,0.0369518671380879,0.0349903508895493,0.4699080836714042,-2.780516663380004,0.0248270907579834,0.7332102649437092,0.0077712315645645,38.32447029892821,0.0311509403509216,0.0416942228354766,-23.476959112918045,872243000.0,-40624000.0,-646009000.0,3886596000.0,578168000.0,685847000.0,1163238500.0,48.32329098054683,80.9870882509276,143.60512341505955,1.8624559332316724,1.111288255248134,0.626718586772663,0.0493290250912641,0.4444487873640373,2022-05-04,1.94,bmo,1087648881.0,2025-04-25,2022-03-31,0.0773195876288659,299.98258033064513,843276.2741935484
2021-12-31,GNRC,USD,1474735,2022-02-22,2022-02-22 16:39:44,2021,Q4,1067071000.0,704532000.0,362539000.0,0.3397515254,29406000,37758000.0,89577000.0,127335000.0,223000.0,174390000.0,878922000.0,0.0,9529000.0,29359000.0,226305000.0,0.2120805457,175481000.0,0.1644511003,-8903000.0,166578000.0,0.1561077004,20616000.0,142895000.0,0.133913301,2.09,2.04,62992133,64574789,https://www.sec.gov/Archives/edgar/data/1474735/000143774922004080/0001437749-22-004080-index.htm,https://www.sec.gov/Archives/edgar/data/1474735/000143774922004080/gnrc20211231_10k.htm,16.939750238335318,2.2684578723505044,0.9803128908176518,0.622553930663056,2.3390063644931662,36.07017085768472,-2.8368463090462424,35.14365833587505,21.133845396217968,22168191445.36,23342589445.36,38.78405725420764,20.774804530682587,358.9874246236559,565.2843595818034,10.0137554444853,10.0137554444853,21.87538546672152,103.14659174724376,378.0053997499677,595.231269006528,0.0064459475799912,0.0017690211714681,0.5970514605375256,0.2709710155029542,5.189447869026314,1.599145952053236,18.415468569629557,0.4230690179635795,0.0,0.0,0.035384711982614,0.0275576789173353,0.5024490649434784,0.3649436455499417,0.0211194943916571,0.7676010763309377,0.0053885823904876,42.35260250967199,0.0402164751637513,0.0588785732180058,-23.86967909151449,692557000.0,-178699000.0,-757179000.0,3706133000.0,528568000.0,642694500.0,1012326500.0,46.0905975328727,86.12627957282281,139.2036841477747,1.9526759212833005,1.044977217713228,0.6465346125786336,0.0645481426740037,0.3577589601545958,2022-02-16,2.4,bmo,1021423986.0,2025-04-25,2021-12-31,0.0458333333333332,414.79640625,731966.375
2021-09-30,GNRC,USD,1474735,2021-11-04,2021-11-04 16:51:18,2021,Q3,942698000.0,606704000.0,335994000.0,0.3564174317,27165000,40802000.0,82242000.0,123044000.0,-400000.0,162415000.0,769119000.0,0.0,7980000.0,23216000.0,196795000.0,0.2087572054,173579000.0,0.1841300183,-8215000.0,165364000.0,0.1754156686,32611000.0,131570000.0,0.1395674967,1.98,1.93,62690437,64208116,https://www.sec.gov/Archives/edgar/data/1474735/000143774921025317/0001437749-21-025317-index.htm,https://www.sec.gov/Archives/edgar/data/1474735/000143774921025317/gnrc20210930_10q.htm,15.037349316930108,2.098725201102044,1.186959344373369,0.6568306422875948,6.759021316121947,29.142897823475053,2.703139555399813,28.426536570482035,18.41054322208665,25619700888.79,26342159888.79,48.68074197915558,27.176997181271204,344.29991384056126,622.1847363525754,14.376355662840783,14.376355662840783,27.943370929809973,133.8558392682233,354.00894879507064,639.7299436284819,0.0051355010181859,0.001607239685535,0.6431754721470289,0.2795280007218755,3.671124774511547,1.8895339356826133,21.75175438596491,0.5605221727569245,0.0,0.0,0.0432821539878094,0.0288162274662723,0.4042307757966847,0.4466275147491634,0.0352541322883892,1.431512749827705,0.0061345202811504,36.63793792384731,0.0442120513750149,0.0538578989811331,-15.939376846264446,905558000.0,169461000.0,-349877000.0,3078603000.0,495779500.0,568778000.0,853904500.0,48.75400181182096,90.66412946016509,138.69254199741553,1.846002310689878,0.992674837732194,0.6489173729448054,0.0738297891443219,0.5301287020857742,2021-11-02,2.32,bmo,962360000.0,2025-04-25,2021-09-30,0.0129310344827587,428.3421875,718390.296875
2021-06-30,GNRC,USD,1474735,2021-08-03,2021-08-03 16:46:41,2021,Q2,919981000.0,580246000.0,339735000.0,0.3692848004,25344000,41610000.0,78777000.0,120387000.0,-373000.0,156783000.0,737029000.0,0.0,7721000.0,21229000.0,204181000.0,0.2219404531,182952000.0,0.1988649766,-8681000.0,174271000.0,0.1894289121,46362000.0,127036000.0,0.1380854605,2.06,2.01,62605166,64088709,https://www.sec.gov/Archives/edgar/data/1474735/000143774921018371/0001437749-21-018371-index.htm,https://www.sec.gov/Archives/edgar/data/1474735/000143774921018371/gnrc20210630_10q.htm,14.694969421533042,2.029161619026775,1.9559088781906595,1.5285799258163455,6.230891552943091,27.04541986199669,2.296008607340806,26.44989392728389,16.846628918770058,25990534664.9,26647413664.9,51.14797117529676,28.25116460546468,212.25426431114732,271.59194817914874,15.695715118606197,15.695715118606197,28.96517826444241,130.50878223194127,217.618731440588,278.45610275034744,0.00488777940269,0.0036819942811425,0.6322634217042092,0.2824348260526377,3.217140674205729,2.023958175136831,23.69537624660018,0.9573212205552384,0.0,0.0,0.0452291949507652,0.0275483950212015,0.4179854143298248,0.2184810126582278,0.0290799483902384,1.2602100899712658,0.0075795043593291,34.75053906996137,0.0462857652922338,0.0588815217718779,-14.001396466227725,856284000.0,143742000.0,-321210000.0,2868431000.0,454795500.0,457154000.0,708718500.0,47.04446070081882,81.64425088669289,119.8758629960396,1.9130838925406903,1.1023433863690335,0.7507766597098314,0.0767171930672142,0.4273289523743136,2021-07-28,2.32,bmo,961640000.0,2025-04-25,2021-06-30,0.0301724137931035,335.4946033809524,694498.2698412698
2021-03-31,GNRC,USD,1474735,2021-05-04,2021-05-04 16:43:23,2021,Q1,807434000.0,485620000.0,321814000.0,0.3985638455,22388000,32899000.0,68424000.0,101323000.0,3309000.0,132690000.0,618310000.0,0.0,7723000.0,18237000.0,207361000.0,0.2568147985,189124000.0,0.2342284323,-3811000.0,185313000.0,0.2295085419,35368000.0,148993000.0,0.1845265372,2.39,2.33,62478734,64099073,https://www.sec.gov/Archives/edgar/data/1474735/000143774921010764/0001437749-21-010764-index.htm,https://www.sec.gov/Archives/edgar/data/1474735/000143774921010764/gnrc20210331_10q.htm,12.923341244398454,2.384699408281864,2.441518741400874,2.0018651466273307,11.92108021907102,25.41381520310575,7.323243777634803,24.40398360184443,16.64828868011314,20458662198.044807,20746289198.044807,34.32822716175392,25.33787553910884,134.1173452603188,163.5724626864481,13.417891822188064,13.417891822188064,25.69409908183803,100.04913748508548,136.00289228640324,165.87211729092223,0.0072826364968399,0.0061134984677518,0.6771303771815338,0.3016947300196543,1.3870833956240567,2.6153717274538377,24.48841123915577,1.0173263529960983,0.0,0.0,0.0407451259174124,0.0277273436590482,0.3302835829531129,0.1800738152520928,0.0340201180529925,1.5062236113395844,0.0067473007081693,36.18582206111078,0.0557530775212193,0.0650095860920072,-7.133411185956489,1147342000.0,457547000.0,23292000.0,2710513000.0,401804000.0,359090000.0,623946500.0,47.78493350540106,71.89565915736584,119.45933034059551,1.8834388456316973,1.2518141019196614,0.7533944794717768,0.0977176286949164,0.4396535947735432,2021-04-29,1.87,bmo,728950000.0,2025-04-25,2021-03-31,0.2727272727272726,294.70229436065574,1010667.213114754
2020-12-31,GNRC,USD,1474735,2021-02-23,2021-02-23 16:30:12,2020,Q4,761082000.0,460880000.0,300202000.0,0.3944410721,21489000,30912000.0,67807000.0,98719000.0,581000.0,129148000.0,590028000.0,0.0,7910000.0,18686000.0,191151000.0,0.2511569056,171054000.0,0.2247510781,-7068000.0,163986000.0,0.2154642995,39006000.0,125001000.0,0.1642411724,2.02,1.97,62388940,64312540,https://www.sec.gov/Archives/edgar/data/1474735/000143774921003793/0001437749-21-003793-index.htm,https://www.sec.gov/Archives/edgar/data/1474735/000143774921003793/gnrc20201231_10k.htm,12.198989115699032,2.003576274897442,3.4977834212281858,3.0459725714205117,10.500707336909397,23.34405745633761,4.955365486254455,22.28428628535763,17.199490807184734,14187869094.95576,14597889094.95576,28.375511185822027,18.641708902530556,65.0154616834878,74.65924221830589,10.204948953174444,10.204948953174444,19.180441916844387,76.36836372792064,66.8943653737496,76.81684476520515,0.0088104139644509,0.0133941889883635,0.7661320311617766,0.3292144489298617,2.1450057807701763,2.602759990273162,21.62503160556258,1.7460633701392223,0.0,0.0,0.0406158600518735,0.0282348025574116,0.3545907289402344,0.1291706190456551,0.0370367450550663,1.508509044204217,0.0086127381806428,31.695204910967405,0.0491112491218435,0.0598614481948805,-8.672146056656837,1028209000.0,309160000.0,-109279000.0,2592402000.0,386573000.0,301496000.0,568134500.0,44.33364604602395,64.49017097726089,117.81489758722444,2.03006086859106,1.3955615039652138,0.7639101832038547,0.089909824763557,0.4518108498076742,2021-02-11,1.96,bmo,731550000.0,2025-04-25,2020-12-31,0.0816326530612245,215.214217625,812957.8125
2020-09-30,GNRC,USD,1474735,2020-11-03,2020-11-03 16:12:49,2020,Q3,701355000.0,425206000.0,276149000.0,0.3937364102,20658000,31061000.0,60901000.0,91962000.0,-557000.0,120512000.0,545718000.0,0.0,8096000.0,17168000.0,172805000.0,0.2463873502,155637000.0,0.221909019,-8352000.0,147285000.0,0.2100006416,32050000.0,115781000.0,0.1650818772,1.86,1.82,62353473,63761380,https://www.sec.gov/Archives/edgar/data/1474735/000143774920022373/0001437749-20-022373-index.htm,https://www.sec.gov/Archives/edgar/data/1474735/000143774920022373/gnrc20200930_10q.htm,11.248050289035223,1.8568492568168573,2.4889712237841186,2.366957170132288,8.242427811519015,20.74368816633518,3.2341743017265454,19.729326063361377,17.243193494610956,12074126449.366526,12627259449.366526,26.07104457848552,17.215427920762703,77.79921163797087,81.80967591786951,9.814830895800434,9.814830895800434,18.004091293804887,73.0723037491191,81.36330478470144,85.55749416867582,0.0095891823301282,0.0122234929888234,0.8674068763249965,0.3587929019947378,3.2009085385260843,2.66123992823474,19.223937747035578,1.3467783225582506,0.0,0.0,0.0442871299128116,0.0294544132429368,0.3670986777401377,0.0490218820072682,0.0108475736253395,0.4431500465983224,0.0062065573069273,28.71016631544697,0.0493364494410758,0.0615105169431375,-9.647161113222996,924078000.0,201662000.0,-200298000.0,2414221000.0,360588500.0,251487000.0,538662000.0,51.10336420215155,57.729782740601024,112.80574592080076,1.7611365006026516,1.5589873324900547,0.7978316996652607,0.0941162029992066,0.122014053651831,2020-10-28,1.72,bmo,579966634.0,2025-04-25,2020-09-30,0.2093023255813954,164.574531328125,723544.453125
2020-06-30,GNRC,USD,1474735,2020-08-04,2020-08-04 17:16:06,2020,Q2,546848000.0,337865000.0,208983000.0,0.3821592106,19455000,29782000.0,62526000.0,92308000.0,-216000.0,119430000.0,457295000.0,0.0,7932000.0,16803000.0,106356000.0,0.1944891451,89553000.0,0.1637621423,-7488000.0,82065000.0,0.1500691234,18473000.0,66145000.0,0.120956829,1.04,1.02,62267083,63364253,https://www.sec.gov/Archives/edgar/data/1474735/000143774920016520/0001437749-20-016520-index.htm,https://www.sec.gov/Archives/edgar/data/1474735/000143774920016520/gnrc20200630_10q.htm,8.782296739354242,1.062278764527961,1.6343787936878302,1.4185665321755958,6.371488447595979,18.602027655607376,1.3730207981639353,17.629378912771617,17.495263107154063,7592225430.190001,8276938430.190001,28.695386764645853,13.883611954674793,74.60326851456254,85.95296535933431,6.9162958379474,6.9162958379474,15.135720401628973,77.82295714571816,81.33144436551765,93.70472580312465,0.0087122017922411,0.0116342699268071,0.9851666621118126,0.3907491079897023,6.437934860280567,2.6649942472057857,11.290090771558246,1.6003270851679456,0.0,0.0,0.0544612031131137,0.0355766136110948,0.3876247685289734,0.1320454366795063,0.024573556088712,0.7997381419984526,0.0098747732459476,20.527166978037236,0.0296772768552823,0.0390276282212027,-11.213119618916467,810386000.0,85494000.0,-312225000.0,2278776000.0,317475000.0,248573000.0,552033500.0,53.14882746211013,61.32807482278425,145.00904207301733,1.6933581472547277,1.4675171242545466,0.6206509519225824,0.0602561649950352,0.2158122615122343,2020-07-30,0.92,bmo,347639085.0,2025-04-25,2020-06-30,0.5217391304347825,105.2926984126984,841485.7142857143
2020-03-31,GNRC,USD,1474735,2020-05-05,2020-05-05 16:40:12,2020,Q1,475915000.0,303595000.0,172320000.0,0.3620814641,18649000,27889000.0,55139000.0,83028000.0,-1914000.0,109458000.0,413053000.0,0.0,9053000.0,16116000.0,78978000.0,0.165949802,62862000.0,0.1320866121,-10007000.0,52855000.0,0.1110597481,9444000.0,44460000.0,0.0934200435,0.69,0.68,62126481,63283737,https://www.sec.gov/Archives/edgar/data/1474735/000143774920009467/0001437749-20-009467-index.htm,https://www.sec.gov/Archives/edgar/data/1474735/000143774920009467/gnrc20200331_10q.htm,7.660421004692025,0.7156368634495812,0.1826274370827473,-0.0249169110350866,4.948871963309816,17.44169285879881,0.1048023305874994,16.476742019236532,17.017413234784698,5788324234.77,6529047234.77,32.54793204436572,12.162516909048886,510.1643076652565,-3739.227541841085,5.654637299729788,5.654637299729788,13.718935597260016,82.66918932829397,575.4492539018156,-4217.730771815246,0.0076809795368635,-0.0002674349150486,1.0239702943021096,0.3949316466703867,9.378852338625949,2.5024450535800056,6.943775544018558,0.2613623275206745,0.0,0.0,0.0586008005631257,0.0391855688515806,0.4058209313444937,1.1364357482813323,0.0270930733429288,0.8000744601638123,0.0096109599403254,16.288207068814323,0.0231829460532034,0.028192824716851,-12.058831241383205,725705000.0,6511000.0,-361765000.0,2166987000.0,315775500.0,264446999.5,540859500.0,59.00459115598374,79.1268960292495,165.92022266506365,1.525305035367116,1.1374135030739894,0.5424293588472293,0.0434331533876101,0.207544348117834,2020-04-30,0.8,bmo,437622988.0,2025-04-25,2020-03-31,0.0874999999999999,102.99064516129032,1084124.1935483871
2019-12-31,GNRC,USD,1474735,2020-02-25,2020-02-25 16:59:23,2019,Q4,590932000.0,368710000.0,222222000.0,0.3760534207,19488000,30852000.0,58729000.0,89581000.0,-10985000.0,117714000.0,486424000.0,0.0,10116000.0,18068000.0,122576000.0,0.2074282659,104508000.0,0.1768528359,-21149000.0,83359000.0,0.141063608,13423000.0,70668000.0,0.1195873637,1.14,1.12,62056624,63219078,https://www.sec.gov/Archives/edgar/data/1474735/000143774920003516/0001437749-20-003516-index.htm,https://www.sec.gov/Archives/edgar/data/1474735/000143774920003516/gnrc20191231_10k.htm,9.522464515633336,1.1387664272552114,2.821374878530292,2.573939568481843,5.203038437927271,17.630317756247905,-0.1440619779767587,16.636128965056173,16.91055575308125,6242275808.16,6958688808.16,22.08310624384445,10.563441831141317,35.652830386155294,39.08017159055907,6.046478733802022,6.046478733802022,11.775786060257357,56.77040210285863,39.74463151132307,43.5653215310837,0.0113208711328681,0.0255884239833168,1.006697133425418,0.3898818645525757,5.844643323325936,2.4057847681586275,10.330960854092528,2.503503202928392,4.565642543821014e-05,0.0040329427746646,0.0522090528182599,0.0329784137599588,0.4137865578959728,0.0877002598737756,0.0259843772210677,0.8498450298870932,0.0088284269594471,20.64594308236158,0.0391962801678029,0.0452231496348192,-12.05419263542277,698765000.0,-8940000.0,-375762000.0,2165672000.0,346564500.0,251633499.5,519628000.0,48.66620863314223,63.94708554148247,127.42306962111144,1.8493324737589896,1.4074136332861802,0.7063085222135381,0.0684514065530007,0.2474353100484486,2020-02-13,1.38,bmo,525272888.0,2025-04-25,2019-12-31,0.1086956521739131,93.0940625,696773.4375
2019-09-30,GNRC,USD,1474735,2019-11-05,2019-11-05 17:27:35,2019,Q3,601135000.0,383618000.0,217517000.0,0.3618438454,17603000,27596000.0,59356000.0,86952000.0,-414000.0,111961000.0,495579000.0,0.0,10704000.0,15494000.0,121050000.0,0.2013690768,105556000.0,0.1755945004,-10595000.0,94961000.0,0.1579695077,20064000.0,74089000.0,0.1232485215,1.2,1.18,61973447,62770592,https://www.sec.gov/Archives/edgar/data/1474735/000143774919021621/0001437749-19-021621-index.htm,https://www.sec.gov/Archives/edgar/data/1474735/000143774919021621/gnrc20190930_10q.htm,9.699880014742442,1.195495870997784,1.794123215382872,1.615482191913579,3.4859768248811465,16.067833051145275,-1.7512177433022242,15.075230525744356,17.911687242441104,4854999837.9800005,5738306837.9800005,16.382323415014376,8.076388561604299,43.66478251232148,48.49326126412098,5.196603784347894,5.196603784347894,9.54578728235754,47.40443484494011,51.60904808054826,57.31600864967988,0.015260350663745,0.0206214219034156,1.1766963085380575,0.4237832391010288,7.297042544403139,2.3894806056939264,9.861360239162927,1.484545442407573,0.0,0.0,0.0459064935497018,0.0292829397722641,0.4256964112313959,0.0995700974925351,0.0184168281667179,0.7145346585775139,0.0059038319179552,20.13711639180273,0.0380561997302895,0.049730402406208,-13.610583093756269,661415000.0,-108529000.0,-460911000.0,2114888000.0,357563000.0,250493000.0,543779500.0,55.93284370399328,56.60865757081263,121.34696494950708,1.6090724883629424,1.58986282067222,0.7416749157051381,0.0793019960096931,0.1786410234692932,2019-10-31,1.33,bmo,559097587.0,2025-04-25,2019-09-30,0.0751879699248119,74.924375,578257.8125
2019-06-30,GNRC,USD,1474735,2019-08-06,2019-08-06 16:04:21,2019,Q2,541916000.0,346078000.0,195838000.0,0.3613807306,17694000,27658000.0,52309000.0,79967000.0,-393000.0,104912000.0,450990000.0,0.0,10452000.0,14740000.0,105666000.0,0.1949859388,90926000.0,0.1677861514,-10393000.0,80533000.0,0.1486079023,18827000.0,61958000.0,0.1143313724,0.99,0.98,61921711,62405863,https://www.sec.gov/Archives/edgar/data/1474735/000143774919015628/0001437749-19-015628-index.htm,https://www.sec.gov/Archives/edgar/data/1474735/000143774919015628/gnrc20190630_10q.htm,8.75163155617583,1.0005860464676113,0.1298898216814454,-0.1684546475145042,1.7823635396638184,15.021031960825502,-3.0528549186891816,13.984432697604236,17.72181327483021,4365480625.5,5342026625.5,17.6146769807773,8.055640773662338,542.7677017903767,-418.5102699165948,5.04131998233134,5.04131998233134,9.85766544169207,50.55577598754567,664.1833427203779,-512.1298653532739,0.0141927098789732,-0.0023894276243192,1.2551828071228954,0.4307832122987948,9.241818560369468,2.1894067611368904,8.699387676999617,0.1303438887628431,0.0,0.0,0.051037430155227,0.0326508167317444,0.4435662510022357,2.296904140246177,0.0340901541936388,1.2533242876526458,0.0079975494357059,17.743566018763953,0.0331406295456829,0.0441314212898956,-15.201441219865517,571347000.0,-189038000.0,-541271000.0,2039355000.0,313073500.0,275283500.0,579353500.0,56.72124462093756,67.53575783493895,148.31751801616977,1.5867070724815904,1.3326273797055015,0.6068062707885126,0.071549991916299,0.2983444691959497,2019-08-01,1.09,bmo,492240366.0,2025-04-25,2019-06-30,0.1009174311926604,58.44285714285714,386323.8095238095
2019-03-31,GNRC,USD,1474735,2019-05-07,2019-05-07 16:08:41,2019,Q1,470353000.0,308178000.0,162175000.0,0.344794229,13609000,24762000.0,47289000.0,72051000.0,-1061000.0,91002000.0,399180000.0,0.0,10272000.0,12607000.0,83780000.0,0.1781215385,71173000.0,0.1513182652,-10419000.0,60754000.0,0.1291668173,14985000.0,44861000.0,0.0953773017,0.77,0.76,61762260,62223638,https://www.sec.gov/Archives/edgar/data/1474735/000143774919008988/0001437749-19-008988-index.htm,https://www.sec.gov/Archives/edgar/data/1474735/000143774919008988/gnrc20190331_10q.htm,7.615540623027719,0.7263497158296992,0.2359207710339615,-0.0215503772044611,2.6110767319719197,14.04275037862928,-3.2738763121686287,13.024458625704437,17.312676058162378,3252400611.6,4150132611.6,18.124878020998192,6.914807839218629,223.21052855672224,-2443.576717956424,4.043162292832102,4.043162292832102,8.823442417928662,49.53607796132729,284.82139946469016,-3118.056056799399,0.0137931962747759,-0.0004092361793479,1.316473981253574,0.4280990345721953,10.715349725471471,2.0597640601652394,6.928835669781932,0.3183595883676724,0.0,0.0,0.0526455662024054,0.0289335881773901,0.4323501185662738,1.0913458238967813,0.0338086500989682,1.2613627349884984,0.0076410695796561,14.589620145376028,0.0267397251270243,0.0319475462324669,-15.179091568216576,546816000.0,-202202000.0,-543615000.0,1953358000.0,305372500.0,309481000.0,566565000.0,54.45926782650478,84.94568074294726,171.8299164768413,1.6526112742962349,1.0595006033602523,0.5237737516570924,0.0557681310758061,0.2574711482384226,2019-05-02,0.78,bmo,403159714.0,2025-04-25,2019-03-31,0.1666666666666666,52.17262295081967,364740.98360655736
2018-12-31,GNRC,USD,1474735,2019-02-26,2019-02-26 16:06:04,2018,Q4,563404000.0,359098000.0,204306000.0,0.3626278834,11897000,28228000.0,50013000.0,78241000.0,-2946000.0,95458000.0,454556000.0,0.0,10017000.0,12284000.0,121132000.0,0.2150002485,108848000.0,0.1931970664,-12165000.0,96683000.0,0.1716051004,19986000.0,75575000.0,0.1341399777,1.21,1.2,61669467,62201066,https://www.sec.gov/Archives/edgar/data/1474735/000143774919003397/0001437749-19-003397-index.htm,https://www.sec.gov/Archives/edgar/data/1474735/000143774919003397/gnrc20181231_10k.htm,9.135866213988844,1.2254848902780366,1.754985169565354,1.397855441169939,3.640083349512328,13.33342154554376,-3.062779835603249,12.332666990619524,15.144820369535545,3064972509.9,3764446509.9,10.13884389646047,5.440097176981349,28.31932762845448,35.55446331303289,4.029947458875102,4.029947458875102,6.681611259238486,31.077225752897665,34.78223498230604,43.6685402227249,0.0246576436675661,0.0281258640074434,1.2148540067766838,0.3808064413756834,5.774477429580953,1.998853231461764,10.866327243685737,1.4111242943009503,0.0001024479009145,0.0041548130995699,0.0501025906809323,0.0211162860043592,0.4167411967288653,0.2034944423398534,0.0390909542708252,1.7929013350700098,0.0082587273075803,18.44054456113718,0.0451331457431382,0.0534035157638416,-13.98734725565246,560063000.0,-188880000.0,-483280000.0,1850137000.0,333945500.0,307904500.0,520419000.0,52.09755344300005,82.22877877348245,136.52958245381484,1.727528339665106,1.0945073165676595,0.6591977971546581,0.0993690084399558,0.3571297283954148,2019-02-14,1.39,bmo,559294887.0,2025-04-25,2018-12-31,0.0215827338129496,53.63444444444444,506174.6031746032
2018-09-30,GNRC,USD,1474735,2018-11-06,2018-11-06 16:10:10,2018,Q3,559515000.0,361630000.0,197885000.0,0.353672377,13653000,25499000.0,46536000.0,72035000.0,-483000.0,91366000.0,452996000.0,0.0,9824000.0,11841000.0,118360000.0,0.2115403519,106519000.0,0.1903773804,-9925000.0,96594000.0,0.1726388032,20072000.0,68864000.0,0.1230780229,1.12,1.11,61579564,62220298,https://www.sec.gov/Archives/edgar/data/1474735/000143774918019673/0001437749-18-019673-index.htm,https://www.sec.gov/Archives/edgar/data/1474735/000143774918019673/gnrc20180930_10q.htm,9.08605004088694,1.118293075280624,0.9636476153030248,0.7484625906087935,2.825628970026485,12.317917678014089,-4.293778371019321,11.33757621278384,15.542380261087915,3478629570.36,4251897570.36,12.6286215234375,6.217223077772714,58.621013639136514,75.47471404556303,4.9825464402438975,4.9825464402438975,7.599255731052787,35.923433342007435,71.65193660976391,92.2520627112172,0.0197963015627655,0.0132494705365337,1.356802064847321,0.4060873512918441,6.53318688746198,1.8801890391294365,10.842732084690551,0.7754763336034082,0.0,0.0,0.0455733983896767,0.0244014905766601,0.4385273889653629,0.2233026069665155,0.0236830111793249,1.1190777805928551,0.005217018310501,16.889981995476074,0.0451930313780492,0.0525786954888481,-14.546668436950934,486844000.0,-264409000.0,-534184000.0,1753147000.0,326713000.0,280976000.0,487984000.0,54.97300340473446,71.60528717197136,123.46298703094324,1.6371672352951503,1.2568904274324164,0.7289634097176307,0.098635991881552,0.2151850246942313,2018-11-01,1.08,bmo,424749650.0,2025-04-25,2018-09-30,0.3240740740740739,54.804761904761904,499109.5238095238
2018-06-30,GNRC,USD,1474735,2018-08-07,2018-08-07 16:09:17,2018,Q2,494949000.0,318693000.0,176256000.0,0.3561094173,12616000,26639000.0,46052000.0,72691000.0,-861000.0,90789000.0,409482000.0,0.0,11002000.0,11600000.0,97067000.0,0.1961151553,85467000.0,0.1726783972,-12854000.0,72613000.0,0.1467080447,18382000.0,50956000.0,0.1029520213,0.83,0.82,61534423,62054447,https://www.sec.gov/Archives/edgar/data/1474735/000143774918014736/0001437749-18-014736-index.htm,https://www.sec.gov/Archives/edgar/data/1474735/000143774918014736/gnrc20180630_10q.htm,8.043449111402246,0.8280893443983378,0.8237503096437583,0.7290065919688562,1.815471642595885,10.892927361974287,-5.690944725361283,10.027103041170957,15.34807598667172,3183175701.79,4004894701.79,15.617276188231022,6.43132060432489,62.79815545364872,70.95957782808355,5.159017493646801,5.159017493646801,8.09153004004453,41.2590757084282,79.00914797668133,89.2773958802024,0.0160079130948837,0.0140925302912982,1.512827951482305,0.4225064783696008,8.465482604798748,1.9382104743474105,7.768314851845119,0.934686802751194,0.0,0.0,0.0538217068829313,0.0254894948772499,0.4619067341096061,0.1150150920318017,0.0117789913708281,0.5025862068965518,0.0078492935635792,13.668397368766438,0.0363793805901179,0.0428635358799995,-15.496691989782695,450387000.0,-350189000.0,-608549000.0,1704299000.0,286919000.0,251152000.0,459812500.0,56.672748101319534,77.44462539183478,135.51976353418493,1.5880648638936303,1.1621206706681155,0.6641097774443611,0.0825851036932831,0.094743717674902,2018-08-01,0.91,bmo,403459459.0,2025-04-25,2018-06-30,0.2197802197802198,48.53109375,414992.1875
2018-03-31,GNRC,USD,1474735,2018-05-07,2018-05-07 16:13:35,2018,Q1,397634000.0,257645000.0,139989000.0,0.3520549048,11853000,23475000.0,42682000.0,66157000.0,-1383000.0,83642000.0,341287000.0,0.0,10113000.0,11683000.0,68030000.0,0.1710869795,56347000.0,0.1417056892,-11161000.0,45186000.0,0.1136371638,11416000.0,33645000.0,0.0846129858,0.42,0.42,61943495,62474936,https://www.sec.gov/Archives/edgar/data/1474735/000143774918008863/0001437749-18-008863-index.htm,https://www.sec.gov/Archives/edgar/data/1474735/000143774918008863/gnrc20180331_10q.htm,6.419301978359471,0.5431563072119195,0.4676520109173691,0.3627822421062938,2.359602085739592,10.083350963648405,-5.338865687187977,9.203032537960604,15.345905167281892,2843825855.45,3638129855.45,21.13111796292168,7.151867937475165,98.17128747065726,126.54974436854752,4.988573039444416,4.988573039444416,9.149443597504238,53.47831626414817,125.59133718068212,161.89613098300106,0.0118308932087109,0.0079020309759593,1.6497435393672333,0.4526981883716139,11.675790092606205,2.1007447223588773,5.571739345397014,0.8578027835356825,0.0001104146371685,0.0093327388913657,0.0590367020928793,0.0298088191653631,0.4598414993636484,0.224247445457056,0.0163366311733906,0.5560215698022768,0.0078112032673262,10.605207036666988,0.024802857131606,0.0299823020205638,-14.3712911258882,454208000.0,-330708000.0,-586025000.0,1641537000.0,271086000.0,230854500.0,410043000.0,59.33924161414768,79.66892429505715,153.6107822779406,1.5167029026967236,1.1296750997500766,0.5858963717609069,0.0590192748935214,0.1048697688110753,2018-05-02,0.64,bmo,340625675.0,2025-04-25,2018-03-31,0.1562499999999999,47.53295081967214,493281.9672131148
2017-12-31,GNRC,USD,1474735,2018-02-26,2018-02-26 16:58:16,2017,Q4,488002000.0,308300000.0,179702000.0,0.3682402941,11193000,23076000.0,44053000.0,67129000.0,-497000.0,85629000.0,393929000.0,0.0,10314000.0,13297000.0,110671000.0,0.2267839066,94073000.0,0.1927717509,-10975000.0,83098000.0,0.170282089,607000.0,81175000.0,0.1663415314,1.31,1.3,61883857,62500072,https://www.sec.gov/Archives/edgar/data/1474735/000143774918003334/0001437749-18-003334-index.htm,https://www.sec.gov/Archives/edgar/data/1474735/000143774918003334/gnrc20171231_10k.htm,7.885772213583907,1.3117314261779125,2.236399066076311,1.9681061573133685,2.237611013806072,9.756340817606116,-5.712766093425625,9.041970347775834,15.174167311517122,3064488598.6400003,3854738598.64,9.437907602833386,6.279664014983545,22.142738633351883,25.161244385109285,5.476682414931946,5.476682414931946,7.8990221323683105,34.830611439672545,27.852761249449053,31.649659249552524,0.0264889221764521,0.0397436623043895,1.6597599508177971,0.4597715602852328,7.140533653802713,2.104949700672715,9.120903626139228,1.677722418203198,0.0,0.0,0.0472866914479858,0.0229363814082729,0.4739133964763729,0.1199664732617036,0.0340224015475346,1.2486275099646538,0.0036946569891107,16.335982518486414,0.0564856663747601,0.0763873466606943,-14.180757996386683,429684000.0,-353528000.0,-597648000.0,1617352000.0,300314000.0,211923000.0,364682000.0,51.63950147745297,68.20470321115796,111.0304573467402,1.7428518367725945,1.31955709449193,0.8105883930472918,0.1450714142742765,0.2682929087629428,2018-02-13,1.19,bmo,432743065.0,2025-04-25,2017-12-31,0.1512605042016808,49.67492063492063,462596.8253968254
2017-09-30,GNRC,USD,1474735,2017-11-06,2017-11-06 16:12:07,2017,Q3,457253000.0,299784000.0,157469000.0,0.3443804633,10864000,22102000.0,44402000.0,66504000.0,-1519000.0,84610000.0,384394000.0,0.0,10672000.0,13108000.0,85656000.0,0.1873273658,72859000.0,0.1593406714,-12228000.0,60631000.0,0.1325983646,20581000.0,39709000.0,0.0868425139,0.64,0.64,61758190,62316788,https://www.sec.gov/Archives/edgar/data/1474735/000143774917018410/0001437749-17-018410-index.htm,https://www.sec.gov/Archives/edgar/data/1474735/000143774917018410/gnrc20170930_10q.htm,7.403924888342744,0.6429754498957952,1.0856050023486763,0.9782832042195536,2.0852295055927,8.339719800726025,-7.247395041855987,7.661283467018706,16.996628301444716,2836553666.7,3746782666.7,17.858380132337757,6.20346649819684,42.30820593183683,46.94959476140821,5.995079048794561,5.995079048794561,8.194112814350042,43.74220914705333,55.884594924304565,62.01537095022924,0.0139990300434529,0.021299438367506,2.195953900162106,0.5192516244588885,10.626564397123378,1.7660193180059425,6.827117691154423,1.674032459425718,0.0,0.0,0.0483364789296079,0.0237592754995593,0.4810817132056688,0.0988589753150868,0.0144952575488843,0.5056454073848031,0.0056511384288348,10.527838649963975,0.0287646419777225,0.0382426984558074,-15.255741789064738,351406000.0,-447586000.0,-675779000.0,1532696000.0,281955500.0,176783000.0,363566500.0,63.108038656936095,57.1032143143063,104.78234328716675,1.4261257664693443,1.57609341401736,0.8589233374304845,0.0839252917169505,0.1073217981291226,2017-11-01,0.89,bmo,431294623.0,2025-04-25,2017-09-30,0.0449438202247191,39.30174603174604,551541.2698412698
2017-06-30,GNRC,USD,1474735,2017-08-04,2017-08-04 16:07:49,2017,Q2,395376000.0,260916000.0,134460000.0,0.3400813403,10567000,21361000.0,43116000.0,64477000.0,-1437000.0,82173000.0,343089000.0,0.0,10893000.0,12986000.0,64808000.0,0.1639148557,52287000.0,0.1322462668,-11963000.0,39859000.0,0.1008128971,14114000.0,25660000.0,0.0649002469,0.42,0.41,62146393,62635437,https://www.sec.gov/Archives/edgar/data/1474735/000143774917013821/0001437749-17-013821-index.htm,https://www.sec.gov/Archives/edgar/data/1474735/000143774917013821/gnrc20170630_10q.htm,6.362010422712706,0.4128960469194085,0.9690023361452368,0.8647002248384713,1.0792420406442575,7.494642528971874,-8.037023162390133,6.885709360477285,16.863134759888638,2245349179.09,3215368179.09,21.875966281079503,5.679022447214804,37.28577182148789,41.78326657281626,5.247099188847501,5.247099188847501,8.132431354179314,49.61375415211085,53.39369277798074,59.834161656369794,0.0114280666183063,0.0239330258743003,2.4235491514808776,0.5494429227614925,14.967581162819403,2.2485676168624846,4.800055081244836,2.3390949698970678,0.0,0.0,0.0540270527295536,0.0267264578527781,0.5113757132336969,0.107638658253072,0.0163945206588159,0.4991529339288464,0.0080581522398931,7.998084079420733,0.0210148996139881,0.0278219611338262,-15.820310762042135,387458000.0,-499472000.0,-723985000.0,1569751000.0,233158000.0,161403500.0,384509000.0,55.37930982153696,56.34882490916617,130.4247343972773,1.6251556816079906,1.597193910344701,0.6900531591335854,0.0599641990830104,0.1043021113067656,2017-08-02,0.64,bmo,366284057.0,2025-04-25,2017-06-30,0.0781249999999998,35.72206349206349,378047.6190476191
2017-03-31,GNRC,USD,1474735,2017-05-05,2017-05-05 16:05:28,2017,Q1,331814000.0,221328000.0,110486000.0,0.3329757033,10301000,20973000.0,40184000.0,61157000.0,223000.0,78641000.0,299969000.0,0.0,10788000.0,12597000.0,43487000.0,0.131058364,31845000.0,0.0959724424,-9790000.0,21100000.0,0.0635898425,8251000.0,12842000.0,0.0387024056,0.22,0.21,62366263,62936126,https://www.sec.gov/Archives/edgar/data/1474735/000143774917008152/0001437749-17-008152-index.htm,https://www.sec.gov/Archives/edgar/data/1474735/000143774917008152/gnrc20170331_10q.htm,5.320408567689874,0.2059126101559107,-0.0728919736621063,-0.1297817058559368,0.9218766242255048,7.278967476374206,-8.195889498782378,6.74189825996148,17.01687657636309,2325014284.64,3318011284.64,45.26191957327519,7.006980671822165,-511.44176960844703,-287.25157952063256,5.529599908292446,5.529599908292446,9.999612085807108,76.29892346310392,-729.874897633084,-409.9346781121818,0.005523406924783,-0.0034812689339038,2.498391074686004,0.5625827078641756,22.834341297399224,2.154776828110162,2.9518909899888763,-0.3538018522842244,0.0,0.0,0.0632070979524673,0.031044500834805,0.5168570074413648,-0.7804663440387154,0.0106927374975136,0.2816543621497182,0.0079321547614024,5.588867687874788,0.0121660963980634,0.0142347886618278,-15.923380722683351,364794000.0,-511147000.0,-732609000.0,1545293000.0,232444000.0,170483500.0,370319500.0,60.49410211745135,64.8373454782043,158.95738451528953,1.4877483399168725,1.3880889067282125,0.5661894870404289,0.030542230424742,0.0568897321938305,2017-04-27,0.41,bmo,330500000.0,2025-04-25,2017-03-31,0.0,39.513548387096776,420533.87096774194
2016-12-31,GNRC,USD,1474735,2017-02-24,2017-02-24 16:05:35,2016,Q4,417421000.0,263294000.0,154127000.0,0.3692363345,9717000,19208000.0,40543000.0,59751000.0,338000.0,76896000.0,340190000.0,0.0,10854000.0,13075000.0,91106000.0,0.2182592634,77231000.0,0.1850194408,-11170000.0,66061000.0,0.1582598863,24416000.0,41509000.0,0.099441571,0.64,0.64,63021966,63533112,https://www.sec.gov/Archives/edgar/data/1474735/000143774917003237/0001437749-17-003237-index.htm,https://www.sec.gov/Archives/edgar/data/1474735/000143774917003237/gnrc20161231_10k.htm,6.623420792680444,0.6586433688850646,1.9659177246231896,1.813272534214499,1.0674373439889198,6.890454670995189,-8.33934631617173,6.364796680573247,16.879432164969273,2567514894.84,3553163894.84,15.463603645233563,6.150900157970011,20.72314598405114,22.46766508138192,6.400832900813219,6.400832900813219,8.51218289170885,39.000328132505,28.678600558855816,31.092826970142465,0.0161669948179937,0.0445084078108615,2.6249395445774604,0.5655745013654304,10.81870568348956,1.9989208601534192,7.115441311958725,2.975051026533797,0.0,0.0,0.0460158928276248,0.0232786563205971,0.5155611800928621,0.0776457674178343,0.0230462770200828,0.735755258126195,0.004043878961528,9.712000328414732,0.03109160475516,0.0460253783241967,-15.929426098830367,341570000.0,-525562000.0,-743925000.0,1514175000.0,243289500.0,163706500.0,354547000.0,52.1467056041742,62.04740708105768,119.54617271946948,1.7259000152982962,1.4505038040094975,0.7528471882675543,0.1034822323382911,0.1526451904086902,2017-02-14,1.03,bmo,383858928.0,2025-04-25,2016-12-31,0.0873786407766991,39.5968253968254,557512.6984126985
2016-09-30,GNRC,USD,1474735,2016-11-04,2016-11-04 16:06:44,2016,Q3,373121000.0,235349000.0,137772000.0,0.3692421493,9426000,18066000.0,44429000.0,62495000.0,19000.0,81432000.0,316781000.0,0.0,11299000.0,14900000.0,71240000.0,0.19093002,56340000.0,0.1509965936,-14814000.0,41526000.0,0.1112936554,15514000.0,26183000.0,0.0701729466,0.41,0.4,64615935,65126117,https://www.sec.gov/Archives/edgar/data/1474735/000143774916041147/0001437749-16-041147-index.htm,https://www.sec.gov/Archives/edgar/data/1474735/000143774916041147/gnrc20161022_10q.htm,5.774442480790536,0.4052096437202371,0.747153159665646,0.6412504903008832,0.8382297648405149,6.966191853449153,-8.150388909484944,6.405772817494632,17.011268195685787,2345558440.5,3379295440.5,22.39581446453806,6.286321167932119,48.58441610050126,56.608143851816095,5.666763563775171,5.666763563775171,9.056835290696585,47.43536553200449,69.99659141845147,81.55654496198866,0.0111628001024858,0.0176653027631097,2.628317408163512,0.5827282329927345,14.510626052779337,2.012815554936012,4.986281971855917,1.8559895432877136,0.0,0.0,0.0484186095127317,0.0252625823794425,0.5232030716028856,0.1417415800157421,0.018339895101053,0.4592617449664429,0.0064831515781743,7.642173821984163,0.021953503466565,0.0294146063073507,-15.466695637848463,337854000.0,-526645000.0,-745348000.0,1522130000.0,243904500.0,156293500.0,363054000.0,59.02905491784166,55.79144164623602,137.4242932835916,1.524672894141107,1.6131506436179692,0.6549060420800138,0.0632569488904726,0.1059026693647627,2016-10-26,0.76,bmo,350350000.0,2025-04-25,2016-09-30,0.0789473684210525,36.17484375,512248.4375
2016-06-30,GNRC,USD,1474735,2016-08-05,2016-08-05 16:07:58,2016,Q2,367376000.0,243229000.0,124147000.0,0.3379289883,9889000,19593000.0,42366000.0,61959000.0,158000.0,80065000.0,323294000.0,0.0,11380000.0,13650000.0,61132000.0,0.1664017247,44082000.0,0.1199915073,-11218000.0,32864000.0,0.0894560341,11921000.0,20888000.0,0.0568572797,0.32,0.31,65870714,66388581,https://www.sec.gov/Archives/edgar/data/1474735/000143774916036603/0001437749-16-036603-index.htm,https://www.sec.gov/Archives/edgar/data/1474735/000143774916036603/gnrc20160630_10q.htm,5.577228144209884,0.3171060207423894,0.8969691751026109,0.7920515329467963,1.1483251874269953,7.378438314787357,-7.557911092325491,6.837499894110757,16.58949681340937,2302840161.44,3308581161.44,27.56175987935657,6.268346765820304,38.975698352176565,44.13854218542158,5.112979969493174,5.112979969493174,9.00598068855886,54.12191914938167,55.99792095051114,63.415582033618925,0.0090705383507548,0.0226559362971051,2.400984921990004,0.564238065049686,16.451956422168422,2.155893852938363,3.873637961335677,2.821181301628229,0.0,0.0,0.0533322808240059,0.026917926048517,0.5133577002246241,0.1169690609979012,0.018811789556204,0.5063003663003663,0.007896541962458,6.984610126777253,0.0171337194728107,0.0223959891365299,-15.01704156417676,374557000.0,-497845000.0,-731914000.0,1565125000.0,236712500.0,157525000.0,370727000.0,59.55160380645442,61.68002170793778,135.70359619946635,1.5112943102675174,1.4591434553340572,0.6632101323808095,0.0463774808999291,0.1049176421558144,2016-08-02,0.59,bmo,344437500.0,2025-04-25,2016-06-30,0.0847457627118644,36.89671875,411115.625
2016-03-31,GNRC,USD,1474735,2016-05-06,2016-05-06 16:50:17,2016,Q1,286535000.0,188475000.0,98060000.0,0.3422269531,8197000,17833000.0,37269000.0,55102000.0,387000.0,71096000.0,259571000.0,0.0,11035000.0,12793000.0,42457000.0,0.1481738706,26964000.0,0.0941036872,-11033000.0,15931000.0,0.0555987925,5719000.0,10208000.0,0.0356256653,0.15,0.15,66099755,66600040,https://www.sec.gov/Archives/edgar/data/1474735/000143774916031130/0001437749-16-031130-index.htm,https://www.sec.gov/Archives/edgar/data/1474735/000143774916031130/gnrc20160331_10q.htm,4.334887474242529,0.1544332501686277,0.3351147065522406,0.2278071983776642,1.0494743891259506,7.708137496122339,-7.548288189570446,7.177424485158833,16.690092119100896,2461554876.2000003,3484360876.2000003,60.28494504800157,8.59076509396758,111.1261286713918,163.47156834905036,5.1884906733610725,5.1884906733610725,12.160332511560544,82.06799529406223,157.30038716987949,231.39599390357287,0.0041469723460963,0.0061172717072412,2.3020998006011477,0.5648708014545665,24.09039734319429,2.2688398849472677,2.4434979610330765,2.169114766940854,3.087479411278623e-05,0.0074451410658307,0.0622367250074162,0.0286073254576229,0.521565846753318,0.3202112771432441,0.02475439300609,0.5544438364730712,0.0086725879909958,4.993970594563687,0.0103089784392998,0.0110350672557513,-15.045638217569794,383786000.0,-498940000.0,-737735000.0,1589855000.0,206261500.0,128344500.0,350042000.0,72.34864850716318,70.84297652208515,178.9298846000796,1.2439762436072206,1.2704152820561214,0.5029903204886992,0.0215165273404071,0.1073075081745764,2016-05-04,0.42,bmo,261586956.0,2025-04-25,2016-03-31,0.0952380952380953,32.22032786885246,859237.7049180327
2015-12-31,GNRC,USD,1474735,2016-02-26,2016-02-26 17:45:29,2015,Q4,357830000.0,226706000.0,131124000.0,0.3664421653,8015000,12050000.0,36925000.0,48975000.0,-130000.0,63121000.0,289827000.0,0.0,10602000.0,10573000.0,78576000.0,0.2195903082,27316000.0,0.0763379258,-11762000.0,15554000.0,0.0434675684,6372000.0,9182000.0,0.0256602297,0.14,0.14,66482219,67472321,https://www.sec.gov/Archives/edgar/data/1474735/000143774916026187/0001437749-16-026187-index.htm,https://www.sec.gov/Archives/edgar/data/1474735/000143774916026187/gnrc20151231_10k.htm,5.382341404699504,0.1381121168654133,1.6810509889869951,1.522467232930357,1.7426764891827693,14.014905248574811,0.0769077819138377,7.007452624287406,16.093776893939115,1979175659.63,2922666659.63,53.88737910123066,5.53105010655898,17.70915944550823,19.55378700840768,4.248334108862753,4.248334108862753,8.167751892323171,37.19541157134494,26.15127648201503,28.875254746040685,0.0046393052356537,0.0511409886775397,2.273908442465833,0.5908849541726535,12.007368662186929,3.10177090759014,2.5764950009432184,12.171640165541277,3.536826034586857e-06,0.0007623611413635,0.03367520889808,0.0223989045077271,0.5168567214928916,0.0943360773085182,0.0294637118184612,0.9971625839402252,0.0037783304921331,4.666456643420644,0.0101533868763142,0.0106004823438818,-6.706917378916008,448148000.0,5113000.0,-199702000.0,1558990000.0,194695000.0,115759000.0,343821500.0,45.822457591593775,43.00671354088555,129.17059980768045,1.9641024233608697,2.092696525495698,0.6967529773338456,0.0197093186740535,0.1585837560566382,2016-02-16,0.88,bmo,328290721.0,2025-04-25,2015-12-31,0.1022727272727272,29.96640625,882670.3125
2015-09-30,GNRC,USD,1474735,2015-11-06,2015-11-06 14:12:33,2015,Q3,359291000.0,228965000.0,130326000.0,0.3627310453,8332000,13127000.0,34715000.0,47842000.0,-1908000.0,62459000.0,291424000.0,0.0,10171000.0,6285000.0,78464000.0,0.218385654,67867000.0,0.1888914557,-14613000.0,53254000.0,0.1482196882,19218000.0,34036000.0,0.0947310119,0.5,0.49,68175466,69182465,https://www.sec.gov/Archives/edgar/data/1474735/000143774915020022/0001437749-15-020022-index.htm,https://www.sec.gov/Archives/edgar/data/1474735/000143774915020022/gnrc20150930_10q.htm,5.270092323241325,0.4992411786374882,0.5174882119617635,0.431680217631369,0.6813888151494263,14.353315898126754,-0.0213273203002382,7.176657949063377,15.622643488788182,2051399771.94,3059855771.94,15.067867639705018,5.709577395314661,58.14625203911564,69.70437553312946,4.1927593893376285,4.1927593893376285,8.516371887801252,38.9969383658748,86.73060578061225,103.97063445259938,0.0165915978277663,0.0143463016826643,2.1560808711718638,0.5740759989094346,12.852467373572594,2.908483194509881,6.672598564546259,1.036549535785639,9.749440491107243e-07,5.876131155247385e-05,0.0365358442042801,0.0231901160897434,0.5333093162253161,0.1658163265306122,0.0162820666256599,0.5520430310465226,0.0050070833947969,8.978578473026298,0.0268158135871298,0.0396883792901195,-6.982618204619239,429382000.0,-1454000.0,-204667000.0,1587500000.0,183840000.0,136315500.0,374058000.0,51.903471002613486,48.42111239709126,142.39783373004607,1.7339880794382374,1.8586933580114624,0.6320320867424117,0.0695645775764809,0.0858079943303944,2015-10-28,0.81,bmo,308529347.0,2025-04-25,2015-09-30,0.1358024691358024,32.1059375,1000042.1875
2015-06-30,GNRC,USD,1474735,2015-08-07,2015-08-07 16:22:09,2015,Q2,288360000.0,192463000.0,95897000.0,0.3325599945,8412000,13564000.0,28474000.0,42038000.0,-1840000.0,56430000.0,248893000.0,0.0,10763000.0,10129000.0,49596000.0,0.1719933417,39467000.0,0.1368671106,-15995000.0,23472000.0,0.0813982522,8628000.0,14844000.0,0.05147732,0.22,0.21,68961877,70063063,https://www.sec.gov/Archives/edgar/data/1474735/000143774915015234/0001437749-15-015234-index.htm,https://www.sec.gov/Archives/edgar/data/1474735/000143774915015234/gnrc20150630_10q.htm,4.181440711075773,0.2152493616146787,0.2366814928775793,0.1245905763266855,2.255956577283997,7.537642863172068,-5.592901712927564,7.537642863172068,15.21710321196739,2741234610.75,3624296610.75,46.167384309316894,9.506292865688724,167.9472252634481,319.0449965956704,5.273531888093727,5.273531888093727,12.56865241625052,73.07638944168885,222.04978622411468,421.8222312325419,0.0054150782796145,0.003134354121426,1.99810892441469,0.5550091990593073,17.80510525042342,3.0362761278363597,3.666914429062529,1.0995688493667477,0.0,0.0,0.0470384241919822,0.0291718684977111,0.4838694508404729,0.473593922313442,0.0268067693161326,0.7631552966729194,0.0089540851713136,6.041989599750036,0.0153239668473821,0.0153683687414585,-12.800141011243069,500928000.0,-385697000.0,-604647000.0,1581090000.0,159332500.0,142272000.0,371388500.0,50.085830212234704,69.88382182549373,180.43114780503265,1.796915407384328,1.287851718023353,0.498805229002094,0.0285565879840711,0.1120909165508937,2015-08-06,0.6,bmo,340312000.0,2025-04-25,2015-06-30,-0.1666666666666666,43.22507936507936,719742.8571428572
2015-03-31,GNRC,USD,1474735,2015-05-08,2015-05-08 13:33:58,2015,Q1,311818000.0,209215000.0,102603000.0,0.3290477137,8163000,14206000.0,30128000.0,44334000.0,-1609000.0,57692000.0,266907000.0,0.0,11268000.0,9034000.0,53945000.0,0.1730015586,44911000.0,0.14402953,-14208000.0,30703000.0,0.0984644889,11018000.0,19685000.0,0.0631297744,0.29,0.28,68806337,70088935,https://www.sec.gov/Archives/edgar/data/1474735/000143774915009450/0001437749-15-009450-index.htm,https://www.sec.gov/Archives/edgar/data/1474735/000143774915009450/gnrc20150331_10q.htm,4.531820957130736,0.2860928347341031,0.3670737478729611,0.2721987656456701,2.1812671120684715,14.611822745338122,1.3093561425890177,7.305911372669061,15.238233071468402,3350180548.53,4237314548.53,42.54737806108712,10.74402551658339,132.64364526784655,178.87663775588658,6.664466281666941,6.664466281666941,13.589063327101064,78.54879133432199,167.76792764500928,226.24350197714773,0.005875802726106,0.0055904449711577,2.063324931916697,0.562980223320806,16.445157104458243,3.0031415576499274,3.985711750088747,1.2830581661163325,0.0004259471927941,0.0724917449834899,0.0455586271478875,0.0261787324657332,0.4968019487921006,0.2584630003563368,0.0209352891750957,0.7226034978968342,0.0080431533779319,6.85775474450405,0.0178676562925241,0.0212333805785489,-5.665088667632459,469931000.0,90092000.0,-132458000.0,1556609000.0,173648500.0,133673499.5,338157000.0,45.65836481537307,58.11681762779916,153.5435317735344,1.9711612617738163,1.5486050970029386,0.5861529884094596,0.0391590891458603,0.094874982227291,2015-04-30,0.64,bmo,400885714.0,2025-04-25,2015-03-31,-0.234375,47.65344262295082,780039.344262295
2014-12-31,GNRC,USD,1474735,2015-02-27,2015-02-27 14:48:24,2014,Q4,403997000.0,265587000.0,138410000.0,0.342601554,7914000,15715000.0,30363000.0,46078000.0,-220000.0,59295000.0,324882000.0,0.0,11804000.0,8985000.0,88100000.0,0.2180709263,79115000.0,0.1958306621,-12261000.0,66854000.0,0.1654814268,17464000.0,49390000.0,0.1222533831,0.72,0.7,68598310,70170300,https://www.sec.gov/Archives/edgar/data/1474735/000143774915003654/0001437749-15-003654-index.htm,https://www.sec.gov/Archives/edgar/data/1474735/000143774915003654/gnrc20141231_10k.htm,5.889314182812958,0.71998858280911,1.6104624151819484,1.4360120533581655,2.766263483750547,14.280206028399242,0.8623390284687772,7.140103014199621,16.032771069724603,3207656975.6,4105912975.6,16.236368574610243,7.939803948049119,29.035138950893863,32.562400775571525,6.548925121529443,6.548925121529443,10.163226399205934,46.60514160726447,37.165992085087126,41.68101043164007,0.0153975317110588,0.0307102663250249,2.221354065647337,0.5749576054658168,10.195868331441543,3.0370527436159684,6.702389020670959,2.236788823648512,6.141554458551501e-05,0.0039886616724033,0.0388988037039879,0.0195892543756513,0.4864038918948626,0.1083231500339443,0.0296215070903991,1.3318864774624375,0.0079431282905566,10.75489816929265,0.0352696198149461,0.0508179853894433,-6.143901358502856,489956000.0,59155000.0,-182267000.0,1579220000.0,194495500.0,131846499.5,323483000.0,42.128109862201946,44.815144980740776,108.23063628867378,2.136340801768311,2.0082496673541352,0.8315575246176244,0.1008372822320992,0.1744503618237825,2015-02-11,0.78,bmo,317428571.0,2025-04-25,2014-12-31,0.2564102564102563,43.76046875,1091709.375
2014-09-30,GNRC,USD,1474735,2014-11-07,2014-11-07 15:35:04,2014,Q3,352305000.0,222022000.0,130283000.0,0.3698017343,7822000,13429000.0,32961000.0,46390000.0,-1444000.0,59489000.0,281511000.0,0.0,12294000.0,8789000.0,79583000.0,0.2258923376,70794000.0,0.2009452037,-15932000.0,54862000.0,0.1557230241,18365000.0,36497000.0,0.1035948965,0.53,0.52,68556051,70033224,https://www.sec.gov/Archives/edgar/data/1474735/000143774914020036/0001437749-14-020036-index.htm,https://www.sec.gov/Archives/edgar/data/1474735/000143774914020036/gnrc20140930_10q.htm,5.138933687997869,0.5323673033617412,0.8347330274318163,0.6975460123862736,2.5258456033297483,13.0671762292726,0.30038194586208,6.5335881146363,16.40125099971117,2779262307.54,3718211307.54,19.037607937227715,7.88879609298761,48.56642623178275,58.118029893561406,6.204860069030646,6.204860069030646,10.55395554289607,46.721175471394645,64.97416047845385,77.75268830722904,0.0131319019082817,0.0172063643903866,2.482850617413494,0.6064172388521972,11.798361459105587,3.191022154822291,5.758418740849195,1.567964490232074,8.851269609659163e-05,0.0067402800230155,0.038117540199543,0.0222023530747505,0.4772556251581326,0.1643483731171146,0.0266956188529825,1.07008760951189,0.0090830388441833,8.84652730917438,0.0292444075625456,0.0380707297559204,-6.58154157683324,502787000.0,20593000.0,-205807000.0,1537086000.0,201788000.0,123797000.0,307407000.0,51.062460084301954,53.283233193106994,132.78994874381817,1.762547277420904,1.6890866902506751,0.6777621412719297,0.0814816137811246,0.1371870150455428,2014-11-06,1.02,bmo,437191566.0,2025-04-25,2014-09-30,-0.1862745098039216,44.78953125,1129012.5
2014-06-30,GNRC,USD,1474735,2014-08-07,2014-08-07 16:29:24,2014,Q2,362609000.0,234597000.0,128012000.0,0.3530303991,8012000,12503000.0,29115000.0,41618000.0,-366000.0,54729000.0,289326000.0,0.0,11428000.0,8381000.0,81664000.0,0.225212281,78160000.0,0.2155489798,4262000.0,82422000.0,0.2273026869,28397000.0,54025000.0,0.1489896831,0.79,0.77,68538251,70087976,https://www.sec.gov/Archives/edgar/data/1474735/000143774914014607/0001437749-14-014607-index.htm,https://www.sec.gov/Archives/edgar/data/1474735/000143774914014607/gnrc20140630_10q.htm,5.290607722102509,0.7882459679340227,0.7139370976945414,0.5914945217963032,2.888299556987528,11.922160079632029,-0.9021093928994482,5.961080039816014,17.1099930752537,3340554353.74,4303856353.74,15.458372761406755,9.212552235989731,68.26931974454345,82.4014394114455,8.176370670155325,8.176370670155325,11.86913825564175,52.70200276425352,87.95586433703915,106.16320556832756,0.0161724654890033,0.0121357103364034,2.842312794630925,0.6348574871198271,11.79591986677116,3.350424435526445,6.839341967098355,0.9057288292457196,3.741893912309889e-05,0.0023137436372049,0.0344806665030377,0.0220954250997631,0.480520652012281,0.1715033107169132,0.0231433858508751,1.001312492542656,0.0079451971682997,10.282166084202856,0.0315804364001541,0.0568555537431002,-7.55343902779194,503106000.0,-61829000.0,-294889000.0,1535122000.0,192930000.0,114946500.0,289770000.0,50.55660504841303,44.55900970600647,110.19309709842835,1.7801828250495846,2.0197935410550243,0.8167480756041262,0.1322320724883861,0.1224425758982381,2014-07-31,0.79,bmo,349334146.0,2025-04-25,2014-06-30,0.0379746835443036,52.603968253968254,1090679.365079365
2014-03-31,GNRC,USD,1474735,2014-05-08,2014-05-08 12:28:02,2014,Q1,342008000.0,222494000.0,119514000.0,0.3494479661,7746000,13148000.0,27969000.0,41117000.0,568000.0,54208000.0,276702000.0,0.0,11689000.0,8575000.0,73881000.0,0.2160212627,65306000.0,0.1909487497,-11082000.0,54224000.0,0.1585459989,19523000.0,34701000.0,0.1014625389,0.51,0.5,68421800,70008490,https://www.sec.gov/Archives/edgar/data/1474735/000147473514000015/0001474735-14-000015-index.htm,https://www.sec.gov/Archives/edgar/data/1474735/000147473514000015/form10q.htm,4.998523862277812,0.5071629217588546,0.5313072734128597,0.4593272904249815,2.5392491866627305,10.319634970141095,-2.6099284146280866,5.159817485070548,17.590943237389254,4034833546.0,5053008546.0,29.068568240108355,11.797482941919489,110.99038720325694,128.38340161639303,11.428698819410611,11.428698819410611,14.774533186358214,68.39388402972348,138.99839204467307,160.78046792668957,0.0086003547864821,0.0077891689066471,3.3761089269326203,0.6575832423482912,13.781283415221775,2.94155705043061,5.586962101120712,1.0476066972133369,8.277912736477482e-05,0.0096250828506383,0.0384435451802297,0.022648593015368,0.4880719023661996,0.1354771270596649,0.0144002479474164,0.5743440233236151,0.0097132230825009,7.673299975114559,0.0261414386682306,0.0373971473372812,-9.499333545741267,453140000.0,-178576000.0,-419951000.0,1485821000.0,173537500.0,111491000.0,296280000.0,47.93782601576572,46.010049709205646,118.23972781288484,1.8774318211760568,1.9560943873962584,0.7611654869708901,0.0982908645947813,0.0719799829878781,2014-05-01,0.73,bmo,351500000.0,2025-04-25,2014-03-31,-0.0136986301369863,54.67147540983606,886250.8196721311
2013-12-31,GNRC,USD,1474735,2014-03-03,2014-03-03 10:35:43,2013,Q4,376236000.0,230554000.0,145682000.0,0.3872090922,8379000,15332000.0,24467000.0,39799000.0,-756000.0,54464000.0,285018000.0,0.0,12003000.0,9272000.0,100490000.0,0.2670929948,91218000.0,0.2424488885,-12760000.0,78458000.0,0.2085340053,29940000.0,48518000.0,0.1289562934,0.71,0.69,68203811,69918699,https://www.sec.gov/Archives/edgar/data/1474735/000147473514000005/0001474735-14-000005-index.htm,https://www.sec.gov/Archives/edgar/data/1474735/000147473514000005/form10k.htm,5.516348639227799,0.7113678735635461,1.5355593545938364,1.293446784080731,2.201445898675662,9.297750238619363,-3.767678026085669,4.648875119309682,17.732117637825255,3863063855.04,4910311855.04,19.90531274496064,10.267661401460783,36.88558168106864,43.789973191865606,12.1835924920286,12.1835924920286,13.05114836177293,48.86368648661559,46.88498968824894,55.66111060146455,0.0125594610445541,0.022836277967527,3.776425469374367,0.6658834782463623,10.421415066175738,2.6079012936275388,7.599600099975007,2.1586009316130097,1.2943094361426825e-06,0.0001030545364606,0.0407510179780775,0.0222705961152042,0.4955564020787396,0.1576706037371933,0.0438900052094961,1.78095340811044,0.0076999542840132,8.626056989258222,0.0359384798475651,0.0534873491472208,-10.851435413191208,403334000.0,-256970000.0,-509884000.0,1440836000.0,164802500.0,105472500.0,298150500.0,39.44766051095589,42.64259132350772,117.20798598159216,2.2815041205042843,2.11056592028415,0.7678657665368872,0.1530193552863554,0.2421125705131052,2014-02-13,0.89,bmo,305027027.0,2025-04-25,2013-12-31,0.2471910112359551,48.879375,744279.6875
2013-09-30,GNRC,USD,1474735,2013-11-05,2013-11-05 11:57:13,2013,Q3,363269000.0,223806000.0,139463000.0,0.3839110962,7183000,13693000.0,24295000.0,37988000.0,-117000.0,52174000.0,275980000.0,0.0,12494000.0,9846000.0,97135000.0,0.2673913821,87289000.0,0.2402875004,-13244000.0,74045000.0,0.2038296689,26952000.0,47093000.0,0.1296367155,0.69,0.67,68198006,69887025,https://www.sec.gov/Archives/edgar/data/1474735/000147473513000038/0001474735-13-000038-index.htm,https://www.sec.gov/Archives/edgar/data/1474735/000147473513000038/form10q.htm,5.32668066570744,0.6905333859761237,1.1861783759484112,1.1245050185191632,1.708569015932812,7.5468482172338,-5.277485678980115,3.7734241086169,17.894335503005763,2907962975.84,3999305975.84,15.437341939566393,8.004985219878382,35.94737592978552,37.91890591662429,11.30008151021994,11.30008151021994,11.009213491489778,41.172656363205846,49.43823445008962,52.14966912907979,0.0161944977949372,0.0263720689146145,4.693650423564156,0.6969565305198047,11.235321974571471,2.556954038257173,6.986473507283496,1.7177712186524536,1.031649998615754e-06,6.370373516233835e-05,0.0376938301919514,0.0197732259014669,0.5046544974048718,0.0519933246801409,0.0115781968733913,0.4271785496648385,0.0090263688891702,7.656872393155132,0.0364631101142029,0.054857471684794,-12.17493807663526,375064000.0,-359914000.0,-602415000.0,1370470000.0,163704500.0,106931000.0,291653000.0,40.80397721798447,40.89984182729685,119.05096378113188,2.2056673426513984,2.200497507546187,0.7559787602010485,0.1829991450998678,0.061673357429248,2013-10-24,0.83,bmo,284470754.0,2025-04-25,2013-09-30,0.2771084337349399,41.48984375,813731.25
2013-06-30,GNRC,USD,1474735,2013-08-07,2013-08-07 08:52:59,2013,Q2,346688000.0,215735000.0,130953000.0,0.3777257938,7064000,14039000.0,27072000.0,41111000.0,-1909000.0,54520000.0,270255000.0,0.0,14263000.0,8906000.0,69958000.0,0.2017895053,76433000.0,0.2204662405,-29644000.0,46789000.0,0.134959964,18535000.0,28254000.0,0.0814969079,0.41,0.4,68140330,69809599,https://www.sec.gov/Archives/edgar/data/1474735/000147473513000025/0001474735-13-000025-index.htm,https://www.sec.gov/Archives/edgar/data/1474735/000147473513000025/form10q.htm,5.087853258121879,0.4146443082973035,0.5290846111253057,0.4450081178062977,1.857901187153041,6.044614107386917,-5.896214473865918,3.022307053693458,17.97230802962064,2656110063.4,3739888063.4,23.502071064274084,7.661384482301088,73.67441649284366,87.59390770702106,12.897432096571348,12.897432096571348,10.78747479982001,53.45904776294348,103.73593873848884,123.33502830854464,0.0106373603975706,0.0114163190817418,5.877294953408986,0.7224542443536252,15.491837959918808,2.498983752305471,5.35883054055949,1.2759963191052597,0.1282973942592533,12.061017908968642,0.0404946234077902,0.0203756691895883,0.485655978660198,0.1589093531565516,0.0165249446187926,0.6432741971704469,0.009406151929112,5.310047495001121,0.0315289515721055,0.0327881027950076,-12.785743039401188,366542000.0,-401770000.0,-652416000.0,1289675000.0,166049500.0,114644500.0,273039500.0,42.23967948126269,46.78865274526618,119.8378566296614,2.130697985999717,1.9235433105969413,0.7510147672127495,0.1371946334144245,0.0840764933190079,2013-07-30,0.76,bmo,277360000.0,2025-04-25,2013-06-30,0.2499999999999999,32.8998078125,1028971.875
2013-03-31,GNRC,USD,1474735,2013-05-07,2013-05-07 15:34:56,2013,Q1,399572000.0,246110000.0,153462000.0,0.3840659506,6645000,12426000.0,31681000.0,44107000.0,396000.0,56937000.0,303047000.0,0.0,15675000.0,8750000.0,105671000.0,0.2644604727,96525000.0,0.2415709809,-17101000.0,79424000.0,0.1987726868,28750000.0,50674000.0,0.1268206981,0.75,0.73,67864475,69554941,https://www.sec.gov/Archives/edgar/data/1474735/000147473513000014/0001474735-13-000014-index.htm,https://www.sec.gov/Archives/edgar/data/1474735/000147473513000014/form10q.htm,5.887793282125884,0.7466940545845231,0.563859073543264,0.5001733233772161,0.8006692750514904,15.1948128973222,3.119319791393067,7.5974064486611,12.214181278201886,2104158406.7175,2863055406.7175,10.38085806684641,5.266030669610233,54.987675919027325,61.98911167562751,4.081037418429035,4.081037418429035,7.165305393564863,27.09405046528849,74.81982456273192,84.34643550310805,0.0240827876067808,0.0161318653061643,1.5772759186491696,0.5109133104566992,7.181696018775256,2.0346064595108686,6.157894736842105,0.7551407033192564,0.0012589356350468,0.0522753285708647,0.0310982751544152,0.016630294415024,0.5148480328900829,0.1129462185752365,0.0108165737338952,0.4939428571428571,0.0073353488232408,11.297836521796578,0.0447522346305062,0.0656204312451358,-3.680121300577364,267064000.0,211691000.0,-35343000.0,1193035000.0,152183000.0,105838500.0,242319000.0,38.15312384251149,42.834748689610336,94.64828735118444,2.358915625664156,2.101097887889084,0.950888838231828,0.0982827573633517,0.0636857501660478,2013-05-02,0.98,bmo,317038016.0,2025-04-25,2013-03-31,0.2346938775510204,31.434731666666668,747465.0
2012-12-31,GNRC,USD,1474735,2013-03-13,2013-03-13 13:56:53,2012,Q4,342022000.0,215869000.0,126153000.0,0.3688446942,6285000,15332000.0,27791000.0,43123000.0,-448000.0,58373000.0,274242000.0,16588000.0,0.0,11142000.0,77437000.0,0.2264094123,67780000.0,0.1981743864,-18098000.0,49682000.0,0.1452596617,21395000.0,28287000.0,0.0827052061,0.42,0.41,67515127,69477244,https://www.sec.gov/Archives/edgar/data/1474735/000147473513000006/0001474735-13-000006-index.htm,https://www.sec.gov/Archives/edgar/data/1474735/000147473513000006/form10k.htm,5.065857315205821,0.4189727733164154,1.5754987767408035,1.4426840965580945,1.5999821788086095,13.7340480748855,1.5044628443045067,6.86702403744275,13.238781288228934,2033467855.5749,2819262855.5749,17.97175253274384,5.9454299886407895,19.116930107877224,20.87685035958749,4.385990180866773,4.385990180866773,8.242928395176042,36.407180747897,26.5043043675369,28.944312347411277,0.0139107190322429,0.0478999457665202,1.927877522496484,0.5572963007069877,10.147539290003486,1.7722131595101387,0.0,3.760384628981511,0.0,0.0,0.0448275257147201,0.0183760108998836,0.5148134454221631,0.0843000846103224,0.0262176117325786,0.80479267635972,0.0080667325493681,8.04578537940531,0.0274908304205148,0.0363509024435691,-5.249579105435142,227694000.0,101574000.0,-154038000.0,1158094000.0,132048500.0,76269500.0,206465500.0,35.51824151662758,39.41682223941372,94.14751539127896,2.5339092296522394,2.283289085389717,0.9559466293503146,0.061012277084214,0.1328146801827092,2013-02-14,0.69,bmo,271241379.0,2025-04-25,2012-12-31,0.2608695652173914,27.60000322580645,935388.7096774194
2012-09-30,GNRC,USD,1474735,2012-11-06,2012-11-06 15:45:38,2012,Q3,300586000.0,184773000.0,115813000.0,0.3852907321,6456000,11435000.0,26409000.0,37844000.0,12389000.0,56689000.0,241462000.0,6000.0,16933000.0,14510000.0,73310000.0,0.2438902677,59124000.0,0.1966957876,-17257000.0,41867000.0,0.1392845974,16326000.0,25541000.0,0.0849706906,0.38,0.37,67415363,69166501,https://www.sec.gov/Archives/edgar/data/1474735/000147473512000053/0001474735-12-000053-index.htm,https://www.sec.gov/Archives/edgar/data/1474735/000147473512000053/form10q.htm,4.458716628137121,0.3788602310129221,1.03117445203106,0.913678978484474,0.8598336850904444,6.430848707289464,-5.710953451366864,6.430848707289464,13.347076392661418,1481270580.4449,2306169580.4449,14.498948557661212,4.92794268676818,21.30803372477092,24.048161900852328,3.4167029889995804,3.4167029889995804,7.672245481974876,31.45777629852544,33.17418157349857,37.44024904936847,0.017242629629712,0.0415832197122956,2.036418952894556,0.5857754882817036,11.25220297367344,2.5556504993049267,3.4916435362900846,2.7217806663795465,0.2730710940593383,15.83697498140245,0.0380423572621479,0.0214780462163906,0.5430989010551542,0.1139433519858452,0.0263518593680344,0.5458993797381116,0.0091953717072651,7.403974514015351,0.0265336486470602,0.037089637526157,-12.24161249417288,243954000.0,-385006000.0,-672863000.0,1154066000.0,114613500.0,66693500.0,207076000.0,38.660183774360746,28.248932473900407,91.14026399961034,2.327976517785918,3.18596110076557,0.9874889105037572,0.0589129441940498,0.1174954735465861,2012-10-31,0.71,bmo,273623076.0,2025-04-25,2012-09-30,0.0985915492957747,19.551731746031745,308596.8253968254
2012-06-30,GNRC,USD,1474735,2012-08-07,2012-08-07 09:11:30,2012,Q2,239137000.0,151708000.0,87429000.0,0.3656021444,5703000,10158000.0,22122000.0,32280000.0,12288000.0,50271000.0,201979000.0,29000.0,9894000.0,12288000.0,49475000.0,0.2068897745,37158000.0,0.155383734,-21459000.0,15699000.0,0.0656485613,6364000.0,9335000.0,0.039036201,0.14,0.14,67309260,68645533,https://www.sec.gov/Archives/edgar/data/1474735/000147473512000037/0001474735-12-000037-index.htm,https://www.sec.gov/Archives/edgar/data/1474735/000147473512000037/form10q.htm,3.552809821412388,0.1386881983251635,0.3138201192525367,0.2638121411526438,0.1531290048352931,6.011149134606442,-6.3350124485100565,6.011149134606442,13.44773364021533,1067107546.188,1952063546.188,28.57813460599893,4.4623272274386645,50.51874952364721,60.09503554586923,2.6373992135262454,2.6373992135262454,8.162950719411885,39.45555424331481,92.41412423367892,109.93205756535453,0.0087479467588315,0.0166403096514806,2.212678506991987,0.6001327277907191,17.886932794340577,2.143955276030748,3.755609460278957,2.2627745045527585,0.0,0.0,0.0424777428837862,0.023848254347926,0.5570618893599906,0.1593523647209203,0.0140756135604277,0.2355493351994401,0.0117840401108987,4.331015755594149,0.0164385583801333,0.0141275856432856,-13.19672805792249,191529000.0,-426405000.0,-728213000.0,1108326000.0,107067500.0,83244000.0,213583500.0,37.67597653228066,44.72532760302687,134.68913966303688,2.3887901066847803,2.012282633205555,0.6682053224570337,0.0230718279017117,0.0500079780998929,2012-08-02,0.55,bmo,226732758.0,2025-04-25,2012-06-30,0.0545454545454543,16.37372222222222,283925.3968253968
2012-03-31,GNRC,USD,1474735,2012-05-08,2012-05-08 16:48:15,2012,Q1,294561000.0,183556000.0,111005000.0,0.3768489379,5055000,9106000.0,25126000.0,34232000.0,12225000.0,51512000.0,235068000.0,19000.0,5674000.0,14218000.0,68996000.0,0.2342333167,59493000.0,0.2019717478,-10389000.0,49104000.0,0.1667023129,19044000.0,30060000.0,0.1020501696,0.45,0.44,67200480,68637927,https://www.sec.gov/Archives/edgar/data/1474735/000147473512000025/0001474735-12-000025-index.htm,https://www.sec.gov/Archives/edgar/data/1474735/000147473512000025/form10q.htm,4.383316904879251,0.4473182334411897,0.5741625655054845,0.5423473165667865,1.3650200117618208,11.916179765382628,-0.6317663207167568,11.916179765382628,8.620846160622662,1087082004.816,1569003004.816,9.040934837125748,3.6905157329585374,28.17442475679038,29.82719653229435,1.3575407822391614,1.3575407822391614,5.326580928283106,22.740492272247668,40.664602032345016,43.05007421434451,0.0276520077297093,0.0335264495581167,0.7163715559840305,0.3649836452745628,6.9847672328830654,2.546767838030148,10.48519562918576,1.2835662009314703,0.0,0.0,0.0309138005370704,0.0171611313106623,0.5365011640136234,0.0554115695625129,0.0072582589005333,0.1503727669151779,0.0082801185492987,10.951360684655524,0.0256741866413177,0.0412634919676206,-7.345620894374564,258683000.0,-42455000.0,-345020000.0,1186333000.0,111866000.0,86075000.0,181126500.0,34.83974456903663,44.66609645012967,98.12596700734382,2.5832565971217343,2.0149510960843937,0.9171884134733096,0.037538728203873,0.031815248938698,2012-05-08,0.71,bmo,217881249.0,2025-04-25,2012-03-31,0.352112676056338,17.94121129032258,245587.09677419355
2011-12-31,GNRC,USD,1474735,2012-03-09,2012-03-09 14:12:16,2011,Q4,267308000.0,168843000.0,98465000.0,0.3683578494,4807000,10833000.0,25126000.0,35959000.0,21839000.0,62605000.0,231448000.0,26000.0,5888000.0,14489000.0,49525000.0,0.185273168,35860000.0,0.1341523636,-6712000.0,29148000.0,0.1090427522,-237983000.0,267131000.0,0.9993378425,3.98,3.98,67143565,68888264,https://www.sec.gov/Archives/edgar/data/1474735/000147473512000013/0001474735-12-000013-index.htm,https://www.sec.gov/Archives/edgar/data/1474735/000147473512000013/form10k.htm,3.981141007332571,3.9785048649114776,1.201857542118891,1.088682139531912,1.3869683565357305,11.451417570693485,-0.1855427247570187,11.451417570693485,8.992105200252622,1240121502.4805,1744869502.4805,1.160593025969,4.639298122317701,15.36762831927457,16.965190600023256,1.6128745533887203,1.6128745533887203,6.527561848057297,35.23209495165068,21.62248289875088,23.87027692249445,0.2154071189522015,0.0589442242988197,0.7775816795402197,0.3850313596210183,10.191781928319031,2.3173408307636496,6.090353260869565,0.3020877397232069,0.0,0.0,0.0405262842862914,0.0179830008828766,0.503188126170069,0.0941670694077846,0.028427880946324,0.5244668369107599,0.0119113531955646,32.01701440782038,0.2330351275348119,0.3462731027187904,-7.855365588645762,217875000.0,-12458000.0,-400639000.0,1083606000.0,113649000.0,61116000.0,132878500.0,36.93660496505903,43.204456210799385,86.41850713384623,2.436607264937788,2.08311845335768,1.041443586390664,0.3474246607767831,0.1131754025869791,2012-02-14,0.62,bmo,218060526.0,2025-04-25,2011-12-31,0.2258064516129032,15.907768253968252,222407.9365079365
2011-09-30,GNRC,USD,1474735,2011-11-14,2011-11-14 10:10:04,2011,Q3,239324000.0,150665000.0,88659000.0,0.3704559509,4176000,7290000.0,21028000.0,28318000.0,11987000.0,44481000.0,195146000.0,25000.0,5895000.0,14111000.0,57511000.0,0.2403060286,44178000.0,0.1845949424,-6673000.0,37505000.0,0.1567122395,126000.0,37379000.0,0.1561857565,0.56,0.55,67134999,67646423,https://www.sec.gov/Archives/edgar/data/1474735/000147473511000042/0001474735-11-000042-index.htm,https://www.sec.gov/Archives/edgar/data/1474735/000147473511000042/form10q.htm,3.564817212554066,0.5567736732966958,0.909078735519159,0.8933343396638763,2.06628438320227,7.475400424151343,-3.721978159260865,7.475400424151343,9.509093758979574,832098031.6056,1325876031.6056,5.565277506123759,3.4768683107653224,13.634022572227227,13.874312728942542,1.658024894553671,1.658024894553671,5.540088046353897,23.054303204701707,21.724632262384688,22.10751378273251,0.0449213897644658,0.0720756421984022,1.26030514425309,0.5018327864065961,8.58580097720436,3.641863315351155,7.494147582697201,1.6327617111212178,0.0,0.0,0.0304607979141247,0.0174491484347579,0.5964378883761671,0.0173190673592108,0.0044166067757517,0.0749061016228474,0.0072913706941217,9.677158077357449,0.0379292987958693,0.0734881251966027,-7.146551830588394,262979000.0,-249875000.0,-395993000.0,1088378000.0,98701500.0,42957500.0,121680500.0,44.221933445872544,24.598347326850963,61.90535293532008,2.03518916942335,3.658782389081813,1.4538322735036138,0.0744807825274329,0.0157443958552825,2011-11-01,0.63,bmo,201012000.0,2025-04-25,2011-09-30,0.1904761904761904,12.4077078125,155279.6875
2011-06-30,GNRC,USD,1474735,2011-08-12,2011-08-12 16:15:36,2011,Q2,161363000.0,101010000.0,60353000.0,0.3740200666,3608000,5772000.0,17317000.0,23089000.0,11856000.0,38553000.0,139563000.0,23000.0,5934000.0,13860000.0,35170000.0,0.2179557891,21800000.0,0.1350991243,-6424000.0,15376000.0,0.0952882631,87000.0,15289000.0,0.0947491061,0.23,0.23,67134999,67718654,https://www.sec.gov/Archives/edgar/data/1474735/000147473511000032/0001474735-11-000032-index.htm,https://www.sec.gov/Archives/edgar/data/1474735/000147473511000032/form10q.htm,2.403560026864676,0.2277351638897023,0.2280926525373151,0.2007596663552493,1.1729500435383935,6.89774345568993,-5.494645199890448,6.89774345568993,9.509674678031946,858200119.2168001,1411952119.2168002,14.032966826097194,5.318444248165937,56.04389206666232,63.67414447372014,1.8532437574863951,1.8532437574863951,8.750160316905363,40.146491874233725,92.20610717800562,104.75976548573972,0.0178151921185385,0.0157049616962301,1.3658503930206445,0.5215295499989693,15.745009951663349,3.3136161696137942,3.6737445230872936,1.0015697560337498,0.0,0.0,0.0357702819109709,0.0223595247981259,0.685999464039084,0.119832821785411,0.0113718758327497,0.1323953823953824,0.0106406053432323,5.945109045920859,0.0193224267698645,0.0401484196926567,-8.061778626078478,210391000.0,-368883000.0,-448368000.0,1117083000.0,71110000.0,48474000.0,141757500.0,44.513922026734754,39.85981585981586,124.4977724977725,2.021839368500188,2.2579130901287554,0.7229045001717623,0.0330158935821024,0.0273329861820657,2011-08-05,0.36,bmo,141717073.0,2025-04-25,2011-06-30,0.1388888888888888,12.510838095238096,113885.71428571428
2011-03-31,GNRC,USD,1474735,2011-05-13,2011-05-13 14:50:37,2011,Q1,123981000.0,76804000.0,47177000.0,0.3805179826,3885000,6117000.0,14305000.0,20422000.0,11727000.0,36034000.0,112838000.0,36000.0,6001000.0,13663000.0,24601000.0,0.1984255652,11143000.0,0.0898766747,-6206000.0,4937000.0,0.0398206177,93000.0,4844000.0,0.0390705027,0.07,0.07,67107560,67344349,https://www.sec.gov/Archives/edgar/data/1474735/000147473511000018/0001474735-11-000018-index.htm,https://www.sec.gov/Archives/edgar/data/1474735/000147473511000018/form10q.htm,1.847496764895043,0.0721826274118743,0.1888162823979891,0.1654359061780818,1.3410858627552544,6.687398558374049,-5.886907525769079,6.687398558374049,9.883089178030016,897201234.176,1464433234.176,46.30477054995871,7.236602658278285,70.80745278004893,80.81437886651054,1.999222849258537,1.999222849258537,11.811755302635085,59.52738645485957,115.5736117256728,131.9071549428932,0.005399011743947,0.0123740355865606,1.4644955712773662,0.5368123314367672,23.057274094549,2.512049706084306,1.8568571904682551,2.615813377374071,0.0,0.0,0.0493382050475476,0.03133544656036,0.6892253483163688,0.1238260595059584,0.0126551649042998,0.1148356876235087,0.0161315040207773,3.29561298791453,0.0096785004271905,0.0127310525720983,-8.446812847911621,180572000.0,-395056000.0,-475549000.0,1099317000.0,62782000.0,47010500.0,135462000.0,45.30452246715223,61.18275089839071,168.49161502005106,1.986556641563852,1.4710028345974109,0.5341512097755708,0.010793827641914,0.0233803762199072,2011-05-05,0.32,bmo,158720000.0,2025-04-25,2011-03-31,-0.21875,11.366714516129033,86088.70967741935
2010-12-31,GNRC,USD,1474735,2011-03-07,2011-03-07 17:10:05,2010,Q4,161041000.0,97209000.0,63832000.0,0.3963711105,3916000,6107000.0,14538000.0,20645000.0,13063000.0,37624000.0,134833000.0,235000.0,6645000.0,14918000.0,40246000.0,0.2499115132,26208000.0,0.1627411653,-7525000.0,18683000.0,0.1160139343,70000.0,18613000.0,0.1155792624,0.28,0.28,67179382,67179382,https://www.sec.gov/Archives/edgar/data/1474735/000147473511000011/0001474735-11-000011-index.htm,https://www.sec.gov/Archives/edgar/data/1474735/000147473511000011/form10k.htm,2.397178943980164,0.2770641742432224,0.4668098911657151,0.3878124392391701,1.1697487779807203,6.565511424323612,-6.16991385839185,6.565511424323612,9.882109365042982,715789597.2717999,1294435597.2718,9.614108382203298,4.444766222712228,22.82492338239158,27.47436369215829,1.6228591059222297,1.6228591059222297,8.037925728676548,32.16308694707052,41.276645321167095,49.684704151990175,0.0260034513926195,0.0363975672450393,1.490088807369402,0.5432169887501519,14.377726979078666,3.143784968564342,3.944018058690745,1.6848439262880783,0.0,0.0,0.0379220198582969,0.0243167888922696,0.7071411037265587,0.1692283163265306,0.0329543408200396,0.3557447379005228,0.0107363963214336,6.397580013446878,0.023245951221263,0.0525308685528822,-8.623166554285957,185834000.0,-414491000.0,-496297000.0,1116679000.0,68470500.0,51648000.0,127247500.0,35.29449022298669,38.70845292102583,117.70854550504583,2.54997308167337,2.3250735487574445,0.7646003917034381,0.0421999378779187,0.0789974519265449,2011-02-18,0.47,bmo,154428571.0,2025-04-25,2010-12-31,0.0425531914893617,9.7757,94510.9375
2010-09-30,GNRC,USD,1474735,2010-11-12,2010-11-12 15:14:21,2010,Q3,160666000.0,93304000.0,67362000.0,0.4192672999,3580000,5654000.0,15295000.0,20949000.0,13063000.0,37592000.0,130896000.0,62000.0,6540000.0,15011000.0,44627000.0,0.2777625633,29770000.0,0.1852912253,-6694000.0,23076000.0,0.143627152,78000.0,22998000.0,0.1431416728,0.34,0.34,67094447,67231403,https://www.sec.gov/Archives/edgar/data/1474735/000147473510000013/0001474735-10-000013-index.htm,https://www.sec.gov/Archives/edgar/data/1474735/000147473510000013/form10q_093010.htm,2.394624401628945,0.3427705425457937,0.5436515483911806,0.5244398243568503,1.9127365339191185,6.27275458429518,-6.645676653389811,6.27275458429518,10.998853601103532,603031470.7466,1206119470.7466002,6.55525992202148,3.753323483167565,16.53228069817414,17.137905213476568,1.432831442585425,1.432831442585425,7.506998809621202,27.026676020046164,33.0661111620408,34.27741696497571,0.0381373130850479,0.058350188517418,1.737893443772023,0.5717991273954215,13.513971362628006,3.2055774284531635,4.551987767584098,1.5860509609531264,0.0,0.0,0.0351910173901136,0.0222822501338179,0.6775975465129823,0.0353383046386665,0.0080228548666177,0.0858703617347278,0.0104253544620517,6.955400676639568,0.0252446007362823,0.0557657054732737,-9.10565296111614,229122000.0,-445888000.0,-525287000.0,1167729000.0,71098500.0,52236000.0,119397000.0,41.333138311777226,59.30967589813942,122.84810940581325,2.17742962852535,1.5174589750679006,0.7326120070981014,0.0546443413239812,0.0192117240343302,2010-11-04,0.53,bmo,154856363.0,2025-04-25,2010-09-30,0.0377358490566038,9.035125,61960.9375
2010-06-30,GNRC,USD,1474735,2010-08-13,2010-08-13 15:39:15,2010,Q2,140455000.0,85710000.0,54745000.0,0.3897689651,3482000,5679000.0,13809000.0,19488000.0,12921000.0,35891000.0,121601000.0,36000.0,5720000.0,14859000.0,33490000.0,0.2384393578,18854000.0,0.1342351643,-5943000.0,12911000.0,0.0919226799,77000.0,12834000.0,0.0913744616,0.19,0.19,67093250,67200565,https://www.sec.gov/Archives/edgar/data/1474735/000110465910044364/0001104659-10-044364-index.htm,https://www.sec.gov/Archives/edgar/data/1474735/000110465910044364/a10-13073_110q.htm,2.0934296669188037,0.1912860086521371,0.4204446796063687,0.3985199703397882,1.3877551020408163,5.935053079110045,-7.1783078029459,5.935053079110045,10.986828034116696,619378046.7,1257691046.7,12.065179341982237,4.4097970645402444,21.956753046899927,23.164711148926624,1.555436805189326,1.555436805189326,8.954405658039942,37.55422653627949,44.584744113580776,47.03758870147356,0.0207207860665688,0.0431691115667693,1.836811467546622,0.5915610060278529,19.05980889817856,3.2145416056016933,3.296153846153846,2.197989714820009,0.0,0.0,0.0404328788579972,0.024790858282012,0.711581031472137,0.0521464780743734,0.0104731052650315,0.0989972407295241,0.0121960770353494,5.054115533843146,0.0162905885787662,0.0359889963517465,-9.510502174212755,190393000.0,-481616000.0,-561858000.0,1142791000.0,60546000.0,35362000.0,109262500.0,43.835392118472114,45.136506825341264,117.01365068253412,2.053135506504897,1.9939513783878096,0.7691410316235328,0.0322298732803953,0.0219247092665804,2010-08-06,0.41,bmo,147705128.0,2025-04-25,2010-06-30,-0.0487804878048779,9.11955873015873,123365.07936507936
2010-03-31,GNRC,USD,1474735,2010-05-14,2010-05-14 06:01:25,2010,Q1,130718000.0,79300000.0,51418000.0,0.3933505715,3722000,5159000.0,14312000.0,19471000.0,12761000.0,35954000.0,115254000.0,0.0,8492000.0,14652000.0,25694000.0,0.1965605349,15464000.0,0.1183004636,-12914000.0,2550000.0,0.0195076424,82000.0,2468000.0,0.0188803378,-4.26,-4.26,35748290,35748290,https://www.sec.gov/Archives/edgar/data/1474735/000110465910028381/0001104659-10-028381-index.htm,https://www.sec.gov/Archives/edgar/data/1474735/000110465910028381/a10-10065_110q.htm,3.656622456626597,0.0690382672849526,0.5157169755532363,0.4719666311311674,1.8566202747040488,10.78700547634586,-14.185909312025831,10.78700547634586,20.697885129610395,330013913.964,995064913.964,33.42928626053485,2.5246248715861626,17.900516053590803,19.55985739473684,0.8558074824605763,0.8558074824605763,7.61230216163038,38.727520587063125,53.97401355847256,58.97729456875296,0.0074784725600061,0.051125117112003,1.8967576636922128,0.6071292796180363,25.883513660776835,3.344450083375625,1.821008007536505,7.47001620745543,0.0,0.0,0.0394666381064581,0.0284735078566073,0.7410332010206504,0.0848340203948795,0.0119646873422175,0.1067431067431067,0.0095319695833779,4.09342323291946,0.0131777539337286,0.0079106874413028,-18.453414135333468,161685000.0,-507122000.0,-588455000.0,1127471000.0,53406000.0,30689000.0,115394500.0,36.27182178429902,31.48184110970996,121.53858764186631,2.481264948179644,2.858790872057392,0.7405055607952264,0.0064001327742293,0.0437503444220688,2010-05-14,,bmo,,2025-04-25,2010-03-31,,9.189711764705882,501244.1176470588
2009-12-31,GNRC,USD,1474735,2010-03-30,2010-03-30 15:11:22,2009,Q4,153964000.0,90320000.0,63644000.0,0.4133693591,3090000,3175000.0,14960000.0,18135000.0,13097000.0,34322000.0,124642000.0,0.0,17210000.0,14994000.0,44167000.0,0.2868657608,29322000.0,0.1904471175,-17359000.0,11963000.0,0.0776999818,15000.0,11948000.0,0.0776025564,-0.92,-0.92,19908540,19908540,https://www.sec.gov/Archives/edgar/data/1474735/000104746910002937/0001047469-10-002937-index.htm,https://www.sec.gov/Archives/edgar/data/1474735/000104746910002937/a2197602z10-k.htm,7.733565595468075,0.600144460618408,1.4805706495805318,1.399047845798838,8.102402285652287,-37.311324687797295,-82.7943184181261,-37.311324687797295,55.69213011099759,168438193.524,1098670193.524,3.524401437981252,1.0940102460575198,5.71441829027005,6.047398611424263,-0.2267568913940771,-0.2267568913940771,7.135890166038814,24.875363812891976,37.27338151458814,39.4453090699027,0.0709340307564957,0.1653603581068527,-1.4694647650690482,0.8162607693590469,21.061697647564923,2.614339513984133,1.7037768739105172,2.467023769668564,0.0,0.0,0.0206217037749084,0.0200696266659738,0.6771394578247932,0.0550617451485954,0.0105414252682445,0.1082432973189275,6.495024810994778e-05,,0.0235346013644044,0.0276738707981368,-91.23233044713474,213046000.0,-1648314000.0,-1735040000.0,1191920000.0,57041500.0,48792500.0,133695500.0,31.641812371723265,33.519818423383526,123.26173604960142,2.8443377055237398,2.684978744909183,0.7301535974130962,-0.0160847803083948,0.0815228037816936,2010-05-07,0.31,bmo,93927205.0,2025-04-25,2009-12-31,0.806451612903226,,
2009-09-30,GNRC,USD,1474735,2009-09-30,2009-09-29 20:00:00,2009,Q3,144261000.0,79770000.0,64491000.0,0.4470438996,2515000,3671000.0,14620000.0,18291000.0,13097000.0,33903000.0,113673000.0,0.0,17204000.0,15060000.0,45648000.0,0.316426477,30588000.0,0.212032358,-16160000.0,14428000.0,0.1000131706,112000.0,14316000.0,0.0992368,-0.74,-0.74,19908540,65578790,,,7.246186812292614,0.7190883912130172,1.2210840172107045,1.1700004118835434,6.736757190632764,-38.219377211990434,-84.36022932872024,-38.219377211990434,55.691828732795074,168438193.524,1125858193.524,2.9414325496647105,1.1675934141867863,6.928761560016454,7.231279505602541,-0.2213693842542699,-0.2213693842542699,7.804314357477073,24.66391065378549,46.312554237926776,48.33461527171253,0.0849925999589883,0.1382881133588094,-1.4345518155007544,0.8107538590207721,20.97397476340694,2.682672662012385,1.7779586142757495,1.2606305745695914,0.0,0.0,0.025446932989512,0.0174336792341658,0.6822990865511028,0.041834635952283,0.0070497223781895,0.0675298804780876,6.238692370079231e-05,,0.0247419103437085,0.0334697904514307,-93.2408278055548,213304000.0,-1679489000.0,-1767149000.0,1205567000.0,61804000.0,55173500.0,131329500.0,37.402832366336014,72.1466716810831,162.11846558856712,2.4062348839924605,1.2474587933568948,0.5551495918324738,-0.0188147595190907,0.0510836053271611,2009-09-29,,bmo,,2025-04-25,2009-09-30,,,
2009-06-30,GNRC,USD,1474735,2009-06-30,2009-06-29 20:00:00,2009,Q2,149577000.0,89389000.0,60188000.0,0.4023880677,2625000,3970000.0,15853000.0,19823000.0,12954000.0,35402000.0,124791000.0,0.0,18482000.0,14894000.0,39680000.0,0.265281427,24786000.0,0.1657072946,-13682000.0,11104000.0,0.0742360122,107000.0,10997000.0,0.0735206616,-0.86,-0.86,19908540,65578790,,,7.513207899725445,0.5523760155189682,1.04025709569863,0.9640084104610384,4.562162770348805,-39.49259965823712,-86.29131016136793,-39.49259965823712,55.8564816907719,168438193.524,1171151193.524,3.829185085114122,1.1260968833711065,8.133181724963785,8.776479445810754,-0.2142325416208791,-0.2142325416208791,7.829754531271519,29.51489903034274,56.55003348739739,61.022884197790745,0.065288042871542,0.1139409037729048,-1.3908463064713066,0.8430651785253092,25.269984879032258,2.309765549798696,1.3410886267719944,3.4350638580195723,0.0,0.0,0.0265415137354004,0.0175494895605607,0.7182905853755187,0.0732979237083534,0.0101486191058785,0.1019202363367799,6.685519832594583e-05,,0.0207608378717255,0.0300953736265239,-94.69743888803498,156479000.0,-1717934000.0,-1807389000.0,1162762000.0,,,,38.301008844942736,46.71816442739039,119.7811811296692,2.349807556358495,1.926445550742441,0.751370116333804,-0.0139868233618233,0.0762486852375915,2009-06-29,,bmo,,2025-04-25,2009-06-30,,,
2009-03-31,GNRC,USD,1474735,2009-03-31,2009-03-30 20:00:00,2009,Q1,140446000.0,92919000.0,47527000.0,0.338400524,2612000,3897000.0,14390000.0,18287000.0,12812000.0,33711000.0,126630000.0,0.0,17966000.0,14727000.0,28543000.0,0.2032311351,13816000.0,0.0983723282,-7917000.0,5899000.0,0.0420019082,105000.0,5794000.0,0.0412542899,-1.06,-1.06,19908540,65578790,,,7.054560505190235,0.2910308842336002,0.0055754967466223,-0.0128588033075253,,,,,,168438193.524,,7.267785360890576,1.19930929698247,1517.4612029189188,-657.961693453125,0.0,0.0,,,,,0.0343983741381935,-0.0015198453191883,0.0,0.0,,0.0,0.7690081264610932,0.0191577493959268,0.0,0.0,0.0277473192543753,0.0185978952764763,0.0,3.3063063063063063,0.0026131039687851,0.0249202145718747,6.408156871680219e-05,,0.0,0.0,,,,,,,,,,,,0.0,0.0,0.0,0.0,0.0184343000541476,2009-03-30,,bmo,,2025-04-25,2009-03-31,,,
2008-12-31,GNRC,USD,1474735,2008-12-31,2008-12-30 19:00:00,2008,Q4,172624000.0,114463000.0,58161000.0,0.3369230234,2448000,4161000.0,16381000.0,20542000.0,11998000.0,34988000.0,149451000.0,0.0,26556000.0,13880000.0,37053000.0,0.214645704,23173000.0,0.1342397349,-551307000.0,-528134000.0,-3.0594471221,-12369000.0,-515765000.0,-2.9877942812,-25.91,-7.86,19908540,65578790,,,8.670851805305663,-25.906721437132006,1.4601773912100031,1.3944267133601962,4.080108335417866,-40.695801902098296,-88.78873086625137,-40.695801902098296,58.14052662827108,168438193.524,1218146193.524,-0.0816448351109516,0.9757518857401056,5.794227503405573,6.067439700443067,-0.2078985940700622,-0.2078985940700622,7.056644461511724,32.875777764931314,41.90389382607499,43.879766345736826,-3.0620430509812557,0.1648141636952694,-1.3958841956370944,0.8527560408802802,28.329905810595637,2.1487330150569224,0.8726088266305166,-0.0563628784427016,0.0,0.0,0.0241044119010102,0.0141811103902122,0.721949851230646,0.0450292397660818,0.0075829548614329,0.0943083573487031,5.792937250903698e-05,,0.0187378202606198,-1.3986695737537762,-97.6218371613388,147016000.0,-1767654000.0,-1861411000.0,1181150000.0,,,,34.53569607934007,42.87193241484148,97.4830294505648,2.6059993055660398,2.09927556166896,0.9232376189708016,0.6365944452810067,0.0657506778498071,2008-12-30,,bmo,,2025-04-25,2008-12-31,,,
2008-09-30,GNRC,USD,1474735,2008-09-30,2008-09-29 20:00:00,2008,Q3,165055000.0,109229000.0,55826000.0,0.3382266517,2207000,3810000.0,15280000.0,19090000.0,11998000.0,33295000.0,142524000.0,0.0,27023000.0,13819000.0,36350000.0,0.2202296204,22531000.0,0.1365060131,-27051000.0,-4520000.0,-0.0273848111,8625000.0,-13145000.0,-0.07964012,-0.66,-0.2,19908540,65578790,,,8.290663202826526,-0.6602694120211728,-1.689325284526138,-1.730513638870555,,,,,,168438193.524,,-3.2034650727272727,1.0204973707188512,-5.008271691365366,-4.889068661442006,0.0,0.0,,,,,-0.0780404950028571,-0.2045379333464003,0.0,0.0,,0.0,0.8337712319135551,2.5585393685812097,0.0,0.0,0.0230832146860137,0.013371300475599,0.0,-0.0243815413891531,0.0049680409560449,0.0593385917939069,6.05858653176214e-05,,0.0,0.0,,,,,,,,,,,,0.0,0.0,0.0,0.0,0.041188354344417,2008-09-29,,bmo,,2025-04-25,2008-09-30,,,
