date,symbol,reportedCurrency,cik,fillingDate,acceptedDate,calendarYear,period,revenue,costOfRevenue,grossProfit,grossProfitRatio,researchAndDevelopmentExpenses,generalAndAdministrativeExpenses,sellingAndMarketingExpenses,sellingGeneralAndAdministrativeExpenses,otherExpenses,operatingExpenses,costAndExpenses,interestIncome,interestExpense,depreciationAndAmortization,ebitda,ebitdaratio,operatingIncome,operatingIncomeRatio,totalOtherIncomeExpensesNet,incomeBeforeTax,incomeBeforeTaxRatio,incomeTaxExpense,netIncome,netIncomeRatio,eps,epsdiluted,weightedAverageShsOut,weightedAverageShsOutDil,link,finalLink,revenuePerShare,netIncomePerShare,operatingCashFlowPerShare,freeCashFlowPerShare,cashPerShare,bookValuePerShare,tangibleBookValuePerShare,shareholdersEquityPerShare,interestDebtPerShare,marketCap,enterpriseValue,peRatio,priceToSalesRatio,pocfratio,pfcfRatio,pbRatio,ptbRatio,evToSales,enterpriseValueOverEBITDA,evToOperatingCashFlow,evToFreeCashFlow,earningsYield,freeCashFlowYield,debtToEquity,debtToAssets,netDebtToEBITDA,currentRatio,interestCoverage,incomeQuality,dividendYield,payoutRatio,salesGeneralAndAdministrativeToRevenue,researchAndDdevelopementToRevenue,intangiblesToTotalAssets,capexToOperatingCashFlow,capexToRevenue,capexToDepreciation,stockBasedCompensationToRevenue,grahamNumber,roic,returnOnTangibleAssets,grahamNetNet,workingCapital,tangibleAssetValue,netCurrentAssetValue,investedCapital,averageReceivables,averagePayables,averageInventory,daysSalesOutstanding,daysPayablesOutstanding,daysOfInventoryOnHand,receivablesTurnover,payablesTurnover,inventoryTurnover,roe,capexPerShare,report_date,epsEstimated,time,revenueEstimated,updatedFromDate,fiscalDateEnding,surprise(%),QuarterAvgPrice,QuarterAvgVolume
2025-03-31,GOOG,USD,1652044,2025-04-25,2025-04-24 21:05:29,2025,Q1,90234000000.0,36361000000.0,53873000000.0,0.5970365937,13556000000,3539000000.0,6172000000.0,9711000000.0,0.0,23267000000.0,59628000000.0,0.0,0.0,0.0,46310000000.0,0.5132211805,30606000000.0,0.3391847862,11183000000.0,41789000000.0,0.4631181151,7249000000.0,34540000000.0,0.3827825432,2.84,2.81,12447000973,12447000000,https://www.sec.gov/Archives/edgar/data/1652044/000165204425000043/0001652044-25-000043-index.htm,https://www.sec.gov/Archives/edgar/data/1652044/000165204425000043/goog-20250331.htm,7.249457133950205,2.77496563830308,2.9043140655661936,1.5226961129924224,7.658712344185176,27.73897107816993,25.154171730135044,27.73897107816993,1.8931467950484588,1924804230464.7195,1925104230464.7195,13.931704042159236,21.33125241554979,53.24493030331176,101.55670503164248,5.574828264689993,5.574828264689993,21.334577104691355,41.56994667382249,53.25322905849847,101.5725336603556,0.0179446820893887,0.009846715681534,0.06824863076981,0.0495693916789727,0.0064780824875836,1.7680843171056364,0.0,1.046612623045744,0.0012645441866118,0.0704690214244354,0.0392202495733315,0.1502316200101957,0.0676793430015103,0.4757123098201936,0.1905822638916594,3.832627590817919,0.0611299510162466,41.61646982428473,0.0659253573590706,0.0779330371546995,0.2788623546771855,70398000000.0,313094000000.0,31945000000.0,301355000000.0,51670000000.0,8242000000.0,0.0,50.86774386594853,21.03159979098485,0.0,1.769294117647059,4.279275038248794,0.0,0.1000385209128008,1.3816179525737713,2025-04-24,2.02,amc,89204003142.0,2025-05-11,2025-03-31,0.3910891089108911,183.1335,19881306.766666666
2024-12-31,GOOG,USD,1652044,2025-02-05,2025-02-04 20:41:40,2024,Q4,96469000000.0,40613000000.0,55856000000.0,0.5790046543,13116000000,4405000000.0,7363000000.0,11768000000.0,0.0,24884000000.0,65497000000.0,1088000000.0,53000000.0,4205000000.0,36501000000.0,0.3783702537,30972000000.0,0.3210565052,1271000000.0,32243000000.0,0.3342317221,5707000000.0,26536000000.0,0.2750728213,2.17,2.15,12228000000,12348000000,https://www.sec.gov/Archives/edgar/data/1652044/000165204425000014/0001652044-25-000014-index.htm,https://www.sec.gov/Archives/edgar/data/1652044/000165204425000014/goog-20241231.htm,7.889188747137717,2.170101406607785,3.198642459928034,2.031157998037292,7.822783774942755,26.585214262348707,23.97767419038273,26.585214262348707,2.0865227347072293,2314760400000.0,2316755400000.0,21.8077366596322,23.994862598347652,59.181356582210526,93.19806739944438,7.120499317099581,7.120499317099581,24.015542816863448,63.47101175310265,59.23236264157697,93.27839111003745,0.0114638214823443,0.0107298362284061,0.0783212954190301,0.0565478305674993,0.054656036820909,1.8369313974102912,584.377358490566,1.4739599035272837,0.0010549687993625,0.0920259270425083,0.0456623371238428,0.135960774963978,0.0708152695355531,0.3649937360979725,0.147985363173662,3.39500594530321,0.0602266012916066,36.02892927187924,0.0700233408687589,0.0634269583694854,0.7965325482499183,74589000000.0,293199000000.0,38539000000.0,291098000000.0,50722000000.0,7518000000.0,0.0,48.83019415563549,17.699505084578828,0.0,1.8431218952999613,5.0848879429072245,0.0,0.0816281330363844,1.1674844618907425,2025-02-04,2.12,amc,96699415218.0,2025-05-04,2024-12-31,0.0141509433962263,176.5015625,18592761.390625
2024-09-30,GOOG,USD,1652044,2024-10-30,2024-10-29 19:33:10,2024,Q3,88268000000.0,36474000000.0,51794000000.0,0.5867811664,12447000000,3599000000.0,7227000000.0,10826000000.0,0.0,23273000000.0,59747000000.0,1243000000.0,54000000.0,3985000000.0,35745000000.0,0.4049598949,28521000000.0,0.3231182308,3185000000.0,31706000000.0,0.3592015226,5405000000.0,26301000000.0,0.2979675534,2.14,2.12,12290000000,12419000000,https://www.sec.gov/Archives/edgar/data/1652044/000165204424000118/0001652044-24-000118-index.htm,https://www.sec.gov/Archives/edgar/data/1652044/000165204424000118/goog-20240930.htm,7.182099267697315,2.140032546786005,2.4978030919446703,1.4350691619202605,7.585842148087877,25.55890968266884,22.96045565500407,25.55890968266884,2.194955248169243,2038296500000.0,2045259500000.0,19.37470533439793,23.09213418226311,66.3983484266076,115.56934285876282,6.488930946552102,6.488930946552102,23.17101894231205,57.21805846971604,66.62517102091341,115.96413789193171,0.0129034220487549,0.0086528137589403,0.0857063724257367,0.0625705958639539,0.1947964750314729,1.9496924619135427,528.1666666666666,1.1671799551347857,0.0012044371365991,0.0933424584616554,0.040773553269588,0.1410137309104092,0.0742215280779796,0.4254674571633331,0.1479698191870213,3.277540777917189,0.0662301173698282,35.08105212331429,0.067130171332809,0.0660280018376676,1.1318958502847845,76738000000.0,282184000000.0,41394000000.0,283504000000.0,48095500000.0,6570500000.0,0.0,50.06752163864594,17.393485770685967,0.0,1.7975724991854023,5.174350971769045,0.0,0.0837294146485885,1.06273393002441,2024-10-29,1.85,amc,86390390001.0,2025-04-25,2024-09-30,0.1459459459459459,169.251875,17708523.796875
2024-06-30,GOOG,USD,1652044,2024-07-24,2024-07-23 19:12:07,2024,Q2,84742000000.0,35507000000.0,49235000000.0,0.5809987963,11860000000,3158000000.0,6792000000.0,9950000000.0,0.0,21810000000.0,57317000000.0,1090000000.0,67000000.0,3708000000.0,31326000000.0,0.369663213,27425000000.0,0.3236293691,126000000.0,27551000000.0,0.3251162352,3932000000.0,23619000000.0,0.278716575,1.91,1.89,12343000000,12495000000,https://www.sec.gov/Archives/edgar/data/1652044/000165204424000079/0001652044-24-000079-index.htm,https://www.sec.gov/Archives/edgar/data/1652044/000165204424000079/goog-20240630.htm,6.865591833427854,1.913554241270356,2.158308352912582,1.090010532285506,8.160495827594588,24.36628048286478,22.00178238677793,24.36628048286478,2.2577979421534478,2258645570000.0,2259221570000.0,23.90708296286888,26.65320112813009,84.78399286786787,167.87911178831575,7.509968545617168,7.509968545617168,26.65999822992141,72.11969514141607,84.80561448948949,167.92192433477032,0.01045715198246,0.0059566672074184,0.092437980668522,0.0670275092219784,0.0183872821298601,2.079178057577041,409.3283582089553,1.1279054998094755,0.0010918047668718,0.1044074685634446,0.0372660546128248,0.1399542139671001,0.0703642982857969,0.4949699699699699,0.1556017087158669,3.5560949298813376,0.0692100729272379,32.38965090340281,0.0692085718490572,0.0612549762049872,1.7842704366847606,84082000000.0,271568000000.0,47978000000.0,278028000000.0,45819500000.0,6145000000.0,0.0,50.00861438247858,15.441462246880898,0.0,1.799689935651029,5.828463558765594,0.0,0.0785328824650128,1.068297820627076,2024-07-23,1.84,amc,84208298213.0,2025-04-25,2024-06-30,0.0271739130434781,170.1004761904762,19551234.031746037
2024-03-31,GOOG,USD,1652044,2024-04-26,2024-04-25 20:22:11,2024,Q1,80539000000.0,33712000000.0,46827000000.0,0.5814201815,11903000000,3026000000.0,6426000000.0,9452000000.0,0.0,21355000000.0,55067000000.0,1061000000.0,94000000.0,3413000000.0,31822000000.0,0.3951129267,25472000000.0,0.3162691367,2843000000.0,28315000000.0,0.3515688052,4653000000.0,23662000000.0,0.2937955525,1.91,1.89,12415000000,12527000000,https://www.sec.gov/Archives/edgar/data/1652044/000165204424000053/0001652044-24-000053-index.htm,https://www.sec.gov/Archives/edgar/data/1652044/000165204424000053/goog-20240331.htm,6.487233185662505,1.9059202577527183,2.32364075714861,1.3561014901329038,8.70640354409988,23.587917841320984,21.2372935964559,23.587917841320984,2.267660088602497,1930408350000.0,1933974350000.0,20.395659179274787,23.96861582587318,66.91654014143096,114.6595598717035,6.5919341014328445,6.5919341014328445,24.012892511702404,60.77475802903651,67.04015356350527,114.87136790211451,0.0122575101791286,0.0087214707706791,0.0958155195257543,0.0688817969804836,0.112060838413676,2.149057755496967,270.97872340425533,1.2191699771785989,0.0,0.0,0.0375718595959721,0.1477917530637331,0.0716410948815514,0.4163893510815308,0.1491451346552602,3.5194843246410783,0.0653596394293447,31.804489229817225,0.0638789467642049,0.0625702401320051,2.1746274667740635,88474000000.0,263661000000.0,50965000000.0,274607000000.0,46258000000.0,6845500000.0,0.0,49.78556972398465,16.546630280018984,0.0,1.807752738373137,5.4391739270732495,0.0,0.0808006993484585,0.9675392670157068,2024-04-25,1.51,amc,78732858414.0,2025-04-25,2024-03-31,0.2516556291390728,144.34311475409837,23133827.655737706
2023-12-31,GOOG,USD,1652044,2024-01-31,2024-01-30 21:43:43,2023,Q4,86310000000.0,37575000000.0,48735000000.0,0.5646506778,12113000000,5206000000.0,7719000000.0,12925000000.0,0.0,25038000000.0,62613000000.0,1110000000.0,69000000.0,1563000000.0,26044000000.0,0.3017495076,23697000000.0,0.27455683,715000000.0,24412000000.0,0.2828409223,3725000000.0,20687000000.0,0.2396825397,1.66,1.64,12488000000,12602000000,https://www.sec.gov/Archives/edgar/data/1652044/000165204424000022/0001652044-24-000022-index.htm,https://www.sec.gov/Archives/edgar/data/1652044/000165204424000022/goog-20231231.htm,6.911434977578475,1.6565502882767458,1.514654067905189,0.6322869955156951,8.881806534272902,22.692104420243435,20.354019859064703,22.692104420243435,2.2880365150544524,1744448720000.0,1748904720000.0,21.081460820805336,20.211432278994323,92.22567909066878,220.9281560283688,6.155885651371484,6.155885651371484,20.26306013208203,67.15192443557058,92.46125931800158,221.4924924012158,0.0118587607436233,0.0045263583328491,0.1005861408220086,0.0708363983379391,0.1710950698817386,2.096584936563424,343.4347826086956,0.914342340600377,0.0,0.0,0.0603174603174603,0.1403429498320009,0.0725610847134137,0.5825535289452816,0.1276677094195342,7.049904030710173,0.0655659830842312,29.082447845334585,0.0620996479466407,0.0554322952673408,2.232222934016656,89716000000.0,254181000000.0,52517000000.0,267350000000.0,44492000000.0,6648000000.0,1478500000.0,50.01459854014598,17.947305389221558,0.0,1.799474605954466,5.014680368343788,0.0,0.0730011751047184,0.882367072389494,2024-01-30,1.59,amc,78685400000.0,2025-04-25,2023-12-31,0.031446540880503,135.68539682539682,22266014.492063493
2023-09-30,GOOG,USD,1652044,2023-10-25,2023-10-24 18:39:13,2023,Q3,76693000000.0,33229000000.0,43464000000.0,0.5667270807,11258000000,3979000000.0,6884000000.0,10863000000.0,0.0,22121000000.0,55350000000.0,1066000000.0,116000000.0,3171000000.0,24484000000.0,0.3192468674,21343000000.0,0.2782913695,-146000000.0,21197000000.0,0.2763876755,1508000000.0,19689000000.0,0.2567248641,1.57,1.55,12581000000,12696000000,https://www.sec.gov/Archives/edgar/data/1652044/000165204423000094/0001652044-23-000094-index.htm,https://www.sec.gov/Archives/edgar/data/1652044/000165204423000094/goog-20230930.htm,6.095938319688419,1.5649789364915347,2.436690247198156,1.7964390747953265,9.533025991574595,21.71544392337652,19.25308004133217,21.71544392337652,2.102138144821556,1646349660000.0002,1641978660000.0002,20.904434709736403,21.46675263713768,53.70399465031316,72.84410689792489,6.026125943441118,6.026125943441118,21.409759169676505,67.06333360562,53.56141244780794,72.6507083757356,0.0119591849036492,0.0137279464679453,0.0963792358767505,0.0663732540816866,-0.178524750857703,2.0431079436815573,183.99137931034485,1.5570115292803088,0.0,0.0,0.0518821795991811,0.1467930580365874,0.0780895916674859,0.2627544363256785,0.1050291421642131,2.119736842105264,0.0748829749781596,27.6522110793073,0.0633109249712025,0.0538345017663206,2.2787934186471666,90015000000.0,242223000000.0,52801000000.0,260898000000.0,39912000000.0,5558000000.0,2594000000.0,48.13737890029077,15.717295133768696,8.008968070059286,1.869648951730863,5.726176115802171,11.237402773080824,0.0720675544102898,0.6402511724028297,2023-10-24,1.45,amc,71557000000.0,2025-04-25,2023-09-30,0.0689655172413793,130.02269841269842,21886827.36507937
2023-06-30,GOOG,USD,1652044,2023-07-26,2023-07-25 19:13:26,2023,Q2,74604000000.0,31916000000.0,42688000000.0,0.5721945204,10588000000,3481000000.0,6781000000.0,10262000000.0,0.0,20850000000.0,52766000000.0,892000000.0,43000000.0,2824000000.0,24770000000.0,0.3320197308,21838000000.0,0.2927188891,65000000.0,21903000000.0,0.293590156,3535000000.0,18368000000.0,0.2462066377,1.45,1.44,12668000000,12764000000,https://www.sec.gov/Archives/edgar/data/1652044/000165204423000070/0001652044-23-000070-index.htm,https://www.sec.gov/Archives/edgar/data/1652044/000165204423000070/goog-20230630.htm,5.889169561098831,1.449952636564572,2.262867066624566,1.719134827912851,9.341016735080515,21.087859172718662,18.62685506788759,21.087859172718662,2.09141143037575,1516359600000.0,1516881600000.0,20.63860518292683,20.325446356763717,52.89749529058816,69.62804665258518,5.6762518669915885,5.6762518669915885,20.33244330062731,61.238659668954384,52.91570501639573,69.65201579575718,0.0121132216922687,0.0143620286375342,0.0990151268431277,0.069054730004908,0.0210738796931772,2.1720521432523903,507.86046511627904,1.5606489547038327,0.0,0.0,0.0466596965310171,0.1419226851107179,0.0813901275049341,0.2402846577827391,0.0923274891426733,2.027671474830733,0.0773953139241863,26.229161874851837,0.0594597710766555,0.0522013937044573,2.577162930217872,91079000000.0,235965000000.0,52885000000.0,257932000000.0,37420000000.0,4748500000.0,2273000000.0,46.81196718674602,14.982140619125204,6.2912019050006265,1.9225853004844864,6.007152268021834,14.30569251456746,0.0687576972460236,0.5437322387117146,2023-07-25,1.34,amc,65419100000.0,2025-04-25,2023-06-30,0.0746268656716416,115.75516129032258,25863394.0
2023-03-31,GOOG,USD,1652044,2023-04-26,2023-04-25 20:15:00,2023,Q1,69787000000.0,30612000000.0,39175000000.0,0.5613509679,11468000000,3759000000.0,6533000000.0,10292000000.0,0.0,21760000000.0,52372000000.0,797000000.0,80000000.0,2635000000.0,20920000000.0,0.299769298,17415000000.0,0.2495450442,790000000.0,18205000000.0,0.2608652041,3154000000.0,15051000000.0,0.2156705404,1.25,1.17,12823003194,13706000000,https://www.sec.gov/Archives/edgar/data/1652044/000165204423000045/0001652044-23-000045-index.htm,https://www.sec.gov/Archives/edgar/data/1652044/000165204423000045/goog-20230331.htm,5.442328832348258,1.1737500000812993,1.8333458741552893,1.342899143007107,8.976212378536822,20.345779849924288,17.931212877462844,20.345779849924288,2.2772356489518315,1330130121313.62,1333327121313.62,22.09371671838449,19.05985529272816,56.5796129700804,77.24332876385715,5.098354585822672,5.098354585822672,19.10566611709373,63.73456602837573,56.71560344181463,77.42898497756214,0.0113154343013718,0.0129461018317469,0.1116200449224589,0.0788138276710393,0.1528202676864244,2.35258663258489,217.6875,1.5619560162115471,0.0,0.0,0.0538639001533236,0.1643285998824996,0.0837963576920682,0.2675145688885108,0.0901170705145657,2.386717267552182,0.0757161075845071,23.1801494766818,0.0474766597689014,0.0444600019496114,2.70525550646603,93131000000.0,229932000000.0,53388000000.0,256100000000.0,38147000000.0,4656000000.0,2492500000.0,46.47341195351569,12.301058408467268,6.806154449235594,1.936591186591187,7.316443594646271,13.223326133909287,0.0576900963609741,0.4904467311481822,2023-04-25,1.06,amc,68883200000.0,2025-04-25,2023-03-31,0.1037735849056602,96.55709677419355,32358632.04838709
2022-12-31,GOOG,USD,1652044,2023-02-03,2023-02-02 21:23:45,2022,Q4,76048000000.0,35342000000.0,40706000000.0,0.5352671997,10267000000,5096000000.0,7183000000.0,12279000000.0,0.0,22546000000.0,57888000000.0,659000000.0,90000000.0,4201000000.0,21438000000.0,0.2819009047,18160000000.0,0.2387965495,-1013000000.0,17147000000.0,0.2254760151,3523000000.0,13624000000.0,0.1791500105,1.06,1.05,12897000000,12947000000,https://www.sec.gov/Archives/edgar/data/1652044/000165204423000016/0001652044-23-000016-index.htm,https://www.sec.gov/Archives/edgar/data/1652044/000165204423000016/goog-20221231.htm,5.896565092657207,1.056369698379468,1.830968442273397,1.242071799643328,8.82081104132744,19.860742808405057,17.453671396448787,19.860742808405057,2.3082112119097467,1137902310000.0,1145702310000.0,20.88047397974163,14.962948532505786,48.187613703735074,71.03454085773144,4.442432030420388,4.442432030420388,15.06551533242163,53.44259305905402,48.51792623020242,71.52146263811724,0.0119729082894646,0.0140776583887943,0.1158684177650071,0.0812535590696044,0.3638399104394066,2.377994227994228,201.77777777777777,1.7332648267762771,0.0,0.0,0.0670103092783505,0.135006837786661,0.0849905821542774,0.3216312357076311,0.0998711340206185,1.8079028802666035,0.0670629076372817,21.726860220183877,0.0483474802601872,0.0407635689067081,2.8045669535550903,95495000000.0,225100000000.0,55675000000.0,253588000000.0,38217000000.0,5715500000.0,2913000000.0,47.64385651167684,13.058683719087773,6.799275649369022,1.889015847781807,6.8919656786271455,13.236704119850188,0.0531888312824036,0.588896642630069,2023-02-02,1.19,amc,76178599640.0,2025-04-25,2022-12-31,-0.1176470588235293,95.43666666666668,26773773.52380952
2022-09-30,GOOG,USD,1652044,2022-10-26,2022-10-25 21:32:59,2022,Q3,69092000000.0,31158000000.0,37934000000.0,0.5490360679,10273000000,3597000000.0,6929000000.0,10526000000.0,0.0,20799000000.0,51957000000.0,615000000.0,101000000.0,4046000000.0,20380000000.0,0.2949690268,17135000000.0,0.2480026631,-902000000.0,16233000000.0,0.2349476061,2323000000.0,13910000000.0,0.2013257685,1.07,1.06,13000000000,13097000000,https://www.sec.gov/Archives/edgar/data/1652044/000165204422000090/0001652044-22-000090-index.htm,https://www.sec.gov/Archives/edgar/data/1652044/000165204422000090/goog-20220930.htm,5.314769230769231,1.07,1.7963846153846157,1.2366923076923078,8.943,19.50969230769231,17.123076923076923,19.50969230769231,2.2325384615384616,1243450000000.0,1250388000000.0,22.348130841121492,17.99701846812945,53.24583565280692,77.3434098401443,4.902691364450017,4.902691364450017,18.0974353036531,61.35368007850834,53.54292810345566,77.77495801455495,0.011186617877679,0.0129293497929148,0.1140340501368156,0.080730206138086,0.340431795878312,2.517604086148623,169.65346534653466,1.678864126527678,0.0,0.0,0.0520610200891564,0.1486858102240491,0.0866031178908877,0.3115659658288014,0.1053088635442598,1.7983193277310925,0.0720199154750188,21.672467379320064,0.0498467909663941,0.0425084573799999,3.103076923076923,100130000000.0,222600000000.0,61480000000.0,253196000000.0,36624500000.0,5356000000.0,2568000000.0,47.12325594859029,18.20623916811092,9.116117850953206,1.9098850066342328,4.943360304616849,9.872623574144487,0.0548445348662992,0.5596923076923077,2022-10-25,1.25,amc,70976575302.0,2025-04-25,2022-09-30,-0.1519999999999999,111.6634375,25045006.5
2022-06-30,GOOG,USD,1652044,2022-07-27,2022-07-26 19:29:36,2022,Q2,69685000000.0,30104000000.0,39581000000.0,0.567998852,9841000000,3657000000.0,6630000000.0,10287000000.0,0.0,20128000000.0,50232000000.0,486000000.0,83000000.0,3899000000.0,22996000000.0,0.3299992825,19453000000.0,0.2791562029,-439000000.0,19014000000.0,0.2728564253,3012000000.0,16002000000.0,0.2296333501,1.22,1.21,13168000000,13238994042,https://www.sec.gov/Archives/edgar/data/1652044/000165204422000071/0001652044-22-000071-index.htm,https://www.sec.gov/Archives/edgar/data/1652044/000165204422000071/goog-20220630.htm,5.2919957472661,1.2152187120291615,1.4749392466585662,0.9564094775212636,9.49248177399757,19.396947144592957,17.4736482381531,19.396947144592957,2.1879556500607533,1434785280000.0,1445577280000.0,22.415718035245597,20.58958570711057,73.87422922459066,113.92609814197236,5.617378816767742,5.617378816767742,20.744454043194377,62.86211862932684,74.42988775615282,114.78301413371447,0.0111528883262588,0.0087776200213038,0.1124740132879699,0.0808817939946788,0.4692990085232214,2.809450076604622,234.3734939759036,1.2137232845894264,0.0,0.0,0.0524790127000071,0.141221209729497,0.0713036868110984,0.3515600864998455,0.0979837841716294,1.751218261092588,0.0686230896175647,23.029535282824845,0.055285073308512,0.0485116367902649,4.102806044957473,111017000000.0,230093000000.0,72605000000.0,255964000000.0,36347500000.0,3922500000.0,1674500000.0,47.88074908516897,13.181304809992028,5.919479138984852,1.8796698405847925,6.827852120662282,15.204040404040404,0.0626499986297025,0.5185297691373025,2022-07-26,1.3,amc,69798841230.0,2025-04-25,2022-06-30,-0.0692307692307692,118.15596774193548,30801809.64516129
2022-03-31,GOOG,USD,1652044,2022-04-27,2022-04-26 20:51:20,2022,Q1,68011000000.0,29599000000.0,38412000000.0,0.5647909897,9119000000,3374000000.0,5825000000.0,9199000000.0,0.0,18318000000.0,47917000000.0,414000000.0,83000000.0,3782000000.0,22799000000.0,0.3352251842,20094000000.0,0.2954522063,-1160000000.0,18934000000.0,0.2783961418,2498000000.0,16436000000.0,0.2416667892,1.24,1.23,13203000000,13351013992,https://www.sec.gov/Archives/edgar/data/1652044/000165204422000029/0001652044-22-000029-index.htm,https://www.sec.gov/Archives/edgar/data/1652044/000165204422000029/goog-20220331.htm,5.151177762629706,1.2448685904718624,1.9015375293493904,1.160342346436416,10.146936302355526,19.23835491933652,17.396122093463607,19.23835491933652,2.158903279557676,1836141210000.0,1843676210000.0,27.9286506753468,26.99770934113599,73.13555365251334,119.8525593994778,7.228788562384843,7.228788562384843,27.108500242607818,80.86653844466862,73.43568111208477,120.34440013054832,0.008951381250247,0.0083435848596851,0.1118919387096266,0.0795892421085646,0.3304969516206851,2.871004713630787,242.09638554216863,1.5275006084205405,0.0,0.0,0.0496096219729161,0.1340812515622473,0.0681133364697448,0.3897873018401975,0.1438884886268397,2.5875198307773664,0.066224581317728,23.213305125664828,0.0586485513840846,0.0493910263152359,4.414072559266834,115905000000.0,229681000000.0,74761000000.0,257438000000.0,37463000000.0,4736500000.0,1269500000.0,47.13913925688492,10.447650258454678,4.162640629751005,1.9092414799842792,8.614377182770664,21.6208911614317,0.0647076423993323,0.7411951829129744,2022-04-26,1.29,amc,68055248066.0,2025-04-25,2022-03-31,-0.0465116279069767,135.95209677419356,32029829.98387097
2021-12-31,GOOG,USD,1652044,2022-02-02,2022-02-01 21:08:02,2021,Q4,75325000000.0,32988000000.0,42337000000.0,0.5620577498,8708000000,4140000000.0,7604000000.0,11744000000.0,0.0,20452000000.0,53440000000.0,378000000.0,117000000.0,3439000000.0,27958000000.0,0.3711649519,21885000000.0,0.290540989,2517000000.0,24402000000.0,0.3239561898,3760000000.0,20642000000.0,0.2740391636,1.56,1.53,13253254036,13449853947,https://www.sec.gov/Archives/edgar/data/1652044/000165204422000019/0001652044-22-000019-index.htm,https://www.sec.gov/Archives/edgar/data/1652044/000165204422000019/goog-20211231.htm,5.683509860702409,1.55750428867732,1.88134928465654,1.3997317149139117,10.536959422996755,18.986657866549628,17.147637809000344,18.986657866549628,1.9861537346600664,1919733847114.6,1924994847114.6,23.250337262796723,25.486011909918357,76.99261438656453,103.48411660366556,7.629041457327478,7.629041457327478,25.555855919211417,68.85309561179626,77.20361141872944,103.76771317527896,0.0107525321965986,0.0096633187084149,0.1041429053986925,0.0729427613926094,0.188175119822591,2.928113424845146,187.05128205128204,1.2079255886057552,0.0,0.0,0.0549618320610687,0.1156057085960836,0.0678407205762828,0.2559958289885297,0.0847394623299037,1.856062808956092,0.0524925323597743,25.79468014403358,0.0622901982285375,0.0616372295794204,4.684057200697575,123889000000.0,227262000000.0,80510000000.0,258820000000.0,37052000000.0,5326500000.0,1224000000.0,46.96130102887488,16.47053473990542,3.192069843579484,1.916471605943416,5.4643034619844295,28.19487179487179,0.0820315138990998,0.4816175697426283,2022-02-01,1.38,amc,72270996583.0,2025-04-25,2021-12-31,0.1086956521739131,144.52921875,22175337.5
2021-09-30,GOOG,USD,1652044,2021-10-27,2021-10-26 19:47:06,2021,Q3,65118000000.0,27621000000.0,37497000000.0,0.5758315673,7694000000,3256000000.0,5516000000.0,8772000000.0,0.0,16466000000.0,44087000000.0,387000000.0,77000000.0,3304000000.0,26445000000.0,0.40610891,21031000000.0,0.3229675359,2033000000.0,23064000000.0,0.3541877822,4128000000.0,18936000000.0,0.2907951718,1.42,1.4,13315154008,13530373911,https://www.sec.gov/Archives/edgar/data/1652044/000165204421000057/0001652044-21-000057-index.htm,https://www.sec.gov/Archives/edgar/data/1652044/000165204421000057/goog-20210930.htm,4.890517973797063,1.422139014586154,1.918040150692638,1.4059168965490496,10.664765868624716,18.3675682499098,16.552193077720503,18.3675682499098,1.9403455629936563,1779969787789.4402,1782009787789.4402,23.49981236519645,27.334527899957617,69.69614267549395,95.08385618533336,7.278045638984165,7.278045638984165,27.36585564343868,67.38550908638457,69.77602050939505,95.1928305443077,0.0106383828140795,0.0105170324397744,0.1053249211872411,0.0741473159414282,0.0771412365286443,2.9799941730601147,273.12987012987014,1.348700887198986,0.0,0.0,0.0500015356737,0.1181547344820172,0.0695791343195079,0.2670034065546811,0.1047175896065604,2.063861985472155,0.0594919991400227,24.243097919894428,0.0600123271957341,0.0585834898261614,4.949698663673166,122328000000.0,220395000000.0,81274000000.0,254049000000.0,33825500000.0,4662000000.0,1092500000.0,48.097300285635306,15.040729879439557,4.164222873900293,1.871206896551724,5.983752166377816,21.612676056338028,0.0774266356458557,0.5121232541435882,2021-10-26,1.17,amc,63378600000.0,2025-04-25,2021-09-30,0.1965811965811965,137.87046875,20851572.1875
2021-06-30,GOOG,USD,1652044,2021-07-28,2021-07-27 20:16:30,2021,Q2,61880000000.0,26227000000.0,35653000000.0,0.5761635423,7675000000,3341000000.0,5276000000.0,8617000000.0,0.0,16292000000.0,42519000000.0,389000000.0,76000000.0,2945000000.0,25006000000.0,0.4041047188,19361000000.0,0.3128797673,2624000000.0,21985000000.0,0.3552844215,3460000000.0,18525000000.0,0.2993697479,1.38,1.36,13379153979,13592233883,https://www.sec.gov/Archives/edgar/data/1652044/000165204421000047/0001652044-21-000047-index.htm,https://www.sec.gov/Archives/edgar/data/1652044/000165204421000047/goog-20210630.htm,4.625105600632687,1.384616697668399,1.6361273690667344,1.225339062973049,10.15482744374206,17.75635442815618,15.960127249836772,17.75635442815618,1.9450407731943185,1633460909296.11,1635777909296.11,22.044006873091902,26.397235121139467,74.62132979881727,99.63772778431805,6.875848333281881,6.875848333281881,26.43467856005349,65.41541667184316,74.72717721773002,99.77905997902344,0.0113409509187353,0.0100363589399053,0.1092206343527034,0.0773643581891963,0.0926577621370871,3.152024542078542,254.75,1.1816464237516868,0.0,0.0,0.0539915966386554,0.1240303813833225,0.071654536401232,0.2510735495660118,0.0888170652876535,1.866213921901528,0.0614576599870717,23.519763151363225,0.0579160446443266,0.0594980006744712,4.718740071240196,119956000000.0,213533000000.0,77875000000.0,248663000000.0,30675000000.0,4754500000.0,897500000.0,47.77941176470589,16.15586990505967,3.112441377206696,1.8836565096952909,5.5707306711979605,28.916207276736493,0.077978658472418,0.4107883060936853,2021-07-27,0.96,amc,63337000000.0,2025-04-25,2021-06-30,0.4166666666666668,119.18222222222222,26545464.42857143
2021-03-31,GOOG,USD,1652044,2021-04-28,2021-04-27 19:17:57,2021,Q1,55314000000.0,24103000000.0,31211000000.0,0.5642513649,7485000000,2773000000.0,4516000000.0,7289000000.0,0.0,14774000000.0,38877000000.0,345000000.0,76000000.0,2753000000.0,24112000000.0,0.4359113425,16437000000.0,0.2971580432,4846000000.0,21283000000.0,0.3847669668,3353000000.0,17930000000.0,0.3241494016,1.33,1.31,13464393941,13641413861,https://www.sec.gov/Archives/edgar/data/1652044/000165204421000020/0001652044-21-000020-index.htm,https://www.sec.gov/Archives/edgar/data/1652044/000165204421000020/goog-20210331.htm,4.108168569813238,1.3316603835692835,1.4325932592675914,0.9912811566926508,10.034168681636617,17.08305631934867,15.288397004871918,17.08305631934867,1.8823721372874231,1388582947135.3298,1387229947135.3298,19.36116769569617,25.1036436912053,71.98833257998497,104.03708302504906,6.036975941078678,6.036975941078678,25.079183337587768,57.53276157661454,71.91818897482139,103.93571193042104,0.0129124443282195,0.0096119573033322,0.1098590079691147,0.0772527858878919,-0.0561131386861313,3.104196346455557,216.27631578947367,1.0757947573898494,0.0,0.0,0.0501319738221788,0.1353183642477492,0.0738745624359895,0.3080512209031054,0.1074230755324149,2.158372684344352,0.0677043786383194,22.62407257639724,0.0506249997648817,0.0591883960373814,4.444332976457436,116684000000.0,205849000000.0,75055000000.0,241052000000.0,29941500000.0,5195000000.0,808000000.0,46.36999674585096,17.926814089532424,3.315769821184085,1.9409102073756976,5.0204124140804,27.14301801801802,0.0779521157499793,0.4413121025749405,2021-04-27,0.79,amc,47157100785.0,2025-04-25,2021-03-31,0.6582278481012658,99.20934426229508,31905456.393442623
2020-12-31,GOOG,USD,1652044,2021-02-03,2021-02-02 20:12:25,2020,Q4,56898000000.0,26080000000.0,30818000000.0,0.5416359099,7022000000,2831000000.0,5314000000.0,8145000000.0,0.0,15167000000.0,41247000000.0,386000000.0,53000000.0,3725000000.0,22467000000.0,0.3948644944,15651000000.0,0.27507118,3038000000.0,18689000000.0,0.3284649724,3462000000.0,15227000000.0,0.2676192485,1.13,1.12,13511633919,13659373853,https://www.sec.gov/Archives/edgar/data/1652044/000165204421000010/0001652044-21-000010-index.htm,https://www.sec.gov/Archives/edgar/data/1652044/000165204421000010/goog-20201231.htm,4.211037713210264,1.1269547481291555,1.678331439109796,1.2728290377832283,10.116763140524515,16.470546888267865,14.796434035921278,16.470546888267865,1.859952700809996,1184024480321.97,1182637480321.97,19.43955605703635,20.809597531055044,52.21257134197512,68.84663799988196,5.320406213252076,5.320406213252076,20.785220575801784,52.63886946730627,52.15140804877056,68.7659890872177,0.0128603759914316,0.014525037518923,0.1126878280250197,0.0784629054865839,-0.0617349890951172,3.066755815181053,295.3018867924528,1.4892624942536283,0.0,0.0,0.0497557031881612,0.1234138282540686,0.0707724269122947,0.2416104422983639,0.0962951246089493,1.4708724832214766,0.0566452247882175,20.43612299215265,0.0482152149505275,0.0512700507750946,4.701429921859623,117462000000.0,199924000000.0,77224000000.0,237042000000.0,28448500000.0,4990000000.0,781500000.0,49.64251819044606,19.28719325153374,2.5122699386503067,1.812962018863115,4.666308820898193,35.824175824175825,0.0684224243295707,0.4055024013265675,2021-02-02,0.8,amc,51667227016.0,2025-04-25,2020-12-31,0.4000000000000001,84.36546875,33053595.0
2020-09-30,GOOG,USD,1652044,2020-10-30,2020-10-29 19:30:04,2020,Q3,46173000000.0,21117000000.0,25056000000.0,0.5426547983,6856000000,2756000000.0,4231000000.0,6987000000.0,0.0,13843000000.0,34960000000.0,460000000.0,48000000.0,3478000000.0,16885000000.0,0.3656899054,11213000000.0,0.2428475516,2146000000.0,13359000000.0,0.2893249302,2112000000.0,11247000000.0,0.2435839127,0.83,0.82,13588974564,13717014513,https://www.sec.gov/Archives/edgar/data/1652044/000165204420000050/0001652044-20-000050-index.htm,https://www.sec.gov/Archives/edgar/data/1652044/000165204420000050/goog-20200930.htm,3.397828127688296,0.8276562699436958,1.251234956686464,0.853412444432919,9.757616321637263,15.66858477784402,14.020925501233428,15.66858477784402,1.834869870612262,995800056049.92,1000557056049.92,22.13479274584156,21.566717693238907,58.56613868434511,85.86703941104768,4.676874206509112,4.676874206509112,21.66974327095749,59.25715463724726,58.84591284184673,86.27723170215747,0.0112944359981399,0.0116459121783968,0.1168795791846703,0.0831631817619794,0.2817293455729938,3.410145228215768,233.60416666666663,1.5117809193562728,0.0,0.0,0.0596885625798626,0.1484850453728369,0.0748221345194373,0.3179438922543081,0.117081411214346,1.554341575618171,0.0691962835423299,17.081702337058108,0.0373756752325999,0.0406244469086482,4.844018927990687,116169000000.0,190530000000.0,78046000000.0,232141000000.0,23554000000.0,4227500000.0,825000000.0,49.72971216944968,18.71430600937633,3.558744139792584,1.809783247756046,4.80915508995673,25.289820359281435,0.0528226563967687,0.3978225122535449,2020-10-29,0.56,amc,3427252439.0,2025-04-25,2020-09-30,0.4642857142857141,76.29203125,35517958.109375
2020-06-30,GOOG,USD,1652044,2020-07-31,2020-07-30 19:57:55,2020,Q2,38297000000.0,18553000000.0,19744000000.0,0.5155495209,6875000000,2585000000.0,3901000000.0,6486000000.0,0.0,13361000000.0,31914000000.0,433000000.0,13000000.0,3386000000.0,11676000000.0,0.3048802778,6383000000.0,0.1666710186,1894000000.0,8277000000.0,0.2161265896,1318000000.0,6959000000.0,0.1817113612,0.51,0.51,13635354545,13740474503,https://www.sec.gov/Archives/edgar/data/1652044/000165204420000032/0001652044-20-000032-index.htm,https://www.sec.gov/Archives/edgar/data/1652044/000165204420000032/goog-20200630.htm,2.808654507193821,0.5103644336517691,1.0262292743338417,0.6308600169956197,8.879857109722115,15.20473848448801,13.553076261428448,15.20473848448801,1.081013328355665,966746637240.5,963731637240.5,34.73008468316209,25.243403849922977,69.08787516904881,112.38626333881656,4.663020023154803,4.663020023154803,25.16467705670157,82.53953727650737,68.87241029375403,112.0357634550686,0.0071983700091927,0.0088978845838592,0.0710344295347334,0.0528812317768553,-0.2582219938335046,3.4144715745109715,491.0,2.0107774105474925,0.0,0.0,0.0674987596939708,0.1795179779094968,0.0808676730390819,0.3852640606017294,0.1407682063869232,1.5921441228588304,0.0883097892785335,13.213593352030593,0.0227157410124185,0.0271866734903563,4.878035974824738,105411000000.0,184801000000.0,77899000000.0,218247000000.0,22665000000.0,4081500000.0,852000000.0,50.74940595869128,19.71433191397617,3.953538511291974,1.773419773095624,4.565206692913386,22.764417177914112,0.033566143486943,0.395369257338222,2020-07-30,0.42,amc,31529810463.0,2025-04-25,2020-06-30,0.2142857142857143,67.47825396825397,37162380.61904762
2020-03-31,GOOG,USD,1652044,2020-04-29,2020-04-28 18:52:33,2020,Q1,41159000000.0,18982000000.0,22177000000.0,0.5388128963,6820000000,2880000000.0,4500000000.0,7380000000.0,0.0,14200000000.0,33182000000.0,586000000.0,21000000.0,3108000000.0,10886000000.0,0.2644865036,7977000000.0,0.1938093734,-220000000.0,7757000000.0,0.1884642484,921000000.0,6836000000.0,0.1660876115,0.5,0.49,13729294508,13845334461,https://www.sec.gov/Archives/edgar/data/1652044/000165204420000021/0001652044-20-000021-index.htm,https://www.sec.gov/Archives/edgar/data/1652044/000165204420000021/goog-20200331.htm,2.997896212075342,0.4979134212625923,0.834055966483023,0.3966700544464713,8.53860334423529,14.833901325470787,13.189679913595164,14.833901325470787,1.1299196758406371,797672010914.8,793520010914.8,29.171738257562904,19.38025731710683,69.65959400181643,146.46933729614398,3.916703955704388,3.916703955704388,19.27938023068588,72.89362584188866,69.29700558159114,145.70694287822255,0.0085699384038311,0.0068273675464108,0.076068329904399,0.0566636064710336,-0.3814073121440382,3.658165169573764,379.8571428571428,1.67510239906378,0.0,0.0,0.0699725454943025,0.165698875094147,0.0825667604232579,0.5244083486158414,0.1458976165601691,1.9321106821106824,0.0775286085667776,12.891274862938475,0.0299748389388073,0.0272536269729576,4.787627649891186,106829000000.0,181085000000.0,77274000000.0,217369000000.0,25613500000.0,4830000000.0,944000000.0,51.89994897835224,19.434727636708462,4.215045832894321,1.734105751000632,4.630885581849231,21.352080989876267,0.0335659116464285,0.4373859120365517,2020-04-28,0.52,amc,43285756838.0,2025-04-25,2020-03-31,-0.0576923076923077,67.84870967741935,45874929.98387097
2019-12-31,GOOG,USD,1652044,2020-02-04,2020-02-03 21:03:59,2019,Q4,46075000000.0,21020000000.0,25055000000.0,0.5437873033,7222000000,2829000000.0,5738000000.0,8567000000.0,0.0,15789000000.0,36809000000.0,621000000.0,17000000.0,3413000000.0,14134000000.0,0.3067607162,9266000000.0,0.2011068909,1438000000.0,10704000000.0,0.2323168747,33000000.0,10671000000.0,0.2316006511,0.77,0.77,13776114489,13903874438,https://www.sec.gov/Archives/edgar/data/1652044/000165204420000008/0001652044-20-000008-index.htm,https://www.sec.gov/Archives/edgar/data/1652044/000165204420000008/goog10-k2019.htm,3.344556989330346,0.7746015764111585,1.0472473941414846,0.607936294859287,8.687137443257932,14.622555595109793,12.981817198368958,14.622555595109793,1.0732344023277085,922586387328.33,918856387328.33,21.614337628346217,20.02357867234574,63.94859550345394,110.15956863621852,4.579910779918438,4.579910779918438,19.942623707614324,65.0103571054429,63.69005249381922,109.71419550189016,0.0115663965419017,0.009077740702692,0.073311424628429,0.053524894077395,-0.2639026461015989,3.374051878552,545.0588235294117,1.3519820073095306,0.0,0.0,0.0613998914812805,0.1567444384156266,0.0819219380302926,0.4194912317183059,0.1313510580575149,1.7732200410196308,0.0574064026044492,15.964013556761552,0.0398359256705383,0.0421269136933195,4.814601392356358,107357000000.0,178839000000.0,78111000000.0,214547000000.0,24286500000.0,4851500000.0,1200000000.0,53.701139446554535,23.810180780209325,4.277354900095148,1.6759420922450168,3.779895702211833,21.04104104104104,0.052973064207067,0.4393110992821976,2020-02-03,0.63,amc,37790504885.0,2025-04-25,2019-12-31,0.2222222222222222,64.52828125,25604681.546875
2019-09-30,GOOG,USD,1652044,2019-10-29,2019-10-28 19:02:44,2019,Q3,40499000000.0,17568000000.0,22931000000.0,0.5662115114,6554000000,2591000000.0,4609000000.0,7200000000.0,0.0,13754000000.0,31322000000.0,631000000.0,23000000.0,2920000000.0,11571000000.0,0.2857107583,9177000000.0,0.2265981876,-549000000.0,8628000000.0,0.2130422973,1560000000.0,7068000000.0,0.1745228277,0.51,0.51,13858817986,13963974414,https://www.sec.gov/Archives/edgar/data/1652044/000165204419000032/0001652044-19-000032-index.htm,https://www.sec.gov/Archives/edgar/data/1652044/000165204419000032/goog10-qq32019.htm,2.9222549889111447,0.5100002039957522,1.1159681883132857,0.6302124761882993,8.743674974475562,14.06822718914089,12.638379418572155,14.06822718914089,0.993663385572369,846219426225.16,843935426225.16,29.93136057672468,20.894822741923505,54.71482129995862,96.88795812058164,4.340276793875745,4.340276793875745,20.838426287690066,72.93539246609282,54.5671425207009,96.62645136537212,0.0083524435636382,0.0103212000685931,0.0705137739845821,0.0522650203007861,-0.1973900267911157,3.7823271466449113,399.0,2.1881720430107525,0.0,0.0,0.06397688831823,0.1618311563248475,0.0753334042973799,0.4352773826458037,0.1662263265759648,2.3054794520547945,0.0647917232524259,12.705627555032846,0.0335883171070931,0.029059154373674,5.023029386079132,109134000000.0,175153000000.0,80283000000.0,208543000000.0,21199000000.0,4033500000.0,1182500000.0,46.84782340304699,21.21926229508197,7.177254098360656,1.9211137991556373,4.241429261226461,12.539614561027838,0.0362519169714159,0.4857557121249864,2019-10-28,0.62,amc,49863393280.0,2025-04-25,2019-09-30,-0.129032258064516,59.1703125,27841296.875
2019-06-30,GOOG,USD,1652044,2019-07-26,2019-07-25 18:11:13,2019,Q2,38944000000.0,17296000000.0,21648000000.0,0.5558751027,6213000000,2043000000.0,4212000000.0,6255000000.0,0.0,12468000000.0,29764000000.0,653000000.0,25000000.0,2835000000.0,15007000000.0,0.3853481923,9180000000.0,0.2357230896,2967000000.0,12147000000.0,0.3119094084,2200000000.0,9947000000.0,0.2554180362,0.72,0.71,13882757880,13999074400,https://www.sec.gov/Archives/edgar/data/1652044/000165204419000023/0001652044-19-000023-index.htm,https://www.sec.gov/Archives/edgar/data/1652044/000165204419000023/goog10-qq22019.htm,2.8052063096270032,0.7165002866130804,0.9095455030726216,0.46827871350876,8.719881240196345,13.843935164847808,12.410358337244157,13.843935164847808,0.9498833094970032,763551683400.0,760126683400.0,19.190501744244497,19.606401073336077,60.46976189118555,117.45142030456852,3.97285882554945,3.97285882554945,19.51845427793755,50.65147487172653,60.19851773184446,116.92457828026456,0.0130272779384196,0.008514158427432,0.0684835997335997,0.0511938887830074,-0.2282268274805091,3.984783783783784,367.2,1.2694279682316276,0.0,0.0,0.0524599424815119,0.1595367707477403,0.0774092671751568,0.4851508671893561,0.1573027937551356,2.160846560846561,0.0707682826622843,14.939264675779496,0.0341541712721574,0.041935252678131,5.230715008335217,110437000000.0,172290000000.0,82528000000.0,204943000000.0,20288500000.0,3817500000.0,1008500000.0,49.26381470829909,20.423797409805733,5.016188714153561,1.8268987193319888,4.406624203821656,17.941908713692946,0.0517555361305361,0.4412667895638615,2019-07-25,0.57,amc,31051057002.0,2025-04-25,2019-06-30,0.2456140350877193,57.69063492063493,30248758.07936508
2019-03-31,GOOG,USD,1652044,2019-04-30,2019-04-29 19:32:43,2019,Q1,36339000000.0,16012000000.0,20327000000.0,0.5593714742,6029000000,2088000000.0,3905000000.0,5993000000.0,1697000000.0,13719000000.0,29731000000.0,522000000.0,35000000.0,2613000000.0,10794000000.0,0.2970362421,6608000000.0,0.1818431988,1538000000.0,8146000000.0,0.2241668731,1489000000.0,6657000000.0,0.1831916123,0.48,0.48,13897697990,14017574392,https://www.sec.gov/Archives/edgar/data/1652044/000165204419000015/0001652044-19-000015-index.htm,https://www.sec.gov/Archives/edgar/data/1652044/000165204419000015/goog10-qq12019.htm,2.6147495812722004,0.4790001915993571,0.8634523507874846,0.5297280172081218,8.165956698847504,13.201610808640115,11.762091831152247,13.201610808640115,0.8855423400951311,833166994500.5,826290994500.5,31.28913153449377,22.927625815253585,69.43058287504167,113.17128422989676,4.541112510358529,4.541112510358529,22.73840761992625,76.55095372433759,68.85758287504167,112.2372988998234,0.0079899948557023,0.0088361637565991,0.066887590477021,0.0500185450113919,-0.6370205669816564,3.958951589802349,188.8,1.8026137899954937,0.0,0.0,0.0574589284240072,0.1659099039599328,0.0815409885510028,0.3865,0.1276314703211425,1.774971297359357,0.0761991249071245,11.92813553754618,0.0256612587694119,0.0295416320897476,4.790901345525641,103297000000.0,163466000000.0,76330000000.0,192668000000.0,20226500000.0,4044000000.0,1080000000.0,47.70081730372327,20.85311016737447,5.918685985510867,1.886760124610592,4.315902964959569,15.20607787274454,0.0362834655969303,0.3337243335793628,2019-04-29,0.53,amc,40661428421.0,2025-04-25,2019-03-31,0.1320754716981131,56.108032786885246,29937935.08196721
2018-12-31,GOOG,USD,1652044,2019-02-05,2019-02-04 21:06:38,2018,Q4,39276000000.0,17918000000.0,21358000000.0,0.5437926469,6034000000,2021000000.0,5100000000.0,7121000000.0,0.0,13155000000.0,31073000000.0,542000000.0,29000000.0,2580000000.0,12681000000.0,0.3228689276,8203000000.0,0.2088552806,1869000000.0,10072000000.0,0.2564415928,1124000000.0,8948000000.0,0.2278236073,0.64,0.64,13905200343,14017974392,https://www.sec.gov/Archives/edgar/data/1652044/000165204419000004/0001652044-19-000004-index.htm,https://www.sec.gov/Archives/edgar/data/1652044/000165204419000004/goog10-kq42018.htm,2.824554773119244,0.6435002574058203,0.9339671259420416,0.4247331828608375,7.848862102511312,12.774213648019783,11.328135957372016,12.774213648019783,0.2906106996174474,726546717921.75,713857717921.75,20.299137179306825,18.49849062841812,55.94415322412797,123.01840804635115,4.090271341915408,4.090271341915408,18.17541801409894,56.29348773138948,54.967099247074,120.86991498844397,0.0123157944001113,0.008128864743748,0.0225865291508095,0.0172342692188735,-1.0006308650737323,3.919006354708261,282.86206896551727,1.4513857845328566,0.0,0.0,0.0514563601181383,0.1536307159588552,0.0863775387470359,0.5452375452375452,0.1802882167226805,2.7445736434108525,0.0573632752826153,13.59980587507769,0.0367739835503972,0.0420718060596942,5.064598011020545,101056000000.0,157520000000.0,80512000000.0,180883000000.0,19630000000.0,4083500000.0,1159500000.0,48.56324472960586,21.99017747516464,5.560330394017189,1.8532534327372243,4.092736409319324,16.18608852755194,0.0503749408876978,0.509233943081204,2019-02-04,0.54,amc,33278490211.0,2025-04-25,2018-12-31,0.1851851851851851,53.525396825396825,39838237.12698413
2018-09-30,GOOG,USD,1652044,2018-10-26,2018-10-25 17:41:36,2018,Q3,33740000000.0,14281000000.0,19459000000.0,0.5767338471,5232000000,1753000000.0,3849000000.0,5602000000.0,0.0,10834000000.0,25115000000.0,481000000.0,28000000.0,2355000000.0,12466000000.0,0.3694724363,8625000000.0,0.2556312982,1458000000.0,10083000000.0,0.298844102,891000000.0,9192000000.0,0.2724362774,0.66,0.65,13916724183,14077174369,https://www.sec.gov/Archives/edgar/data/1652044/000165204418000035/0001652044-18-000035-index.htm,https://www.sec.gov/Archives/edgar/data/1652044/000165204418000035/goog10-qq32018.htm,2.424421117809833,0.6605002642237103,0.949217633855006,0.5696742922939051,7.646627079811832,12.204021418163071,10.742255004422544,12.204021418163071,0.2884299456694923,840987642378.69,831530642378.69,22.87281446852399,24.925537711283045,63.66295551693338,106.07815872586906,4.951646504820361,4.951646504820361,24.64524725485151,66.70388596010669,62.94705846924224,104.88529797914858,0.0109300060272002,0.0094270112906487,0.023469147432878,0.0179923985952748,-0.7586234557997754,4.143701479185968,308.0357142857143,1.4371192341166232,0.0,0.0,0.0519561351511559,0.1550681683461766,0.0918262329713186,0.3998485995457986,0.1565500889152341,2.242887473460722,0.0660936573799644,13.467259775247223,0.0413318042280954,0.0456870200551703,4.949027450305688,98401000000.0,149497000000.0,78004000000.0,174044000000.0,17655500000.0,3579000000.0,955000000.0,48.19294605809129,23.878579931377352,7.63812057979133,1.867493219682293,3.769068355766693,11.783003300330034,0.0541215261422515,0.3795433415611007,2018-10-25,0.52,amc,26867993874.0,2025-04-25,2018-09-30,0.25,59.89698412698413,28456379.984126985
2018-06-30,GOOG,USD,1652044,2018-07-24,2018-07-23 21:02:56,2018,Q2,32657000000.0,13883000000.0,18774000000.0,0.5748844046,5114000000,1764000000.0,3780000000.0,5544000000.0,5071000000.0,15729000000.0,29612000000.0,456000000.0,27000000.0,2114000000.0,6356000000.0,0.1946290229,3045000000.0,0.0932418777,1170000000.0,4215000000.0,0.1290688061,1020000000.0,3195000000.0,0.0978350736,0.23,0.23,13891298791,14064934374,https://www.sec.gov/Archives/edgar/data/1652044/000165204418000027/0001652044-18-000027-index.htm,https://www.sec.gov/Archives/edgar/data/1652044/000165204418000027/goog10-qq22018.htm,2.3508960890797383,0.2300000920050759,0.7293774435666446,0.3351018554878336,7.361010769291717,11.661976496032018,10.182129268692943,11.661976496032018,0.2885259370129403,784302729739.86,774135729739.86,61.36954066822066,24.01637412315461,77.40848102446309,168.48608587322448,4.841374874937408,4.841374874937408,23.705047301952412,121.79605565447766,76.4050266225681,166.30198275829432,0.004073682111319,0.0059352082091362,0.024574074074074,0.01881291054298,-1.5995909376966646,4.151991438986055,112.77777777777776,3.1712050078247263,0.0,0.0,0.0540159843218911,0.1565973604433965,0.0971456925476111,0.5405645479668377,0.167712894632085,2.590823084200568,0.0738892121137887,7.768574676772371,0.0127024917730074,0.0167231082474496,4.745848533811153,94254000000.0,141443000000.0,74547000000.0,166483000000.0,17029000000.0,3447500000.0,667000000.0,47.52304253299445,21.84038032125621,4.524958582438955,1.8938181396427745,4.120807361234788,19.889684813753583,0.0197222222222222,0.3942755880788109,2018-07-23,0.477,amc,68622859030.0,2025-04-25,2018-06-30,0.2368972746331236,54.0340625,33039678.734375
2018-03-31,GOOG,USD,1652044,2018-04-24,2018-04-23 18:54:51,2018,Q1,31146000000.0,13467000000.0,17679000000.0,0.5676170295,5039000000,1403000000.0,3604000000.0,5007000000.0,0.0,10046000000.0,23513000000.0,399000000.0,30000000.0,1986000000.0,12559000000.0,0.4032299493,7633000000.0,0.2450715983,2910000000.0,10543000000.0,0.3385025364,1142000000.0,9401000000.0,0.3018365119,0.68,0.67,13896520679,14102674358,https://www.sec.gov/Archives/edgar/data/1652044/000165204418000016/0001652044-18-000016-index.htm,https://www.sec.gov/Archives/edgar/data/1652044/000165204418000016/goog10-qq12018.htm,2.2412804413026124,0.6765002706185661,0.8377636581790604,0.3125242713856433,7.403651775618676,11.573040742711507,10.085546104486172,11.573040742711507,0.3836931648695026,720673562412.94,713317562412.94,19.164811254466013,23.138559121972,61.902900052649024,165.9391117690398,4.48110407220855,4.48110407220855,22.90238112158672,56.79732163491838,61.27104985508847,164.24535169535804,0.0130447410454794,0.0060263068142237,0.0329675112700139,0.0256215719912049,-0.5857154232024843,4.873631566511775,254.43333333333337,1.2383788958621422,0.0,0.0,0.045045912797791,0.1617864252231426,0.0998912702056201,0.6269541315925099,0.2343479098439607,3.675226586102719,0.078886534386438,13.272385500440024,0.0372188237437395,0.0504713739638362,5.015895820983004,98367000000.0,140154000000.0,77651000000.0,167883000000.0,17759500000.0,3331500000.0,692500000.0,48.58601425544211,23.56426821118289,4.250389841835598,1.852384917330796,3.819342030629608,21.17452830188679,0.0584548422198041,0.5252393867934171,2018-04-23,0.47,amc,21776498124.0,2025-04-25,2018-03-31,0.0638297872340426,55.200327868852455,38214245.19672131
2017-12-31,GOOG,USD,1652044,2018-02-06,2018-02-05 20:46:29,2017,Q4,32323000000.0,14267000000.0,18056000000.0,0.558611515,4306000000,1776000000.0,4310000000.0,6086000000.0,0.0,10392000000.0,24659000000.0,400000000.0,36000000.0,2026000000.0,10080000000.0,0.3118522414,7664000000.0,0.2371067042,354000000.0,8018000000.0,0.2480586579,11038000000.0,-3020000000.0,-0.0934319215,-0.22,-0.22,13885051917,13892074443,https://www.sec.gov/Archives/edgar/data/1652044/000165204418000007/0001652044-18-000007-index.htm,https://www.sec.gov/Archives/edgar/data/1652044/000165204418000007/goog10-kq42017.htm,2.3278991100080595,-0.2175000870038158,0.7395002958129738,0.4293106021952802,7.336738861975405,10.98317823452183,9.583183469201572,10.98317823452183,0.2884396849173121,731325684468.39,724579684468.39,-60.540205667913085,22.62555098438852,71.2237713740154,122.68506701365376,4.795515366804304,4.795515366804304,22.41684510931504,71.88290520519742,70.56677877565154,121.55337769978024,-0.0041294871274694,0.0081509512472997,0.0260258881850729,0.0201170835550824,-0.6692460317460317,5.140305173055452,212.88888888888889,-3.4,0.0010939038748263,-0.2649006622516556,0.0549453949200259,0.1332178325031711,0.0985275855951747,0.4194585118815738,0.133248770225536,2.125863770977295,0.0571419732079324,,-0.0166751294176116,-0.0169800287873335,5.14807221660315,100125000000.0,133063000000.0,79515000000.0,161947000000.0,17141000000.0,2905500000.0,757000000.0,52.0821087151564,19.78902362094344,4.724889605383052,1.728040630847367,4.547975773031559,19.048064085447265,-0.0198030189768003,0.3101896936176936,2018-02-01,0.498,amc,33189389690.0,2025-04-25,2017-12-31,-0.0160642570281124,50.89603174603175,26734244.42857143
2017-09-30,GOOG,USD,1652044,2017-10-27,2017-10-26 17:49:09,2017,Q3,27772000000.0,11148000000.0,16624000000.0,0.5985885064,4205000000,1595000000.0,3042000000.0,4637000000.0,0.0,8842000000.0,19990000000.0,306000000.0,27000000.0,1761000000.0,9767000000.0,0.3516851505,7782000000.0,0.2802102837,197000000.0,7979000000.0,0.2873037592,1247000000.0,6732000000.0,0.2424024197,0.49,0.48,13866111858,14074314370,https://www.sec.gov/Archives/edgar/data/1652044/000165204417000042/0001652044-17-000042-index.htm,https://www.sec.gov/Archives/edgar/data/1652044/000165204417000042/goog10-qq32017.htm,2.002868596792478,0.4855001942102463,0.7119515622762258,0.456797122716533,7.222139921092796,11.329780230307442,9.915252480866004,11.329780230307442,0.2878240159080649,675140986366.02,668523986366.02,25.07208059885695,24.31013201663618,68.38948403221434,106.5899883748058,4.297523783361044,4.297523783361044,24.07187045823203,68.44721883546842,67.71920445360819,105.54530886738554,0.0099712506512681,0.0093817441510891,0.0252323360916613,0.0209142326523721,-0.6774854100542643,5.767409268834872,288.22222222222223,1.4664289958407606,0.0,0.0,0.0574319458447357,0.1514114935906668,0.103484298497383,0.3583873581847649,0.1273944980555955,2.0090857467348098,0.065533630995247,11.1249151142338,0.0388869434564019,0.0396181777521451,5.753036670764754,98652000000.0,137486000000.0,86909000000.0,158386000000.0,15227000000.0,2581000000.0,581500000.0,50.47997983580584,21.58772874058127,6.17599569429494,1.7828850227900108,4.169035153328347,14.572549019607845,0.0428516868236791,0.2551544395596927,2017-10-26,0.42,amc,24173538140.0,2025-04-25,2017-09-30,0.1428571428571428,46.579206349206345,29433129.825396825
2017-06-30,GOOG,USD,1652044,2017-07-25,2017-07-24 18:23:27,2017,Q2,26010000000.0,10373000000.0,15637000000.0,0.6011918493,4172000000,1700000000.0,2897000000.0,4597000000.0,2736000000.0,11505000000.0,21878000000.0,294000000.0,21000000.0,1625000000.0,6023000000.0,0.2315647828,4132000000.0,0.1588619762,245000000.0,4377000000.0,0.1682814302,853000000.0,3524000000.0,0.1354863514,0.25,0.25,13846752811,14070054371,https://www.sec.gov/Archives/edgar/data/1652044/000165204417000026/0001652044-17-000026-index.htm,https://www.sec.gov/Archives/edgar/data/1652044/000165204417000026/goog10-qq22017.htm,1.8784187422871728,0.2545001018000768,0.5346379834352919,0.3301857166373301,6.840087440916764,10.709081184882574,9.298136664772445,10.709081184882574,0.2871431341535486,643597070655.2799,631841070655.2799,45.65813497838252,24.74421648040292,86.93733225115224,140.7692630479615,4.340241632084485,4.340241632084485,24.29223647271357,104.90471038606672,85.3493273882588,138.19795946090986,0.0054754755120498,0.0071038235076878,0.0266714322323078,0.0221418534214901,-1.9518512369251204,6.014771206850415,196.7619047619048,2.1007377979568678,0.0,0.0,0.065359477124183,0.160399846212995,0.1093768369900515,0.3824125354585979,0.1088427527873894,1.7421538461538462,0.0770088427527874,7.830893988817803,0.0208004837758726,0.022151819164718,5.469495341885178,93701000000.0,128749000000.0,82051000000.0,150914000000.0,13923000000.0,2397000000.0,339000000.0,51.47750865051904,21.586811915549987,3.4531957967801024,1.748336358136721,4.169212218649518,26.06281407035176,0.0237648867728578,0.2044522667979618,2017-07-24,0.22,amc,23206526946.0,2025-04-25,2017-06-30,0.1363636363636363,45.78126984126984,32062837.76190476
2017-03-31,GOOG,USD,1652044,2017-05-02,2017-05-02 16:25:09,2017,Q1,24750000000.0,9795000000.0,14955000000.0,0.6042424242,3942000000,1801000000.0,2644000000.0,4445000000.0,0.0,8387000000.0,18182000000.0,312000000.0,25000000.0,1503000000.0,8347000000.0,0.3372525253,6568000000.0,0.2653737374,251000000.0,6819000000.0,0.2755151515,1393000000.0,5426000000.0,0.2192323232,0.39,0.39,13824198292,14040714383,https://www.sec.gov/Archives/edgar/data/1652044/000165204417000014/0001652044-17-000014-index.htm,https://www.sec.gov/Archives/edgar/data/1652044/000165204417000014/goog10-qq12017.htm,1.7903389026416607,0.3925001569993394,0.6906729633302051,0.5092519545291835,6.686753043284544,10.485164993899236,9.06128495512758,10.485164993899236,0.2865988982733842,586007765597.88,571812765597.88,26.99998920004976,23.67708143829818,61.37492308314621,83.23973943151705,4.042854835824186,4.042854835824186,23.10354608476283,68.50518337101714,59.88822429806033,81.22340420424432,0.0092592629629473,0.0120134926758476,0.0271612774148148,0.0227893676630623,-1.70061099796334,7.131227058206608,262.72,1.7596756358274972,0.0,0.0,0.0727676767676767,0.1592727272727272,0.1139410498043483,0.2626728110599078,0.1013333333333333,1.6686626746506985,0.0811717171717171,9.622741313734986,0.0331826972720945,0.0354473711717361,5.389010518108098,93538000000.0,125265000000.0,80987000000.0,149158000000.0,13600500000.0,2173500000.0,274000000.0,47.16,21.188361408882084,2.572741194486983,1.9083969465648856,4.247614917606245,34.982142857142854,0.0374338560459195,0.1814210088010216,2017-04-27,0.37,amc,23661384217.0,2025-04-25,2017-03-31,0.0540540540540541,41.01967741935484,29955919.032258064
2016-12-31,GOOG,USD,1652044,2017-02-03,2017-02-02 18:13:47,2016,Q4,26064000000.0,10661000000.0,15403000000.0,0.5909683855,3622000000,2024000000.0,3118000000.0,5142000000.0,0.0,8764000000.0,19425000000.0,325000000.0,33000000.0,1687000000.0,8577000000.0,0.3290745856,6639000000.0,0.2547191529,218000000.0,6857000000.0,0.2630831799,1524000000.0,5333000000.0,0.204611725,0.39,0.38,13798183355,14004414398,https://www.sec.gov/Archives/edgar/data/1652044/000165204417000008/0001652044-17-000008-index.htm,https://www.sec.gov/Archives/edgar/data/1652044/000165204417000008/goog10-kq42016.htm,1.888944314582925,0.3865001546067656,0.6821912535746268,0.4591184097944609,6.256838148821657,10.076398930415577,8.643239253432865,10.076398930415577,0.2875740884079591,546684024525.1,537701024525.1,25.62741536307425,20.974678657347297,58.07755492670774,86.29582076165745,3.931960244289968,3.931960244289968,20.63002703058241,62.69103702053165,57.12323643101031,84.87782549725335,0.0097551780567078,0.0115880466884013,0.0283020224977703,0.0234929580828313,-1.0473358983327503,6.290761518262115,201.1818181818182,1.765047815488468,0.0,0.0,0.0776550030693677,0.1389656230816451,0.1180618160325259,0.3269945819611176,0.1180939226519337,1.824540604623592,0.0708256599140577,9.360925127940828,0.0342537963089434,0.0361015962415889,4.977466832625663,88652000000.0,119261000000.0,76947000000.0,142661000000.0,13313500000.0,2108000000.0,413500000.0,49.14364640883978,17.230090985836227,2.2624519275865302,1.8313659359190555,5.2234198922097015,39.77985074626866,0.0383569722949451,0.2230728437801658,2017-01-26,0.48,amc,26927230769.0,2025-04-25,2016-12-31,-0.0208333333333333,38.95460317460317,34521651.41269841
2016-09-30,GOOG,USD,1652044,2016-11-03,2016-11-02 17:46:02,2016,Q3,22451000000.0,8699000000.0,13752000000.0,0.6125339629,3596000000,1824000000.0,2565000000.0,4389000000.0,0.0,7985000000.0,16684000000.0,318000000.0,29000000.0,1596000000.0,7670000000.0,0.3416328894,5767000000.0,0.256870518,278000000.0,6045000000.0,0.26925304,984000000.0,5061000000.0,0.2254242573,0.37,0.36,13752711890,13968794412,https://www.sec.gov/Archives/edgar/data/1652044/000165204416000038/0001652044-16-000038-index.htm,https://www.sec.gov/Archives/edgar/data/1652044/000165204416000038/goog10-qq32016.htm,1.632478029029662,0.3680001472058759,0.715858812337848,0.5301499848405535,6.039245253177481,9.751022276378103,8.340754966546456,9.751022276378103,0.2884521999537067,552859017978.0,547391017978.0,27.30977168435092,24.625139992784284,56.15632483270696,75.82759813166918,4.122644668486164,4.122644668486164,24.381587367066057,71.36779895410692,55.60091599573388,75.07763242051844,0.0091542325175591,0.0131878105681729,0.029365487722124,0.0246205016630404,-0.7129074315514994,6.880262514836278,198.86206896551724,1.9452677336494764,0.0,0.0,0.081243597167164,0.1601710391519308,0.121258158901643,0.2594210259014728,0.1137588526123558,1.600250626566416,0.0828470892165159,8.985460296784224,0.0331553826984312,0.0360077693112206,4.856260389528163,84223000000.0,114708000000.0,72701000000.0,136371000000.0,12578500000.0,1945500000.0,279500000.0,49.688209879292685,22.50258650419589,5.783423381997931,1.8112948769665187,3.9995402298850578,15.561717352415029,0.0377396478825977,0.1857088274972944,2016-10-27,0.43,amc,21410225165.0,2025-04-25,2016-09-30,0.0465116279069767,37.97078125,26219246.875
2016-06-30,GOOG,USD,1652044,2016-08-04,2016-08-04 16:22:44,2016,Q2,21500000000.0,8130000000.0,13370000000.0,0.6218604651,3363000000,1624000000.0,2415000000.0,4039000000.0,0.0,7402000000.0,15532000000.0,307000000.0,32000000.0,1490000000.0,7641000000.0,0.3553953488,5968000000.0,0.2775813953,151000000.0,6119000000.0,0.2846046512,1242000000.0,4877000000.0,0.2268372093,0.36,0.35,13718700560,13936934425,https://www.sec.gov/Archives/edgar/data/1652044/000165204416000032/0001652044-16-000032-index.htm,https://www.sec.gov/Archives/edgar/data/1652044/000165204416000032/goog10-qq22016.htm,1.5672038256078096,0.355500142208804,0.6647859948624755,0.5100337287338532,5.719200565450639,9.321509675111676,7.91518114453254,9.321509675111676,0.308702707044143,482623885700.8,473199885700.8,24.739793197703506,22.447622590734884,52.91928571280702,68.97583045602401,3.774066779540034,3.774066779540034,22.009297009339537,61.92905191739301,51.885952379473686,67.62896751476347,0.0101051774362934,0.0144978319708315,0.0328670070926422,0.0272405568662017,-1.2333464206255726,5.434404013609365,186.5,1.8700020504408448,0.0,0.0,0.0755348837209302,0.1564186046511627,0.1250421279133072,0.2327850877192982,0.0987441860465116,1.4248322147651007,0.069906976744186,8.63483962444099,0.0341786960241009,0.0361261935273594,4.4915697175913865,76897000000.0,108586000000.0,67825000000.0,127603000000.0,11790000000.0,1691500000.0,0.5,53.42232558139535,18.99630996309963,0.0,1.6846889202319386,4.7377622377622375,0.0,0.0381376144636726,0.1547522661286223,2016-07-28,0.4,amc,20504156769.0,2025-04-25,2016-06-30,0.0499999999999999,35.91578125,36416177.796875
2016-03-31,GOOG,USD,1652044,2016-05-03,2016-05-02 20:56:36,2016,Q1,20257000000.0,7648000000.0,12609000000.0,0.6224514982,3367000000,1513000000.0,2387000000.0,3900000000.0,0.0,7267000000.0,14915000000.0,270000000.0,30000000.0,1371000000.0,6530000000.0,0.3223577035,5342000000.0,0.2637113097,-213000000.0,5129000000.0,0.2531964259,922000000.0,4207000000.0,0.2076812954,0.31,0.3,13748360514,13986214405,https://www.sec.gov/Archives/edgar/data/1652044/000165204416000021/0001652044-16-000021-index.htm,https://www.sec.gov/Archives/edgar/data/1652044/000165204416000021/goog10-qq12016.htm,1.4734120464307168,0.3060001223939391,0.5570118700482021,0.3804089945615169,5.474398196305547,8.987908039956421,7.5678841774660786,8.987908039956421,0.3809908821248997,524499953609.1,514596953609.1,31.16828818689684,25.892281858572343,68.49046142714808,100.28679801321223,4.244591714824106,4.244591714824106,25.403413812958483,78.80504649450229,67.1973039447767,98.39329896923518,0.0080209730640613,0.0099714022165535,0.0421464930524646,0.0347786600065443,-1.5165390505359877,5.143349920832391,178.06666666666666,1.8202995008319467,0.0,0.0,0.0746902305375919,0.1662141481956854,0.1303732295137799,0.317054061112562,0.1198598015500814,1.7709700948212983,0.0737522831613763,7.8664967810692605,0.0323889792203582,0.0323058729573657,4.160459710250802,73271000000.0,104046000000.0,64777000000.0,122956000000.0,11187000000.0,1799000000.0,245500000.5,48.06338549637162,19.61689330543933,1.1767782426778244e-08,1.872527269365872,4.587882423515297,7648000000.0,0.0340457558125419,0.1766028754866851,2016-04-21,0.4,amc,21499429333.0,2025-04-25,2016-03-31,-0.05,35.82016393442623,50057156.93442623
2015-12-31,GOOG,USD,1652044,2016-02-11,2016-02-11 16:38:35,2015,Q4,21329000000.0,8188000000.0,13141000000.0,0.6161095222,3510000000,1572000000.0,2679000000.0,4251000000.0,0.0,7761000000.0,15949000000.0,274000000.0,26000000.0,1404000000.0,6630000000.0,0.3108443903,5380000000.0,0.252238736,-180000000.0,5200000000.0,0.2437995218,277000000.0,4923000000.0,0.2308125088,0.36,0.35,13751391147,13940494423,https://www.sec.gov/Archives/edgar/data/1652044/000165204416000012/0001652044-16-000012-index.htm,https://www.sec.gov/Archives/edgar/data/1288776/000165204416000012/goog10-k2015.htm,1.551043074260391,0.3580001432127105,0.4664982568981389,0.313786434686745,5.313353334141765,8.75046013262821,7.316714281809235,8.75046013262821,0.3814886758671297,534929115618.3,523600115618.3,27.164793602391832,25.07989664861456,83.38723548219798,123.96966758245654,4.445480513070613,4.445480513070613,24.548741882802755,78.97437641301659,81.62121833488698,121.34417511432213,0.0092030885144655,0.0080664893235667,0.0433803425551188,0.0353991902943829,-1.7087481146304675,4.666701191092698,206.92307692307693,1.3030672354255537,0.0,0.0,0.0737024708143841,0.1645646772000562,0.133703148629129,0.3273577552611068,0.0984574991795208,1.4957264957264955,0.0673261756294247,8.395533608104092,0.0387697261178719,0.0385377118478218,3.9885782764579214,70804000000.0,100615000000.0,62984000000.0,119536000000.0,10996000000.0,1740000000.0,1351500000.0,48.76177973650898,21.224963361016123,5.396922325354177,1.8457078573901005,4.240290005178664,16.676171079429736,0.0409121506511206,0.1527118222113939,2016-02-01,0.4,amc,19926747404.0,2025-04-25,2015-12-31,0.0749999999999999,35.87890625,39551129.03125
2015-09-30,GOOG,USD,1652044,2015-10-29,2015-10-29 16:05:33,2015,Q3,18675000000.0,7037000000.0,11638000000.0,0.6231860776,3230000000,1477000000.0,2223000000.0,3700000000.0,0.0,6930000000.0,13967000000.0,259000000.0,26000000.0,1248000000.0,6165000000.0,0.3301204819,4708000000.0,0.2521017403,183000000.0,4891000000.0,0.2619009371,912000000.0,3979000000.0,0.2130655957,0.29,0.29,13720684167,13886374445,https://www.sec.gov/Archives/edgar/data/1652044/000165204415000005/0001652044-15-000005-index.htm,https://www.sec.gov/Archives/edgar/data/1652044/000165204415000005/alpha10-qq32015.htm,1.3610837311535646,0.2900001159978599,0.4378061565215241,0.2648555972697218,5.303452737073705,8.47195362747103,7.0363109320888135,8.47195362747103,0.3831441592864412,437964238610.64,425127238610.64,27.517230372621263,23.45190032720964,72.90897929259863,120.51850264464504,3.767726005545721,3.767726005545721,22.764510768976702,68.95818955565937,70.77197246722824,116.98603153842598,0.0090852166665996,0.0082974811174724,0.0450013334365671,0.0362556400357635,-2.0822384428223843,4.773419298910983,181.07692307692307,1.5096757979391806,0.0,0.0,0.0790896921017403,0.172958500669344,0.1365252528052896,0.3950391210254703,0.1270682730923694,1.901442307692308,0.0766800535475234,7.435019807010571,0.0296768433780465,0.0319385469927678,3.910883695512733,69646000000.0,96543000000.0,60063000000.0,117682000000.0,10227500000.0,1432000000.0,1764000000.0,50.29397590361446,19.81099900525792,28.290464686656243,1.7894787274817938,4.542930923176243,3.1812839059674505,0.0342306071007647,0.1729505592518023,2015-10-22,0.36,amc,18312378640.0,2025-04-25,2015-09-30,0.0277777777777778,30.7284375,51561809.953125
2015-06-30,GOOG,USD,1652044,2015-06-30,2015-06-29 20:00:00,2015,Q2,17727000000.0,6583000000.0,11144000000.0,0.6286455689,2789000000,1450000000.0,2080000000.0,3530000000.0,0.0,6319000000.0,12902000000.0,240000000.0,26000000.0,1234000000.0,6216000000.0,0.3506515485,4825000000.0,0.2721836746,131000000.0,4956000000.0,0.2795735319,1025000000.0,3931000000.0,0.2217521295,0.25,0.25,13663321188,13829609073,,,1.297415156687452,0.2877045738668908,0.5112227037548288,0.3271532549440351,5.107103832213594,8.181246598972946,6.730428036835227,8.181246598972946,0.3848990979308009,368909672076.0,355689672076.0,23.46156652734673,20.81060935725165,52.81455577322835,82.53012798120805,3.300230554520813,3.300230554520813,20.06485429435325,57.22163321685972,50.92192871524696,79.57263357404922,0.0106557249580329,0.0121167872201494,0.0468139162484456,0.0376998278184817,-2.1267696267696268,4.847598202972008,185.57692307692307,1.776901551767998,0.0,0.0,0.0817961301968748,0.1573306255993682,0.1428098006584682,0.3600572655690766,0.1418739775483725,2.038087520259319,0.063857392677836,7.277368789287298,0.0307513151319342,0.0330380555368789,3.727369744094754,66802000000.0,91960000000.0,57140000000.0,113633000000.0,10164500000.0,1501500000.0,1081500000.0,50.866474868844136,17.97812547470758,17.991797053015343,1.769338257311109,5.0060836501901145,5.002279635258359,0.0351663490870704,0.1840694488107937,2015-07-16,0.337,amc,17069470326.0,2025-04-25,2015-06-30,0.0385756676557862,26.79031746031746,34472393.93650793
2015-03-31,GOOG,USD,1652044,2015-03-31,2015-03-30 20:00:00,2015,Q1,17258000000.0,6356000000.0,10902000000.0,0.6317070344,2753000000,1637000000.0,2065000000.0,3702000000.0,0.0,6455000000.0,12811000000.0,226000000.0,26000000.0,1177000000.0,5807000000.0,0.3364816317,4447000000.0,0.2576775988,157000000.0,4604000000.0,0.2667748291,1089000000.0,3515000000.0,0.2036736586,0.26,0.26,13618294552,13789954484,,,1.267265877830897,0.2581086777480358,0.4858905037435997,0.2709590386601002,4.80500695223911,7.963405372523184,6.498243936646495,7.963405372523184,0.3863185643335466,377771490872.48,366030490872.48,26.86852708908108,21.88964485296558,57.091051968033845,102.37709779742003,3.483434372902036,3.483434372902036,21.20932268353691,63.03263145728947,55.31668291861568,99.19525497899188,0.0093045666095182,0.009767809612837,0.048271982885807,0.0392428785607196,-2.021870156707422,5.602190290178571,171.03846153846155,1.8452314556609035,0.0,0.0,0.0948545602039633,0.1595202225055046,0.1495727136431784,0.4423454737796584,0.1696025031869278,2.4868309260832624,0.0697068026422528,6.80051767876205,0.0280420552189209,0.0309836311229032,3.571666027216063,65977000000.0,88495000000.0,55361000000.0,111378000000.0,10579500000.0,1701500000.0,1084500000.0,53.76636922007185,23.90182504719949,11.993392070484582,1.673908826382153,3.765402843601896,7.5041322314049586,0.0324118471525523,0.2149314650834995,2015-04-23,,amc,,2025-04-25,2015-03-31,,26.799180327868854,39830011.98360656
2014-12-31,GOOG,USD,1652044,2014-12-31,2014-12-30 19:00:00,2014,Q4,18103000000.0,6921000000.0,11182000000.0,0.6176876761,2813000000,1593000000.0,2377000000.0,3970000000.0,0.0,6783000000.0,13704000000.0,222000000.0,25000000.0,1267000000.0,5819000000.0,0.3214384356,4399000000.0,0.2429983981,128000000.0,4527000000.0,0.2500690493,737000000.0,4757000000.0,0.2627741258,0.35,0.35,13578854568,13769814492,,,1.3331757777759563,0.3503240995901356,0.4686698696219514,0.2071603304912868,4.742299851399366,7.695789028204577,6.207740098980637,7.695789028204577,0.3875142762336123,360247011689.04004,347137011689.04004,18.93246855628757,19.899851499146,56.607010007705846,128.06505925667972,3.4473398247755025,3.4473398247755025,19.17566213826659,59.65578478931776,54.54698486628536,123.4045544575329,0.0132048284805931,0.0078085311153896,0.0501148325358851,0.03993655296531,-2.2529644268774702,4.801249628086879,175.96,1.3378179524910658,0.0,0.0,0.0879964646743633,0.1553886096227144,0.1540878344886489,0.5579824010056568,0.1961553333701596,2.802683504340963,0.0655692426669612,7.788482403118197,0.0316563678626854,0.0428840588855733,3.4288422316358664,63880000000.0,84294000000.0,54052000000.0,107969000000.0,10434000000.0,1541500000.0,800500000.0,53.936364138540576,22.301690507152145,17.19115734720416,1.6686330537376717,4.035568513119533,5.235249621785174,0.0455215311004784,0.2615095391306646,2015-01-29,,amc,,2025-04-25,2014-12-31,,26.834375,39584013.46875
2014-09-30,GOOG,USD,1652044,2014-09-30,2014-09-29 20:00:00,2014,Q3,16523000000.0,6695000000.0,9828000000.0,0.5948072384,2655000000,1365000000.0,2084000000.0,3449000000.0,0.0,6104000000.0,12799000000.0,187000000.0,25000000.0,1547000000.0,5429000000.0,0.3285722932,3724000000.0,0.2253827997,133000000.0,3857000000.0,0.2334321854,933000000.0,2739000000.0,0.1657689282,0.21,0.2,13541934583,13764294494,,,1.2201358601113248,0.2022606137411438,0.4426250889975961,0.2641424663570906,4.589964574044642,7.296963324874452,5.804931305655828,7.296963324874452,0.3887184632104348,398403715431.8601,388037715431.8601,36.36397548666119,24.11206896034982,66.4670863249683,111.379288630657,4.031814152020037,4.031814152020037,23.484701048953585,71.47498902778781,64.73769026223891,108.48132944698352,0.006874935885151,0.0089783299237624,0.0530182664575216,0.0416517598047399,-1.9093755756124515,4.470703125,148.96,2.130821187344472,0.0,0.0,0.082612116443745,0.1606851056103613,0.1606363441219262,0.4032365699032366,0.1462809417176057,1.562378797672915,0.0780729891666162,5.762593713949803,0.0256955712550569,0.025943396226415,3.163857404376002,62195000000.0,78610000000.0,53149000000.0,103381000000.0,9170000000.0,1356500000.0,286000000.0,54.57301942746474,18.389843166542192,3.750560119492158,1.6491665834913665,4.894005847953216,23.99641577060932,0.0277184637959823,0.1784826226405055,2014-10-16,,amc,,2025-04-25,2014-09-30,,28.91703125,29970314.65625
2014-06-30,GOOG,USD,1652044,2014-06-30,2014-06-29 20:00:00,2014,Q2,15955000000.0,6114000000.0,9841000000.0,0.6167972422,2238000000,1404000000.0,1941000000.0,3345000000.0,0.0,5583000000.0,11697000000.0,169000000.0,27000000.0,1079000000.0,5509000000.0,0.3452836102,4258000000.0,0.2668755876,145000000.0,4403000000.0,0.2759636478,984000000.0,3351000000.0,0.2100282043,0.25,0.25,13502294599,13727254509,,,1.1816510062801957,0.2481800389874607,0.4167439807169326,0.2207772892335483,4.53285917821204,7.09131320591178,5.623414556931932,7.09131320591178,0.3901559073070555,394672071128.77,380293071128.77,29.44435027818338,24.736576065733,70.1389854502879,132.3958641827474,4.12194457517854,4.12194457517854,23.83535387833093,69.03123454869669,67.58362735538832,127.57231503816506,0.0084905931914971,0.0075531060292011,0.0547368640925753,0.0430974935859482,-2.610092575785079,4.556647365034801,157.7037037037037,1.6443600233781417,0.0,0.0,0.0879974929489188,0.1402695079912253,0.1629826985066771,0.4702328061133819,0.1658414290191162,2.45227062094532,0.0573487934816671,6.292714337080486,0.0310402288611296,0.0329213659763429,3.0907524416694887,60808000000.0,75929000000.0,52046000000.0,100114000000.0,8074000000.0,1484000000.0,315000000.0,46.937637104356,19.79882237487733,4.313052011776252,1.9174378079557743,4.545724907063197,20.866894197952217,0.0349977545457393,0.1959666914833843,2014-07-17,,amc,,2025-04-25,2014-06-30,,27.13460317460317,45109959.0952381
2014-03-31,GOOG,USD,1652044,2014-03-31,2014-03-30 20:00:00,2014,Q1,15420000000.0,5961000000.0,9459000000.0,0.6134241245,2126000000,1489000000.0,1729000000.0,3218000000.0,0.0,5344000000.0,11305000000.0,168000000.0,24000000.0,1086000000.0,5582000000.0,0.361997406,4115000000.0,0.2668612192,357000000.0,4472000000.0,0.2900129702,822000000.0,3452000000.0,0.2238651102,0.26,0.25,13451734619,13704234518,,,1.146320562867774,0.2566211791841475,0.3264263029541112,0.1520993431665022,4.414226245299971,6.817782434576292,5.368601302764074,6.817782434576292,0.4658878707841983,375168878523.91,364772878523.91,27.17039966134922,24.33001806251038,85.44041870278069,183.3669983010313,4.090772955522347,4.090772955522347,23.65582869804864,65.34806136221964,83.07284867317469,178.2858643811877,0.0092011896444656,0.0054535440360882,0.0680725321935209,0.0535760259512898,-1.8624149050519527,4.6290104486785495,171.45833333333334,1.2720162224797218,0.0,0.0,0.0965629053177691,0.1378728923476005,0.1672931362957623,0.5340469141425643,0.1520752269779507,2.1593001841620625,0.0575226977950713,6.274210370643749,0.0325242851315982,0.0355758924890757,3.018402544356648,59044000000.0,72217000000.0,50499000000.0,96415000000.0,8354500000.0,2038000000.0,381500000.0,45.6828793774319,24.50427780573729,5.088072471061902,1.9701034879264083,3.672828096118299,17.688427299703264,0.0376399777562124,0.1743269597876089,2014-04-16,0.32,amc,,2025-04-25,2014-03-31,-0.03125,29.118360655737707,86041541.52459016
2013-12-31,GOOG,USD,1652044,2013-12-31,2013-12-30 19:00:00,2013,Q4,16858000000.0,7438000000.0,9420000000.0,0.5587851465,2111000000,1261000000.0,2126000000.0,3387000000.0,0.0,5498000000.0,12936000000.0,215000000.0,21000000.0,1036000000.0,5104000000.0,0.3027642662,3922000000.0,0.2326491873,125000000.0,4047000000.0,0.2400640645,666000000.0,3376000000.0,0.2002610037,0.25,0.25,13393434642,13640114543,,,1.258676392621172,0.2520637976918423,0.3910871363477102,0.2227210629486864,4.384013628279592,6.5187909101531565,5.207850104503463,6.5187909101531565,0.3931777128688511,375551907361.68,361898907361.68,27.81041968021919,22.277370231443825,71.6975768158992,125.89738765057994,4.301411164504003,4.301411164504003,21.467487683098824,70.90495833888714,69.0910476062772,121.32045168008044,0.0089894364369415,0.0079429765673568,0.0600739900812058,0.047286332491886,-2.674960815047022,4.581719889363842,186.7619047619048,1.5515402843601895,0.0,0.0,0.0748012812907818,0.125222446316289,0.1582942661377569,0.4305078274150439,0.1337643848617866,2.1766409266409266,0.0535057539447146,6.080370206358817,0.0334272328703046,0.0361603221867569,3.134408844491228,56978000000.0,69751000000.0,49275000000.0,91060000000.0,8401500000.0,2288500000.0,330500000.0,47.41843635069404,29.68136595859102,5.154611454692121,1.897995946858816,3.032205462698736,17.460093896713616,0.0386672622524596,0.1683660733990238,2014-01-30,0.62,amc,,2025-04-25,2013-12-31,-0.032258064516129,25.28703125,72347852.328125
2013-09-30,GOOG,USD,1652044,2013-09-30,2013-09-29 20:00:00,2013,Q3,13754000000.0,5409000000.0,8345000000.0,0.6067325869,1821000000,1135000000.0,1628000000.0,2763000000.0,0.0,4584000000.0,9993000000.0,196000000.0,19000000.0,974000000.0,4768000000.0,0.346662789,3761000000.0,0.2734477243,14000000.0,3775000000.0,0.27446561,612000000.0,2970000000.0,0.2159371819,0.22,0.22,13344634662,13569394572,,,1.0306763990449064,0.2225613570716425,0.3809021474731175,0.2093725359118415,4.235634877360422,6.218903859265503,4.891329111157348,6.218903859265503,0.3946155240199561,292514391791.04004,282519391791.04004,24.622423551434345,21.267587014035197,57.547588390918754,104.69376943129564,3.5247369144228755,3.5247369144228755,20.540889326089868,59.25322814409397,55.58122994118435,101.11646091304225,0.0101533465817355,0.0095516667842993,0.0632252467194447,0.049939087067423,-2.09626677852349,4.757029360967185,197.94736842105263,1.7114478114478116,0.0,0.0,0.0825214483059473,0.132397847898793,0.1686146114897019,0.4503246114499311,0.1664243129271484,2.3501026694045173,0.0644176239639377,5.5804993373679945,0.0336666916184928,0.0340003663339133,3.03509620352018,54383000000.0,65273000000.0,46779000000.0,86966000000.0,8042000000.0,1941000000.0,288500000.0,51.83146720953905,35.341098169717135,3.9101497504159735,1.736396919580861,2.546610169491525,23.017021276595745,0.0357878755015724,0.171529611561276,2013-10-17,0.52,amc,,2025-04-25,2013-09-30,0.0384615384615384,22.09953125,73936158.453125
2013-06-30,GOOG,USD,1652044,2013-06-30,2013-06-29 20:00:00,2013,Q2,13107000000.0,5195000000.0,7912000000.0,0.6036469062,1766000000,1098000000.0,1583000000.0,2681000000.0,0.0,4447000000.0,9642000000.0,182000000.0,19000000.0,1030000000.0,4750000000.0,0.36240177,3465000000.0,0.2643625544,236000000.0,3701000000.0,0.2823682002,927000000.0,3228000000.0,0.2462806134,0.24,0.24,13299194680,13533474586,,,0.9855483971304644,0.2427214637931745,0.3537808200578954,0.2326456657298891,4.092879404333977,5.929080812583458,4.57907425714893,5.929080812583458,0.3765641544845781,295508105789.6,284333105789.6,22.886315504151177,22.545823284473943,62.8072488394474,95.51005358422752,3.7476298101455887,3.7476298101455887,21.69322543599603,59.85960121886316,60.43211600204038,91.89822423710406,0.0109235582265155,0.0104701019680418,0.0632704306802617,0.049307189025716,-2.3526315789473684,4.361732663578837,182.3684210526316,1.457558859975217,0.0,0.0,0.0837720302128633,0.1347371633478294,0.1774426281354391,0.3424017003188098,0.1229114213778896,1.5640776699029126,0.0646219577325093,5.690350728207475,0.0292293067365397,0.0387850242706781,2.8870357133534346,51532000000.0,60898000000.0,44531000000.0,82398000000.0,8416500000.0,1926000000.0,495000000.0,56.051728084229794,30.45620789220404,5.92492781520693,1.605659683939728,2.9550625711035265,15.190058479532164,0.0409374524425506,0.1211351543280062,2013-07-18,0.54,amc,,2025-04-25,2013-06-30,-0.1111111111111112,21.1515625,95073841.890625
2013-03-31,GOOG,USD,1652044,2013-03-31,2013-03-30 20:00:00,2013,Q1,12951000000.0,5136000000.0,7815000000.0,0.6034283067,1617000000,1015000000.0,1435000000.0,2450000000.0,0.0,4067000000.0,9203000000.0,180000000.0,21000000.0,899000000.0,4802000000.0,0.370782179,3748000000.0,0.289398502,134000000.0,3882000000.0,0.2997451934,354000000.0,3346000000.0,0.2583584279,0.25,0.25,13218154712,13466514613,,,0.979788804275572,0.2531366951668646,0.2748492568861982,0.1838380661253679,3.7900903031887583,5.709798503983496,4.354162986740505,5.709798503983496,0.3903721897970776,265024001975.6,254788001975.6,19.80155424205021,20.463593697444217,72.94907844084779,109.06337529860085,3.5115074526731416,3.5115074526731416,19.673230018963785,53.05872594244065,70.13157224761905,104.85102961958847,0.0126252715793947,0.009168980854133,0.0680905754375737,0.0531481404873205,-2.1316118284048318,4.739511017204951,178.47619047619048,1.0857740585774058,0.0,0.0,0.0783723264612771,0.1248552235348621,0.1853203987920407,0.3311312964492155,0.0928885800324299,1.3381535038932146,0.0546675932360435,5.702682638527199,0.0397969327549676,0.0424764830589161,2.7012469424030146,49556000000.0,57554000000.0,41589000000.0,79775000000.0,8627500000.0,2053000000.0,576500000.0,60.25017373175817,36.69392523364486,11.355140186915888,1.4937716262975778,2.4527220630372493,7.925925925925926,0.044333735243067,0.0910111907608303,2013-04-18,0.53,amc,,2025-04-25,2013-03-31,0.0943396226415093,19.39016666666667,94549404.28333332
2012-12-31,GOOG,USD,1652044,2012-12-31,2012-12-30 19:00:00,2012,Q4,13215000000.0,5278000000.0,7937000000.0,0.6006053727,1758000000,1066000000.0,1681000000.0,2747000000.0,0.0,4505000000.0,9783000000.0,179000000.0,21000000.0,953000000.0,4559000000.0,0.3449867575,3432000000.0,0.2597048808,153000000.0,3585000000.0,0.2712826334,648000000.0,2886000000.0,0.2183881952,0.22,0.22,13174514730,13399074640,,,1.0030729989551577,0.2190593019284589,0.3543963550602824,0.2769741485575006,3.650077515986048,5.443464254261758,4.076430980619504,5.443464254261758,0.4218751213161382,233188910721.0,223947910721.0,20.20000959121621,17.64577455323496,49.94408025722852,63.90488098684571,3.251605810792721,3.251605810792721,16.946493433295498,49.12215633274841,47.96485558385093,61.37240633625651,0.0123762317473705,0.0156482569806497,0.0772083943387018,0.0590311094053178,-2.026979600789647,4.216642254307038,163.42857142857142,1.617810117810118,0.0,0.0,0.0806659099508134,0.1330306469920545,0.1920083583871724,0.2184621974726922,0.0771850170261067,1.0703043022035676,0.0541808550889141,5.179761895227401,0.0343047941109249,0.0380799071093049,2.4817802150652724,46117000000.0,53705000000.0,38371000000.0,75981000000.0,8197000000.0,2122500000.0,561500000.0,58.46765039727582,34.30845017051914,8.61121636983706,1.5393127548048922,2.623260437375745,10.451485148514852,0.0402426270654674,0.0774222065027817,2013-01-22,0.53,amc,,2025-04-25,2012-12-31,0.0,17.428709677419352,103725077.12903224
2012-09-30,GOOG,USD,1652044,2012-09-30,2012-09-29 20:00:00,2012,Q3,13304000000.0,5955000000.0,7349000000.0,0.5523902586,1879000000,1020000000.0,1710000000.0,2730000000.0,0.0,4609000000.0,10564000000.0,172000000.0,21000000.0,828000000.0,3654000000.0,0.2746542393,2740000000.0,0.2059530968,65000000.0,2805000000.0,0.2108388455,647000000.0,2176000000.0,0.1635598316,0.17,0.16,13111394755,13332554666,,,1.0146899127513913,0.1659625112858559,0.3053832238918048,0.2388761881191639,3.4873482840231973,5.1884640247032205,3.79738394963763,5.1884640247032205,0.4749304033901769,249903184030.3,239849184030.3,28.711303312304683,18.784063742506017,62.413382624950046,79.79028864313537,3.67353419224878,3.67353419224878,18.028351174857185,65.64017078004926,59.90239361396104,76.5801992433908,0.0087073720506745,0.0125328535214671,0.0912271417651555,0.0691630446896244,-2.751505199781062,3.9366080088679514,130.47619047619048,1.8400735294117647,0.0,0.0,0.076668671076368,0.1412357185808779,0.2032653516103867,0.2177822177822178,0.0655441972339146,1.0531400966183575,0.0572760072158749,4.401651585855187,0.0268486240654561,0.0304373977143976,2.302405698561396,42387000000.0,49789000000.0,35119000000.0,72027000000.0,7575000000.0,2326000000.0,626000000.0,52.826969332531576,33.74811083123426,9.340050377833752,1.7036752465104368,2.666815942678012,9.635922330097088,0.0319868289527841,0.0665070357726408,2012-10-18,0.53,amc,,2025-04-25,2012-09-30,-0.1509433962264151,16.36857142857143,101029650.7936508
2012-06-30,GOOG,USD,1652044,2012-06-30,2012-06-29 20:00:00,2012,Q2,11807000000.0,4677000000.0,7130000000.0,0.6038790548,1538000000,942000000.0,1413000000.0,2355000000.0,0.0,3893000000.0,8570000000.0,180000000.0,22000000.0,670000000.0,4182000000.0,0.354196663,3237000000.0,0.274159397,253000000.0,3490000000.0,0.2955873634,657000000.0,2785000000.0,0.2358770221,0.21,0.21,13050874779,13231714707,,,0.904690313862983,0.2133956571617183,0.3258019153506736,0.2664955459994457,3.304146329668803,4.959131176719414,3.5812925027222806,4.959131176719414,0.4771327673773859,189498701791.08,180266701791.08,17.010655457008976,16.049691013049884,44.56695714747884,54.48496313717079,2.92793222896865,2.92793222896865,15.267781976037943,43.10538062914394,42.39574360091251,51.83056405723979,0.0146966706034241,0.0183536877410086,0.0958730551134871,0.0721084008320647,-2.207556193208991,3.839250071286,147.13636363636363,1.526750448833034,0.0,0.0,0.079783179469806,0.1302617091555856,0.2089690997199335,0.1820319849482596,0.0655543321758279,1.155223880597015,0.0557296519014144,4.8796294704784815,0.0349228185922073,0.0409143663047789,2.1159309600023555,39829000000.0,46739000000.0,32527000000.0,68720000000.0,6527000000.0,1589500000.0,342500000.0,55.95748284915728,46.54906991661321,12.200128287363697,1.6083639831085683,1.9334435717238527,7.376971608832808,0.0430308555183016,0.0593063693512279,2012-07-19,,amc,,2025-04-25,2012-06-30,,14.900158730158733,104552520.34920634
2012-03-31,GOOG,USD,1652044,2012-03-31,2012-03-30 20:00:00,2012,Q1,10645000000.0,3789000000.0,6856000000.0,0.6440582433,1441000000,757000000.0,1269000000.0,2026000000.0,0.0,3467000000.0,7256000000.0,182000000.0,20000000.0,511000000.0,4076000000.0,0.3829027713,3389000000.0,0.3183654298,156000000.0,3545000000.0,0.3330201973,655000000.0,2890000000.0,0.271488962,0.22,0.22,13011954795,13205434717,,,0.8180938350700748,0.2221034460641161,0.2838927784639602,0.2372433695501476,3.790053130137699,4.742715523705445,4.061342114430548,4.742715523705445,0.4207669090661023,208841874459.75,191188874459.75,18.06590609513409,19.618776370103333,56.53542892792366,67.65204873979592,3.384137193086434,3.384137193086434,17.96043912256928,46.906004528888616,51.756598391919326,61.93355181721736,0.0138382209385742,0.0147815183520341,0.0883944775732434,0.0707119153790314,-4.330961727183514,5.83648121535619,169.45,1.2782006920415223,0.0,0.0,0.0711131986848285,0.135368717707844,0.1149279269936741,0.1643205197617758,0.057022076092062,1.187866927592955,0.0522310944105213,4.868357308592609,0.0395423457184135,0.0423269574387064,2.935319911707394,47117000000.0,52846000000.0,41427000000.0,65858000000.0,5942500000.0,674000000.0,133000000.0,48.301550023485206,18.052256532066508,1.2114014251781473,1.863294241204271,4.985526315789474,74.29411764705883,0.0468304381643764,0.0466494089138126,2012-04-25,,amc,,2025-04-25,2012-03-31,,15.355806451612905,109011851.5967742
2011-12-31,GOOG,USD,1652044,2011-12-31,2011-12-30 19:00:00,2011,Q4,10583000000.0,3703000000.0,6880000000.0,0.6500992157,1301000000,805000000.0,1267000000.0,2072000000.0,0.0,3373000000.0,7076000000.0,199000000.0,20000000.0,503000000.0,4012000000.0,0.3790985543,3507000000.0,0.3313805159,-18000000.0,3489000000.0,0.329679675,785000000.0,2704000000.0,0.2555041104,0.21,0.21,12968154812,13160074735,,,0.8160760072209415,0.2085107742157635,0.3025873809255385,0.2292538948755418,3.441198894287228,4.483675653393333,3.795528408903144,4.483675653393333,0.3257209727394177,209565381761.92,203786381761.92,19.375497574142013,19.802077082294247,53.406060591722735,70.48953305143627,3.604185772842377,3.604185772842377,19.256012639319664,50.79421280207378,51.93332868550459,68.54570526805247,0.0129028944440447,0.0141865033957637,0.0723020036116605,0.0579270813238901,-1.4404287138584246,5.91921911814204,175.35,1.4506469500924215,0.0,0.0,0.0760653878862326,0.122933005763961,0.1229641469396753,0.2423547400611621,0.0898610979873381,1.8906560636182903,0.050647264480771,4.586407127696123,0.0418926020588601,0.0424823252160251,2.6937910987671514,43845000000.0,49221000000.0,38329000000.0,62372000000.0,6016500000.0,575500000.0,215000000.0,52.4879523764528,14.291115311909262,5.225492843640291,1.7146791963707064,6.297619047619048,17.22325581395349,0.0465044285837131,0.0733334860499967,2012-04-12,,amc,,2025-04-25,2011-12-31,,14.807619047619047,122720809.71428572
2011-09-30,GOOG,USD,1652044,2011-09-30,2011-09-29 20:00:00,2011,Q3,9720000000.0,3378000000.0,6342000000.0,0.6524691358,1404000000,676000000.0,1204000000.0,1880000000.0,0.0,3284000000.0,6662000000.0,211000000.0,21000000.0,492000000.0,3873000000.0,0.3984567901,3058000000.0,0.3146090535,302000000.0,3360000000.0,0.3456790123,631000000.0,2729000000.0,0.2807613169,0.21,0.21,12926194829,13097554760,,,0.7519614340171571,0.2111216824519363,0.3055810354287829,0.252974679962562,3.292538953885824,4.241774220901308,3.58705718220921,4.241774220901308,0.3268556644776222,166618651345.81,160192651345.81,15.263709357439538,17.141836558210905,42.18193704957216,50.953716007892965,3.038822749330841,3.038822749330841,16.480725447099793,41.361386869561066,40.55510160653418,48.98857839321407,0.016378718576566,0.0196256539924408,0.0766733540032828,0.0608499305233904,-1.6591789310611929,5.63028802880288,145.61904761904762,1.4474166361304508,0.0,0.0,0.0695473251028806,0.1444444444444444,0.1224959471977767,0.1721518987341772,0.0699588477366255,1.3821138211382114,0.0587448559670781,4.488812368233223,0.0404395271899505,0.0450144329896907,2.5378891803797674,41154000000.0,46367000000.0,35784000000.0,58821000000.0,5852000000.0,565000000.0,184000000.0,54.26851851851852,14.999999999999998,5.728241563055062,1.6584200648353524,6.0,15.711627906976744,0.0497720226153565,0.0526063554662208,2011-10-26,,amc,,2025-04-25,2011-09-30,,13.7115625,154615372.3125
2011-06-30,GOOG,USD,1652044,2011-06-30,2011-06-29 20:00:00,2011,Q2,9026000000.0,3172000000.0,5854000000.0,0.6485707955,1234000000,648000000.0,1091000000.0,1739000000.0,0.0,2973000000.0,6145000000.0,212000000.0,13000000.0,455000000.0,3553000000.0,0.3936405938,2881000000.0,0.3191890095,204000000.0,3085000000.0,0.3417903833,580000000.0,2505000000.0,0.2775315754,0.19,0.19,12889114844,13041434783,,,0.7002808268251008,0.1943500411252911,0.2730210757364867,0.2018757712606816,3.0349640354248053,4.033713767722559,3.40853507255785,4.033713767722559,0.3270201290790826,163305085073.48,157187085073.48,16.29791268198403,18.092741532625748,46.40667379183859,62.76137012816296,3.1410260443822966,3.1410260443822966,17.41492190045203,44.24066565535604,44.66811170033533,60.41010187297464,0.0153393876184128,0.0159333678974492,0.0808216806755015,0.0647846934213163,-1.7219251336898396,5.955629648627854,221.6153846153846,1.404790419161677,0.0,0.0,0.071792599157988,0.1367161533348105,0.1242349023295971,0.2605853935777209,0.1015953910923997,2.0153846153846158,0.0481941059162419,4.19987259622265,0.0401398991511387,0.044099783462141,2.3823784931433263,38644000000.0,43933000000.0,33572000000.0,55705000000.0,5330500000.0,541500000.0,236500000.0,58.26168845557279,16.08764186633039,4.3411097099621685,1.5447544069827144,5.594356261022928,20.73202614379085,0.0481814160143101,0.0711453044758051,2011-07-27,,amc,,2025-04-25,2011-06-30,,13.153492063492063,111333015.03174604
2011-03-31,GOOG,USD,1652044,2011-03-31,2011-03-30 20:00:00,2011,Q1,8575000000.0,2936000000.0,5639000000.0,0.6576093294,1226000000,591000000.0,1026000000.0,1617000000.0,500000000.0,3343000000.0,6279000000.0,190000000.0,4000000.0,401000000.0,2797000000.0,0.326180758,2296000000.0,0.267755102,96000000.0,2392000000.0,0.2789504373,594000000.0,1798000000.0,0.2096793003,0.14,0.14,12861074855,13055314777,,,0.6667405404818321,0.1398016900042372,0.2466356844791103,0.1774346254670018,2.851627909291101,3.7983605997758576,3.2288903119054275,3.7983605997758576,0.2503678764258308,188800578871.4,179601578871.4,26.25147092205228,22.017560218239066,59.52098955592686,82.73469713908851,3.8648252619475545,3.8648252619475545,20.944790538938776,64.21221983246335,56.620926504224464,78.70358408036809,0.0095232758858472,0.0120868273478884,0.0658328386317577,0.0536357571714476,-3.2888809438684303,4.641020145735105,574.0,1.764182424916574,0.0,0.0,0.0689212827988338,0.1429737609329446,0.1221480987324883,0.2805800756620428,0.1037900874635568,2.2194513715710724,0.0503790087463556,3.456571668520543,0.0320525864512841,0.0341591306330268,2.281263450433436,33978000000.0,41527000000.0,32201000000.0,49551000000.0,4910000000.0,499500000.0,289500000.0,50.56793002915452,15.817438692098092,9.809264305177113,1.7797841427978414,5.689922480620155,9.175,0.0368057972201183,0.0692010590121085,2011-05-10,,amc,,2025-04-25,2011-03-31,,15.03225806451613,104902959.51612905
2010-12-31,GOOG,USD,1652044,2010-12-31,2010-12-30 19:00:00,2010,Q4,8440000000.0,2946000000.0,5494000000.0,0.6509478673,1051000000,559000000.0,902000000.0,1461000000.0,0.0,2512000000.0,5458000000.0,176000000.0,0.0,381000000.0,3363000000.0,0.3984597156,2982000000.0,0.3533175355,160000000.0,3142000000.0,0.3722748815,599000000.0,2543000000.0,0.3013033175,0.2,0.2,12797834880,13021434791,,,0.6594865521502962,0.1987054860329624,0.2755153534220313,0.07665359095491,2.732884142352679,3.613189295969413,3.0427803112896545,3.613189295969413,0.2707489221801867,190175826316.8,180010826316.8,18.696011238379864,22.532680843222742,53.93528823505389,193.85915017003057,4.112710069349712,4.112710069349712,21.328296956966824,53.52685885126375,51.05241812728303,183.4972745329256,0.0133718362067942,0.0051583843172886,0.0749335005730845,0.0598952481374565,-3.022598870056497,4.157863145258103,0.0,1.3865513173417223,0.0,0.0,0.0662322274881516,0.1245260663507109,0.1261862370572678,0.7217810550198526,0.3015402843601896,6.679790026246719,0.0469194312796208,4.019217839537408,0.0470285047626182,0.0503056319360645,2.128953862545849,31566000000.0,38941000000.0,29952000000.0,46625000000.0,4860500000.0,505500000.0,198500000.0,53.3388625592417,14.755600814663952,7.912423625254583,1.6873250699720113,6.099378881987578,11.374517374517374,0.0549944854133777,0.1988617624671213,2011-02-11,,amc,,2025-04-25,2010-12-31,,14.6915625,112968728.375
2010-09-30,GOOG,USD,1652044,2010-09-30,2010-09-29 20:00:00,2010,Q3,7286000000.0,2552000000.0,4734000000.0,0.6497392259,994000000,532000000.0,661000000.0,1193000000.0,0.0,2187000000.0,4739000000.0,172000000.0,0.0,342000000.0,3056000000.0,0.419434532,2547000000.0,0.3495745265,167000000.0,2714000000.0,0.3724951963,547000000.0,2167000000.0,0.297419709,0.17,0.17,12744674902,12895074841,,,0.5716897493286879,0.1700317989013542,0.2264475180569027,0.1670501614494615,2.619133109057316,3.396712770853541,2.8402450653582,3.396712770853541,0.1665009124451655,167719921710.32,158584921710.32,19.34932184013844,23.019478686566018,58.11501098763687,78.77873260231095,3.874334065842458,3.874334065842458,21.765704324776284,51.89297176384817,54.9497303223562,74.48798577281353,0.0129203494605892,0.0126937812651566,0.049018249018249,0.0397810355817179,-2.989201570680628,4.624501758499414,0.0,1.3317951084448547,0.0,0.0,0.0730167444413944,0.1364260225089212,0.1329533950733006,0.2623007623007623,0.1038978863573977,2.2134502923976607,0.0521548174581388,3.604837945391886,0.043350495347252,0.046854054054054,2.11352978456696,30917000000.0,36198000000.0,29395000000.0,43515000000.0,4168000000.0,462500000.0,102000000.0,58.29124348064782,18.620689655172413,4.866771159874608,1.5439711803348166,4.833333333333333,18.49275362318841,0.05005775005775,0.0593973566074412,2010-10-29,,amc,,2025-04-25,2010-09-30,,12.01046875,114092424.421875
2010-06-30,GOOG,USD,1652044,2010-06-30,2010-06-29 20:00:00,2010,Q2,6820000000.0,2467000000.0,4353000000.0,0.6382697947,898000000,461000000.0,629000000.0,1090000000.0,0.0,1988000000.0,4455000000.0,136000000.0,0.0,342000000.0,2707000000.0,0.3969208211,2365000000.0,0.3467741935,69000000.0,2434000000.0,0.3568914956,594000000.0,1840000000.0,0.2697947214,0.14,0.14,12733994906,12899434840,,,0.5355742679609958,0.1444951104176293,0.1637349484895419,0.1263546916641117,2.360531806545392,3.189336912712599,2.663814478519786,3.189336912712599,0.0,141729363303.78,131016363303.78,19.25670697062228,20.78143156946921,67.9757138147626,88.08537184821628,3.48975360854357,3.48975360854357,19.210610455099708,48.39909985363133,62.83758431835971,81.42719907009322,0.0129824897050879,0.0113526227910253,0.0,0.0,-3.9575175471001103,6.118148599269184,0.0,1.1331521739130437,0.0,0.0,0.0675953079178885,0.1316715542521994,0.1392860859610781,0.2282973621103117,0.0697947214076246,1.391812865497076,0.045307917888563,3.22009017895961,0.0422676946482897,0.0444949580441564,1.992520822200492,29414000000.0,33921000000.0,27729000000.0,41026000000.0,3350500000.0,363000000.0,232500000.0,47.7316715542522,14.48317794892582,2.4077827320632346,1.8855405031794303,6.214105793450882,37.37878787878788,0.0453056902962105,0.0373802568254302,2010-07-30,,amc,,2025-04-25,2010-06-30,,12.77015873015873,136691646.9047619
2010-03-31,GOOG,USD,1652044,2010-03-31,2010-03-30 20:00:00,2010,Q1,6775000000.0,2452000000.0,4323000000.0,0.6380811808,818000000,410000000.0,607000000.0,1017000000.0,0.0,1835000000.0,4287000000.0,95000000.0,0.0,331000000.0,2819000000.0,0.4160885609,2488000000.0,0.3672324723,18000000.0,2506000000.0,0.3698892989,551000000.0,1955000000.0,0.2885608856,0.15,0.15,12715794913,12904314838,,,0.5328019244061238,0.1537457951607339,0.2032118336037526,0.1844163118424148,2.085123280251508,3.0106651028840794,2.545731526929983,3.0106651028840794,0.0,180437129815.47,171245129815.47,23.07380176668414,26.63278668863025,69.82861060970201,76.94547113666098,4.7132442550340885,4.7132442550340885,25.276033921102584,60.74676474475701,66.27133506790635,73.02564171235394,0.0108347988133004,0.0129962164793808,0.0,0.0,-3.260730755587088,10.654346338124572,0.0,1.3217391304347823,0.0,0.0,0.0605166051660516,0.1207380073800738,0.1379020783280072,0.0924922600619195,0.0352767527675276,0.7220543806646526,0.0429520295202952,3.227186817434911,0.0485858895470815,0.0528964528261046,1.9219010818596391,28210000000.0,32371000000.0,26544000000.0,38895000000.0,3142500000.0,272500000.0,521703000.0,40.96826568265683,12.075856443719411,14.645187601957586,2.196822308690013,7.452887537993921,6.145363408521304,0.0510670532612386,0.0187955217613378,2010-05-05,,amc,,2025-04-25,2010-03-31,,13.907377049180328,148034436.73770493
2009-12-31,GOOG,USD,1652044,2009-12-31,2009-12-30 19:00:00,2009,Q4,6673863000.0,2408400000.0,4265463000.0,0.6391295416,736234000,465059000.0,583149000.0,1048208000.0,38000.0,1784480000.0,4192880000.0,66862000.0,0.0,365506000.0,2846527000.0,0.4265186444,2480983000.0,0.3717461686,87688000.0,2568671000.0,0.3848851857,594571000.0,1974100000.0,0.2957957033,0.16,0.15,12689474924,12886514845,,,0.5259368917919145,0.1555698728137539,0.2152595766459784,0.197815434841392,1.9295341333384235,2.837329693753056,2.3899114172677174,2.837329693753056,0.0,196813756071.24,186616168071.24,24.92449167611063,29.490230181716345,72.05254345319163,78.40641966303531,5.46640738795648,5.46640738795648,27.96224136923997,65.55924748693407,68.31925688240038,74.34391722296542,0.0100302948300292,0.0127540576944804,0.0,0.0,-3.582466633901593,10.615944795697272,0.0,1.3836842105263158,0.0,0.0,0.0696836300055904,0.1103160193728879,0.1401964126627555,0.0810377037639331,0.0331677470754194,0.6056179652317609,0.0413514631630886,3.1514390269726995,0.0505097739681372,0.0566956089694572,1.7900798997630771,26419491000.0,30326721000.0,24674404000.0,36941604000.0,3040302000.0,204371500.0,653926000.0,43.166903486032005,8.071748878923767,24.08094170403588,2.0849306466729147,11.15,3.737395368758205,0.0548296777622536,0.0174441418045864,2010-02-12,,amc,,2025-04-25,2009-12-31,,14.08234375,100814591.71875
2009-09-30,GOOG,USD,1652044,2009-09-30,2009-09-29 20:00:00,2009,Q3,5945000000.0,2226000000.0,3719000000.0,0.625567704,758000000,389000000.0,498000000.0,887000000.0,0.0,1645000000.0,3871000000.0,47000000.0,0.0,379000000.0,2453000000.0,0.4126156434,2074000000.0,0.3488645921,-7000000.0,2067000000.0,0.347687132,428000000.0,1639000000.0,0.2756938604,0.13,0.13,12659874936,12789834884,,,0.4695938964684887,0.1294641541315144,0.2153246389700354,0.2006057731880267,1.737330827610002,2.6636718901628176,2.2156054575419386,2.6636718901628176,0.0,157109047955.76,145021932955.76,23.96416228733374,26.427089647730867,57.63390599125527,61.86262639793609,4.658982228941657,4.658982228941657,24.39393321375273,59.120233573485535,53.19986696753429,57.10325264318936,0.0104322444908553,0.0161648487661584,0.0,0.0,-4.927482674276396,11.350606906615372,0.0,1.6632242712671028,0.0,0.0,0.0654331370899915,0.1275021026072329,0.1504519088678851,0.0683566258483636,0.031343818334735,0.492149182696244,0.0534107653490328,2.785520711327772,0.0464810846557436,0.0511701703195528,1.619662524603,24031770000.0,28049288000.0,22372452000.0,34621726000.0,2863679500.0,207328500.0,619711000.0,43.59366862910009,7.792843665768195,26.823962264150943,2.06451998260872,11.5490575533223,3.3552090147502587,0.0486036416908693,0.0147188657820087,2009-11-03,,amc,,2025-04-25,2009-09-30,,11.3290625,108427018.46875
2009-06-30,GOOG,USD,1652044,2009-06-30,2009-06-29 20:00:00,2009,Q2,5523000000.0,2108000000.0,3415000000.0,0.618323375,708000000,364000000.0,469000000.0,833000000.0,0.0,1541000000.0,3649000000.0,50000000.0,0.0,377000000.0,2251000000.0,0.4075683505,1874000000.0,0.3393083469,-18000000.0,1856000000.0,0.3360492486,371000000.0,1485000000.0,0.2688756111,0.12,0.12,12636034945,12741434903,,,0.4370833116590435,0.1175210425156037,0.1273478592773866,0.1163129895095427,1.5308604387529257,2.500377384006989,2.049816822503256,2.500377384006989,0.0,133310168669.75002,121398817669.75002,22.44278933834175,24.137274790829263,82.84395246111043,90.70354088985432,4.219363071942787,4.219363071942787,21.980593458220177,53.93106071512662,75.44179097681915,82.59912002486844,0.0111394353095359,0.0110249279155964,0.0,0.0,-5.291581963571746,11.911696973755625,0.0,1.0839496276636948,0.0,0.0,0.0659062103929024,0.1281912004345464,0.1619311659455566,0.0866513958731571,0.0252466051059206,0.3699016068145703,0.0530635524171645,2.571294718453359,0.045220190425648,0.0503979897005514,1.4406343706103133,21833891000.0,25901557000.0,20270949000.0,32533090000.0,2695430000.0,209067000.0,505439500.0,46.40556762629007,9.474506641366224,24.59100569259962,1.9394224573392025,9.499175356219077,3.659874717002097,0.0470013219873513,0.0110348697678439,2009-08-04,,amc,,2025-04-25,2009-06-30,,9.983968253968252,137229401.0952381
2009-03-31,GOOG,USD,1652044,2009-03-31,2009-03-30 20:00:00,2009,Q1,5509000000.0,2102000000.0,3407000000.0,0.6184425486,642000000,447000000.0,434000000.0,881000000.0,0.0,1523000000.0,3625000000.0,66000000.0,0.0,403000000.0,2287000000.0,0.4151388637,1884000000.0,0.3419858414,6000000.0,1890000000.0,0.3430749682,467000000.0,1423000000.0,0.2583045925,0.11,0.11,12610074955,12688834924,,,0.4368728988256835,0.1128462760989195,0.1783900577932766,0.1575531475498672,1.410374883850165,2.36700377329359,1.9117599289480192,2.36700377329359,0.0,109833752858.05002,99407461858.05002,19.296161781105063,19.937148821573796,48.82559099842545,55.28293236568439,3.6797575476106608,3.6797575476106608,18.044556518070436,43.46631476084391,44.19067862631985,50.03503793269636,0.0129559444430447,0.0180887655051512,0.0,0.0,-4.558937909925667,10.110933240042604,0.0,1.581014711546301,0.0,0.0,0.0811399528045017,0.1165365765111635,0.1712963337333668,0.1168053337790596,0.0476955890361227,0.6516385514679258,0.0503690324922853,2.451513844522632,0.0452767281513968,0.0512379750089747,1.2882381197550938,19896948000.0,24107436000.0,18415868000.0,30759712000.0,2592648500.0,187112000.0,360504000.0,41.54646033762933,8.401427212178877,18.620965746907707,2.166249525678256,10.712465599836918,4.83326166984362,0.0476747343507181,0.0208369102434094,2009-05-06,,amc,,2025-04-25,2009-03-31,,8.267540983606557,220786636.1147541
2008-12-31,GOOG,USD,1652044,2008-12-31,2008-12-30 19:00:00,2008,Q4,5700950000.0,2190005000.0,3510945000.0,0.6158526211,733341000,411361000.0,505992000.0,917353000.0,46000.0,1650740000.0,3840745000.0,88447000.0,0.0,385510000.0,2245761000.0,0.3939275033,1860205000.0,0.3262973715,-1024858000.0,835347000.0,0.146527684,452905000.0,382442000.0,0.0670839071,0.0609,0.0602,12558354976,12700554919,,,0.4539567491837077,0.0304531923751858,0.1689949841405088,0.1397042051568777,1.2617712296142696,2.24861154617517,1.7838576822213248,2.24861154617517,0.0,96699333315.2,88042661315.2,63.21176368913456,16.96196832373552,45.5634824853614,55.11645115731096,3.4243353473380056,3.4243353473380056,15.443507014655452,39.20393190335035,41.484569947589854,50.1823422744955,0.0039549600487254,0.0181434032671269,0.0,0.0,-3.854671979787698,8.765157747959464,0.0,5.549335585526694,0.0,0.0,0.072156570396162,0.1286348766433664,0.1837264569297467,0.1733233630134114,0.064523281207518,0.9541749889756428,0.0501972478271165,1.2412660874432084,0.028903196591962,0.014748430172329,1.149971833699503,17876092000.0,22402318000.0,16649469000.0,28946479000.0,2591842000.0,209355000.0,198753000.0,41.7118690744525,7.315216175305536,11.75771288193406,2.157659246564973,12.30312240174378,7.654549903007637,0.0135431094921601,0.0292907789836311,2009-02-13,,amc,,2025-04-25,2008-12-31,,8.03765625,295061834.171875
2008-09-30,GOOG,USD,1652044,2008-09-30,2008-09-29 20:00:00,2008,Q3,5541400000.0,2173390000.0,3368010000.0,0.6077904501,704571000,507064000.0,508801000.0,1015865000.0,9000.0,1720445000.0,3893835000.0,90996000.0,0.0,386246000.0,2033820000.0,0.367022774,1647565000.0,0.2973192695,21217000.0,1668782000.0,0.3011480853,378844000.0,1289938000.0,0.2327819685,0.1,0.1,12569634972,12711034915,,,0.4408560799374023,0.1026233460934588,0.1738282778192995,0.1379081416335023,1.146621125601928,2.185812242058162,1.7188644736405,2.185812242058162,0.0,125947742419.44,117577273419.44,24.40965039006526,22.72850586845201,57.643095391051,72.65705912148859,4.584108281215024,4.584108281215024,21.21797260970873,57.81105182338653,53.812143491746745,67.8282813337756,0.0102418509075308,0.0137632875881738,0.0,0.0,-4.115639043769852,8.075815647061944,0.0,1.6938459880661023,0.0,0.0,0.0915046739091204,0.127146749918793,0.1905205944602024,0.2066415006604245,0.0814781463168152,1.168951911476106,0.0505357851806402,2.246574223071923,0.0445562448708368,0.051726606850993,1.0376050322107957,15738574000.0,21605499000.0,14630739000.0,26821104000.0,2591696500.0,339993500.0,102901500.0,41.27734507525174,9.9676266109626,4.613111314582289,2.1803727888972304,9.0292306797504,19.50960942899973,0.0469497535601816,0.0359201361857972,2008-11-07,,amc,,2025-04-25,2008-09-30,,11.86921875,192580957.65625
2008-06-30,GOOG,USD,1652044,2008-06-30,2008-06-29 20:00:00,2008,Q2,5367200000.0,2147575000.0,3219625000.0,0.5998705098,682210000,474910000.0,484552000.0,959462000.0,-12000.0,1641660000.0,3789235000.0,88086000.0,0.0,391607000.0,1969560000.0,0.3669622895,1577965000.0,0.2940015278,57923000.0,1635888000.0,0.3047935609,388497000.0,1247391000.0,0.2324100089,0.0993,0.098,12552674978,12720914911,,,0.4275742030608322,0.0993725243572541,0.1406994129215794,0.0851322130042328,1.014418761125992,2.0643420661664167,1.5869301989346865,2.0643420661664167,0.0,165318729460.26,157955193460.26,33.13290088277453,30.80167116192056,93.60380208082648,154.7005479505763,6.379756638131842,6.379756638131842,29.429720051471904,80.19821354021204,89.43455296664958,147.80996115637024,0.0075453701106495,0.0064641012152037,0.0,0.0,-3.738670566014744,6.956611660978505,0.0,1.415878421441232,0.0,0.0,0.088483753167387,0.1271072440005962,0.2053749126193043,0.394935549221642,0.1299591966015799,1.7811658116427949,0.0508227753763601,2.148400533109714,0.0448390708187015,0.0537970215193951,0.9157828725866975,13971322000.0,19920219000.0,13050066000.0,25101828000.0,2601405000.0,398701500.0,83062000.0,44.30076948874646,18.40927092185372,3.956173823964239,2.031567420580862,4.888841083497806,22.749253193788267,0.0481376250505778,0.0555671999173465,2008-08-07,,amc,,2025-04-25,2008-06-30,,13.5125,214213739.890625
2008-03-31,GOOG,USD,1652044,2008-03-31,2008-03-30 20:00:00,2008,Q1,5186000000.0,2110536000.0,3075464000.0,0.5930320093,673069000,409305000.0,446898000.0,856203000.0,-43000.0,1529229000.0,3639765000.0,122003000.0,387000.0,336524000.0,1882716000.0,0.3630381797,1546235000.0,0.2981556113,167343000.0,1713578000.0,0.3304238334,406492000.0,1307086000.0,0.2520412649,0.1,0.1,12525154989,12695674921,,,0.4140467726391022,0.1043568723219733,0.1420697789019591,0.0748772371139239,0.9688110055849146,1.9430925223180089,1.4644261101845597,1.9430925223180089,3.089782125170316e-05,138027207978.78,131507458978.78,26.399794653676192,26.61535055510605,77.5675170692339,147.17423378260253,5.671371730077841,5.671371730077841,25.35816794808716,69.84986528970911,73.90359638830287,140.22242277677964,0.0094697706281282,0.0067946676146936,0.0,0.0,-3.4629487400117704,6.285343683638322,3995.439276485788,1.3613840252286384,0.0,0.0,0.0789249903586579,0.1297857693790975,0.2171843836014818,0.4729545038174803,0.1622824913227921,2.500852836647609,0.0541417277284998,2.135986612991695,0.0469064601708006,0.0604863271254628,0.8641492867358243,13004456000.0,18342164000.0,12197484000.0,23741551000.0,2434341500.0,320114000.0,35861000.0,44.44307944465869,15.27146658479173,3.058455292873469,2.025062194712893,5.893343609161124,29.426619447310447,0.053706589430688,0.0671925417880352,2008-05-12,,amc,,2025-04-25,2008-03-31,,12.955737704918032,316322472.6721311
2007-12-31,GOOG,USD,1652044,2007-12-31,2007-12-30 19:00:00,2007,Q4,4826686000.0,1955824000.0,2870862000.0,0.5947894684,630783000,377048000.0,422290000.0,799338000.0,7000.0,1430128000.0,3385952000.0,144631000.0,171000.0,289936000.0,1898134000.0,0.3932582314,1440734000.0,0.2984934176,167293000.0,1608027000.0,0.3331534307,401578000.0,1206449000.0,0.2499539021,0.19,0.19,12432235027,12648394940,,,0.3882396037009862,0.0970420039019424,0.1361981973734126,0.0816457376968473,1.143689205450218,1.8250683767418447,1.6041938522467414,1.8250683767418447,1.375456622470752e-05,215077665967.1,208996072967.1,44.568329445981554,44.56011142367662,127.02077071232333,211.89103666666995,9.479096904240029,9.479096904240029,43.30011792088816,110.10606889034176,123.42909778549864,205.8995496400631,0.0056093643873955,0.0047194068032859,0.0,0.0,-3.203985071654583,8.493378371607024,8425.345029239767,1.4034973712108842,0.0,0.0,0.0781173666569567,0.1306865621670852,0.1083827370639008,0.4005373105416336,0.1405123515389233,2.339167954307157,0.0508216196371589,1.9962305934146525,0.0463916386519278,0.0534067037742008,1.070066361447335,15253536000.0,19943715000.0,14643011000.0,22038761000.0,2097817000.0,256994500.0,43981500.0,43.03152514996832,12.981505493336824,0.0,2.091489894591065,6.9329401005295885,0.0,0.0531717085993151,0.0545524596765652,2008-02-15,,amc,,2025-04-25,2007-12-31,,16.626875,258615923.59375
2007-09-30,GOOG,USD,1652044,2007-09-30,2007-09-29 20:00:00,2007,Q3,4231400000.0,1662579000.0,2568821000.0,0.6070853618,548712000,321398000.0,380820000.0,702218000.0,49000.0,1250979000.0,2913558000.0,146114000.0,446000.0,249375000.0,1567266000.0,0.3703894692,1317842000.0,0.3114434939,154428000.0,1472270000.0,0.3479392163,402281000.0,1069989000.0,0.2528687905,0.086,0.0845,12448835020,12663034934,,,0.3399032916093702,0.0859509342264542,0.1311482558309299,0.0867553468469052,1.0512907415813757,1.6898586065445342,1.4679383227941598,1.6898586065445342,3.5826645568317606e-05,181504014591.6,176397610591.6,42.407916013996406,42.8945537154606,111.171894034152,168.0588059399835,8.627940789563189,8.627940789563189,41.68776541844307,112.5511627200488,108.04420230975174,163.33066722185032,0.0058951258042835,0.0059502981376478,0.0,0.0,-3.2581603888554973,8.825967497014306,2954.80269058296,1.5258502657503956,0.0,0.0,0.0759554757290731,0.1296762300893321,0.1183621278756161,0.3384940859698048,0.1306045280521813,2.2161002506265666,0.0467826251358888,1.8077640426007289,0.0444270083703932,0.0519967415688239,0.983493032105425,13951094000.0,18274122000.0,13429882000.0,20302557000.0,1768270000.0,184183000.0,83015500.0,40.1539443210285,12.55246818346677,4.761680497588385,2.2413738306865976,7.169904650189967,18.90089014699362,0.0508627963863845,0.0443929089840247,2007-11-07,,amc,,2025-04-25,2007-09-30,,13.115396825396823,175095309.7142857
2007-06-30,GOOG,USD,1652044,2007-06-30,2007-06-29 20:00:00,2007,Q2,3872000000.0,1560255000.0,2311745000.0,0.5970415806,532106000,319405000.0,355604000.0,675009000.0,15000.0,1207130000.0,2767385000.0,137984000.0,244000.0,223355000.0,1327985000.0,0.3429713326,1104615000.0,0.2852827996,137130000.0,1241745000.0,0.3206986054,316625000.0,925120000.0,0.2389256198,0.0745,0.0733,12417435033,12618754952,,,0.3118196301981812,0.0745016984217307,0.0990483136598988,0.0527345621909645,1.006933796454033,1.5832261612606418,1.417112709125136,1.5832261612606418,1.9649790745959767e-05,162420050231.64,157926398231.64,43.891616825828,41.94732702263431,132.05676620515382,248.0346751080284,8.261611840461926,8.261611840461926,40.78677640279959,118.92182383960665,128.40317078559198,241.1723356845462,0.0056958485031904,0.0040316943571073,0.0,0.0,-3.3838123171571968,11.262567702272976,4527.110655737705,1.3294772570044968,0.0,0.0,0.0824909607438016,0.1374240702479338,0.0962805298852192,0.467587480872833,0.1485273760330578,2.574815876071725,0.0623770661157024,1.6290928012215211,0.0409335306386122,0.0477822066855215,0.9675751850579464,13538328000.0,17596905000.0,13093246000.0,18820311000.0,1562885000.0,159155500.0,64663500.0,38.32159090909091,7.872732341828739,4.503186979051501,2.348545503069122,11.431863308983536,19.985845673003023,0.0470568894354353,0.0463137514689343,2007-08-08,,amc,,2025-04-25,2007-06-30,,12.125555555555556,204948567.0634921
2007-03-31,GOOG,USD,1652044,2007-03-31,2007-03-30 20:00:00,2007,Q1,3664000000.0,1470426000.0,2193574000.0,0.5986828603,408384000,261400000.0,302552000.0,563952000.0,29000.0,972365000.0,2442791000.0,130475000.0,342000.0,204992000.0,1557271000.0,0.4250193777,1221209000.0,0.3332993996,130728000.0,1351937000.0,0.3689784389,349775000.0,1002162000.0,0.2735158297,0.081,0.0795,12372595050,12594794962,,,0.2961383594301019,0.08099852908384,0.0985721261442238,0.0503289728212675,0.9647061874865128,1.4853157260650829,1.3279443749353133,1.4853157260650829,2.7641735514490955e-05,141913665223.5,137832325223.5,35.401877446834945,38.73189553043122,116.36149537058677,227.9005383386864,7.722263892261122,7.722263892261122,37.61799269200328,88.50888844876711,113.0150183081569,221.34627464830572,0.0070617723699947,0.0043878790602674,0.0,0.0,-2.6208283593542805,11.225527423301097,3570.7865497076023,1.2169619283109916,0.0,0.0,0.0713427947598253,0.1114585152838427,0.0972795099462724,0.4894198310419951,0.1629074781659388,2.9117868014361536,0.0501817685589519,1.6452777131287806,0.0482518003598505,0.0554650658117793,0.9239078749287928,12826421000.0,16430118000.0,12442546000.0,17600230000.0,1399715000.0,196498500.0,25629500.0,36.28223253275109,11.129101362462308,3.137396917627953,2.4805529791685004,8.086906307059419,28.686201447550676,0.0545328697881778,0.0482431533229562,2007-05-09,,amc,,2025-04-25,2007-03-31,,11.698852459016392,234724124.7540984
2006-12-31,GOOG,USD,1652044,2006-12-31,2006-12-30 19:00:00,2006,Q4,3205498000.0,1283148000.0,1922350000.0,0.5997040086,386806000,0.0,0.0,474950000.0,0.0,861756000.0,2144904000.0,0.0,0.0,189250000.0,912734000.0,0.2847401558,1060594000.0,0.3308671539,124140000.0,1184734000.0,0.3695943657,154017000.0,1030717000.0,0.3215466052,0.17,0.17,12056115177,12381915047,,,0.265881501042332,0.0854932940559779,0.0755462258470757,0.0451352688665509,0.932631601052595,1.4133773400330214,1.2564478505396417,1.4133773400330214,0.0,138886446839.04,135341775839.04,33.68685265670402,43.327572451781286,152.4894178475484,255.2327767019752,8.150689609705255,8.150689609705255,42.221762683689086,148.2817292212627,148.59757073393106,248.71870536948964,0.0074212928868036,0.0039179920891103,0.0,0.0,-3.883575061299349,9.995383213231468,0.0,0.8836508954446274,0.0,0.0,0.0,0.1206695496300418,0.1024156364484169,0.402547667200267,0.1143778595400777,1.937321003963012,0.0,1.6488697347664336,0.0537438435030712,0.0621610695990463,0.8959899471272279,11735260000.0,15147880000.0,11606336000.0,16022459000.0,1176697500.0,209258500.0,25766000.0,37.12702363252137,14.811393541508853,0.0,2.424110289335572,6.076403259948193,0.0,0.0604886548230499,0.0304109569805248,2007-03-01,,amc,,2025-04-25,2006-12-31,,11.606825396825396,234920744.57142857
2006-09-30,GOOG,USD,1652044,2006-09-30,2006-09-29 20:00:00,2006,Q3,2689700000.0,1048728000.0,1640972000.0,0.6100948061,312632000,190010000.0,206972000.0,396982000.0,27000.0,709641000.0,1758369000.0,108230000.0,21000.0,145310000.0,1184842000.0,0.4405108376,931331000.0,0.3462583188,108180000.0,1039511000.0,0.3864784177,306150000.0,733361000.0,0.2726553147,0.0605,0.059,12135995145,12422955030,,,0.2216299502318233,0.0604285838316392,0.0827558010694968,0.057729752824485,0.859320960118924,1.1863128509845824,1.1439141029748656,1.1863128509845824,1.7303896177522738e-06,122088111158.7,119049770158.7,41.61937680034117,45.3909771196416,121.56247501672767,174.26022991273297,8.480056497449796,8.480056497449796,44.26135634409042,100.47733804059952,118.53721524000224,169.92350952130153,0.0060068174782941,0.0057385440183384,0.0,0.0,-2.5643427562493564,9.751467665312278,44349.09523809524,1.3694810604872634,0.0,0.0,0.0706435661969736,0.1162330371416886,0.0327880834234783,0.3024083861383378,0.1129181693125627,2.090124561282775,0.0,1.270024458520835,0.0453846150371771,0.0483151994563954,0.8183611752755031,10642196000.0,13882536000.0,10562098000.0,13331061000.0,958071500.0,193394500.0,25766000.0,34.5001115366026,17.79424216765453,4.4223859761539694,2.6086872184316063,5.057815845824411,20.351005200652025,0.0509381515858034,0.0250260482450118,2006-11-08,,amc,,2025-04-25,2006-09-30,,9.75952380952381,226907838.2380952
2006-06-30,GOOG,USD,1652044,2006-06-30,2006-06-29 20:00:00,2006,Q2,2456000000.0,989032000.0,1466968000.0,0.5972996743,282552000,172638000.0,196397000.0,369035000.0,9000.0,651596000.0,1640628000.0,103187000.0,177000.0,126221000.0,1102575000.0,0.4489311889,815372000.0,0.3319918567,160805000.0,976177000.0,0.3974662052,255100000.0,721077000.0,0.293598127,0.0598,0.0583,12056395177,12401515039,,,0.2037093147614565,0.0598086732737161,0.0697211718477499,-0.0038917105246773,0.8146408487618869,1.1078774213938491,1.069292256162416,1.1078774213938491,1.4681005176212465e-05,126471585406.73,122455663406.73,43.8481554004392,51.49494519817996,150.4564499131915,-2695.472834755541,9.46855653651851,9.46855653651851,49.85979780404316,111.06334118470852,145.67892328295974,-2609.8819992909207,0.0057014941157022,-0.0003709924237061,0.0,0.0,-3.6423118608711422,11.313451602672314,4606.6214689265535,1.1657368075808825,0.0,0.0,0.0702923452768729,0.1150456026058631,0.0323143794188471,1.0558182030155154,0.3613623778501628,7.031365620617805,0.0,1.2210099390578757,0.0448851246570977,0.0517613192285759,0.7835219285131765,10080677000.0,12891810000.0,10019109000.0,12345641000.0,864733000.0,162676000.0,0.0,32.43400651465798,16.328784104053256,0.0,2.7748653241259627,5.51173923462308,0.0,0.0539849193771539,0.0736128823724272,2006-08-09,,amc,,2025-04-25,2006-06-30,,9.869841269841269,320966760.1746032
2006-03-31,GOOG,USD,1652044,2006-03-31,2006-03-30 19:00:00,2006,Q1,2253800000.0,904119000.0,1349681000.0,0.5988468365,246599000,169395000.0,190943000.0,360338000.0,45000.0,606982000.0,1511101000.0,78924000.0,8000.0,111158000.0,921784000.0,0.4089910374,742699000.0,0.3295319017,67919000.0,810618000.0,0.3596672287,218327000.0,592291000.0,0.2627966102,0.0505,0.0488,11755835297,12164915134,,,0.1917175549894912,0.0503827235612213,0.0701612415589459,0.0408193878084067,0.7170080038592429,0.871334766200238,0.8305568046272025,0.871334766200238,6.80513106715738e-07,114736952498.72,111801773498.72,48.42929932192115,50.90822277873813,139.10814266021987,239.1020670327133,11.201205757646877,11.201205757646877,49.605898260147306,121.2884726776772,135.54950448678716,232.98540321406392,0.0051621642993054,0.0041823143246318,0.0,0.0,-3.184237305051943,9.750737737035012,92837.375,1.3925654787933637,0.0,0.0,0.0751597302333836,0.1094147661726861,0.0424421883563068,0.4182060222792324,0.1530472978968852,3.103132478094244,0.0,0.9938586014780127,0.052610082294677,0.0547632095482304,0.6814241011052845,8575933000.0,9763889000.0,8504355000.0,10264993000.0,766177000.0,130743000.0,0.0,33.71817375099831,14.524625630033215,0.0,2.669183706823248,6.196373131566503,0.0,0.0578224644712995,0.0293418537505391,2006-05-10,,amc,,2025-04-25,2006-03-31,,9.720967741935484,584977418.9354838
2005-12-31,GOOG,USD,1652044,2005-12-31,2005-12-30 19:00:00,2005,Q4,1919092000.0,775381000.0,1143711000.0,0.5959646541,157072000,0.0,0.0,327000000.0,90000000.0,574072000.0,1349453000.0,0.0,0.0,94725000.0,664364000.0,0.3461866341,569639000.0,0.2968273538,70194000.0,639833000.0,0.3334040265,267625000.0,372208000.0,0.1939500555,0.0675,0.0638,11033755586,11033755586,,,0.1739291744358564,0.033733573043096,0.0596745138015784,0.0373946111805779,0.7281516195803832,0.8536492336255018,0.8284825532657942,0.8536492336255018,0.0,114530382982.68,110653208982.68,76.92633083026158,59.679464550256064,173.94360404031386,277.5801023809328,12.159561083321648,12.159561083321648,57.65914765038883,166.5550947713603,168.0551262278072,268.1832390522609,0.0032498625282366,0.0036025636975508,0.0,0.0,-5.835918261675828,12.07575021733764,0.0,1.7689947556205132,0.0,0.0,0.0,0.0818470401627436,0.0270334944765836,0.3733570866632039,0.1280975586371054,2.5952071786751123,0.0,0.8049374959914581,0.0347847309205181,0.0372426614422666,0.6976204013225276,8255687000.0,9141274000.0,8148215000.0,9495119000.0,614895500.0,101460500.0,0.0,32.264133246347754,13.41501790732556,0.0,2.78947521425166,6.708898983344149,0.0,0.0395169019244912,0.0222799026210004,2006-03-16,,amc,,2025-04-25,2005-12-31,,9.469206349206347,384553669.7936508
2005-09-30,GOOG,USD,1652044,2005-09-30,2005-09-29 20:00:00,2005,Q3,1578456000.0,655154000.0,923302000.0,0.5849399667,177793000,104851000.0,111487000.0,216338000.0,0.0,394131000.0,1049285000.0,25351000.0,388000.0,75965000.0,626321000.0,0.3967934488,529171000.0,0.3352459619,20797000.0,549968000.0,0.3484214954,168786000.0,381182000.0,0.2414904185,0.0348,0.033,11005195597,11586915365,,,0.1434282549626182,0.0346365493134815,0.0587674243769281,0.032186161243382,0.6933222524531928,0.7989924324831607,0.7782201528825767,0.7989924324831607,3.616473660027398e-05,87161149128.24,81642590128.24,57.16504788279615,55.219245343702966,134.76854029201527,246.0684870156261,9.912484371579977,9.912484371579977,51.72306996725915,130.35263088454644,126.23574617004796,230.48879953768196,0.0043733016809951,0.0040639092479017,1.13725948667746e-06,1.05808897914623e-06,-8.811071319658769,14.973144496363298,1363.8427835051546,1.6966881961897466,0.0,0.0,0.0664263051995114,0.1126372860567542,0.0241882314899765,0.4523128827810566,0.1853279407218193,3.850878694135457,0.0,0.789096108055308,0.0412508049102791,0.0413322001501128,0.6704628904561577,7822837000.0,8564465000.0,7724752000.0,8854518000.0,516909500.0,96459000.0,0.0,30.89306892304885,11.998919338048765,0.0,2.913274826278342,7.500675474549493,0.0,0.0433502845650687,0.0265812631335461,2005-11-14,,amc,,2025-04-25,2005-09-30,,7.375,325010043.328125
2005-06-30,GOOG,USD,1652044,2005-06-30,2005-06-29 20:00:00,2005,Q2,1384495000.0,597095000.0,787400000.0,0.5687272255,95772000,0.0,0.0,215930000.0,0.0,311702000.0,908797000.0,0.0,0.0,66929000.0,542627000.0,0.391931354,475698000.0,0.3435895399,19722000.0,495420000.0,0.3578344451,152606000.0,342814000.0,0.2476094172,0.0318,0.0298,10829155668,11489515404,,,0.1278488408926619,0.0316565769770038,0.0576793813986569,0.0431387279232155,0.2722250090753797,0.3651122138435585,0.3451102851022383,0.3651122138435585,2.6871901090119225e-05,79702585716.48001,78949404716.48001,58.12378266091817,57.56798378938169,127.60192327879876,170.61235586502156,20.15818622587514,20.15818622587514,57.02397243506117,145.49479608733074,126.3960986080795,169.00008715820843,0.0043011653501363,0.0058612402069586,7.35990198937392e-05,6.469947649007786e-05,-1.3880271346615631,8.138836229007293,0.0,1.8220346893650785,0.0,0.0,0.0,0.0691746810208776,0.0481586440056935,0.252094476793053,0.1137331662447318,2.352687175962587,0.0,0.5099603566088404,0.0812830571850699,0.0800758867902139,0.2560780438492077,3200840000.0,3737253000.0,3105349000.0,3994041000.0,466968000.0,90508000.0,0.0,31.98304074770945,15.912844689705992,0.0,2.813991349663824,5.655808358276816,0.0,0.0867036921163309,0.0145406534754413,2005-08-15,,amc,,2025-04-25,2005-06-30,,6.049375,545450347.1875
2005-03-31,GOOG,USD,1652044,2005-03-31,2005-03-30 19:00:00,2005,Q1,1256516000.0,546781000.0,709735000.0,0.5648435834,108711000,0.0,0.0,158254000.0,0.0,266965000.0,813746000.0,0.0,0.0,56193000.0,498963000.0,0.3971003951,442770000.0,0.3523791181,13686000.0,456456000.0,0.3632711402,87263000.0,369193000.0,0.2938227607,0.0348,0.0323,10644235742,11464475414,,,0.1180466151310462,0.0346847823506237,0.0497566958152024,0.0363794084785312,0.2355545349401375,0.3219453310751373,0.304447503658079,0.3219453310751373,0.0001230713065505,48111945553.84,47630683553.84,32.5791290421541,38.289958547157376,90.84204499405236,124.24611034199224,14.03965072239267,14.03965072239267,37.90694551747848,95.45934979916346,89.93335540034212,123.0032811263561,0.0076736244138548,0.00804854169879,0.0003822739287429,0.0003389217476254,-0.9645244236546596,8.03012752715291,0.0,1.4345396581191951,0.0,0.0,0.0,0.0865178000120969,0.0481866522267029,0.2688540128620034,0.1133220746890608,2.533963305037994,0.0,0.5012470290043268,0.103111073616835,0.1003528726146713,0.2255126679061107,2765146000.0,3240611000.0,2720137000.0,3426226000.0,412138500.0,54058000.0,0.0,31.654097520445426,12.418061344487098,0.0,2.843233800675217,7.247508085467366,0.0,0.1077350065453467,0.0133772873366712,2005-05-16,,amc,,2025-04-25,2005-03-31,,4.714754098360656,462529626.8852459
2004-12-31,GOOG,USD,1652044,2004-12-31,2004-12-30 19:00:00,2004,Q4,1031501000.0,453779000.0,577722000.0,0.5600789529,87442000,0.0,0.0,187481000.0,0.0,274923000.0,728702000.0,0.0,0.0,52460000.0,366163000.0,0.3549807514,302799000.0,0.293551824,7374000.0,310173000.0,0.3007006295,106073000.0,204100000.0,0.1978669919,0.0528,0.0374,10926051334,10926051334,,,0.0944074824900507,0.0186801245720744,0.0336898472053252,0.0282825872361035,0.1951571464216589,0.2680800144957473,0.2503346283472623,0.2680800144957473,0.0001740793578446,52663567429.880005,52238596429.880005,64.50706446580108,51.05527520562753,143.06980885440524,170.42288103851894,17.97970657777796,17.97970657777796,50.64328239127253,142.6648690060984,141.91530066770446,169.04764601908636,0.0038755445170278,0.0058677566879882,0.000649355969978,0.0005740412048104,-1.160606068881891,7.913390800545292,0.0,1.8035129838314552,0.0,0.0,0.0,0.0847716095282505,0.0585168912077229,0.1605011722453592,0.0572757563977155,1.1261913839115516,0.0,0.3356706443620618,0.0669338321521048,0.065427906845535,0.1862302022751964,2353097000.0,2735169000.0,2309170000.0,2925900000.0,365236000.0,41114500.0,0.0,33.36017124559259,6.479982546570026,0.0,2.69782787796362,13.888926297747307,0.0,0.0696811532452776,0.0054072599692217,2005-03-30,,amc,,2025-04-25,2004-12-31,,4.25890625,426595701.984375
2004-09-30,GOOG,USD,1652044,2004-09-30,2004-09-29 20:00:00,2004,Q3,805887000.0,362099000.0,443788000.0,0.5506826639,57409000,0.0,0.0,174267000.0,201000000.0,432676000.0,794775000.0,0.0,0.0,41326000.0,52438000.0,0.0650686759,11112000.0,0.0137885336,3866000.0,14978000.0,0.0185857322,-37005000.0,51983000.0,0.0645040806,0.0048,0.0048,10926051334,10926051334,,,0.0737583025527454,0.0047577114925533,0.0218141936838899,0.0147089735428841,0.1700848681002545,0.2369587073001756,0.2236441991075126,0.2369587073001756,0.0002827187888443,35400406322.16,35059026322.16,170.24991979185504,43.92725819148343,148.5271492016128,220.2736982668268,13.67326838045085,13.67326838045085,43.5036504152071,668.58053934475,147.0948436587607,218.1495126168091,0.0014684294730103,0.0045398066490383,0.0011931141592793,0.0010694065261147,-6.510164384606583,8.599158377964805,0.0,4.585018179020064,0.0,0.0,0.0,0.0712370344725749,0.0503631966288595,0.3257154604918122,0.096331123346077,1.8785268354062816,0.0,0.1592673105571553,0.0147361401453981,0.0189508512990864,0.1665703550501001,2085741000.0,2443548000.0,2060716000.0,2593825000.0,292180500.0,55693500.0,0.0,38.878192600203256,12.317432525359088,0.0,2.314922427734706,7.306717517202413,0.0,0.0200782302822338,0.0071052201410057,2004-11-15,,amc,,2025-04-25,2004-09-30,,2.7606666666666664,231831717.26666668
2004-06-30,GOOG,USD,1652044,2004-06-30,2004-06-29 20:00:00,2004,Q2,700212000.0,326377000.0,373835000.0,0.5338883081,45762000,0.0,0.0,157115000.0,-358296000.0,-155419000.0,170958000.0,0.0,0.0,0.0,529254000.0,0.7558482288,529254000.0,0.7558482288,-359794000.0,169460000.0,0.2420124191,90397000.0,79063000.0,0.1129129464,0.0073,0.0073,10838284095,10838284095,,,0.0646054295922199,0.0072947894064221,0.0150392809942301,0.0061817903473215,0.0506248955268781,0.0938339492751596,0.0842609394619305,0.0938339492751596,0.0003881610744952,27204093078.45,26953602078.45,86.02030367697279,38.851223741452586,166.89627655490796,406.0312399768656,26.74938036168177,26.74938036168177,38.49348779862384,50.92753588721105,165.35952195368097,402.2925683350746,0.0029062906001681,0.0024628646802078,0.0041366805670408,0.003167869206986,-0.4732907072974413,3.4959941646812576,0.0,2.0632911392405062,0.0,0.0,0.0,0.065354492639372,0.0781274707798515,0.588957055214724,0.1371013350242498,3.0,0.0,0.1241016729562571,0.2287394922437072,0.0645798669734624,0.0382753853251897,629632000.0,913244000.0,570866000.0,1054105000.0,208117000.0,49915000.0,0.0,30.363746979486216,17.04991466923221,0.0,2.964061058103406,5.278618793465955,0.0,0.0777414727054795,0.0088574906469085,2004-08-16,,amc,,2025-04-25,2004-06-30,,,
2004-03-31,GOOG,USD,1652044,2004-03-31,2004-03-30 19:00:00,2004,Q1,651623000.0,315398000.0,336225000.0,0.5159808662,35019000,0.0,0.0,0.0,145883000.0,180902000.0,496300000.0,0.0,0.0,0.0,301206000.0,0.4622396693,155323000.0,0.2383632867,300000.0,155623000.0,0.2388236757,91650000.0,63973000.0,0.0981748649,0.0047,0.0046,13750354499,13986214405,,,0.0473895418512584,0.0046524618695941,0.0151268827298326,0.00865432233101,0.0330900559715089,0.0538895197250288,0.0461806275646333,0.0539622451227684,0.0003636269886979,34513389792.49,34267389792.49,134.8748291954809,52.96527254638034,165.92975861774036,290.0284856511764,46.51400241575471,46.51400241575471,52.587753643579184,113.76728814329726,164.74706631004807,287.9612587604201,0.0018535704659737,0.0034479371836693,0.0067385444743935,0.0046339202965708,-0.81671679847015,2.3433333333333333,0.0,3.25,0.0,0.0,0.0,0.0537411969804626,0.098239110287303,0.4278846153846153,0.1365820420703382,3.869565217391304,0.0,0.075158425849707,0.0819636418091689,0.0657482014388489,0.0183268002303741,403000000.0,635000000.0,365000000.0,762000000.0,167500000.0,42000000.0,0.0,24.86100091617392,10.843442253914104,0.0,3.620127777777778,8.299947368421053,0.0,0.0862169811320754,0.0064725603988226,2004-03-30,,amc,,2025-04-25,2004-03-31,,,
2003-12-31,GOOG,USD,1652044,2003-12-31,2003-12-30 19:00:00,2003,Q4,512000000.0,254000000.0,258000000.0,0.50390625,85000000,87000000.0,0.0,87000000.0,0.0,172000000.0,426000000.0,0.0,0.0,13000000.0,102000000.0,0.19921875,86000000.0,0.16796875,3000000.0,89000000.0,0.173828125,62000000.0,27000000.0,0.052734375,0.0026,0.0026,10500000000,10500000000,,,0.0487619047619047,0.0025714285714285,0.0081904761904761,0.0027619047619047,0.0319047619047619,0.0573333333333333,0.0473333333333333,0.0574285714285714,0.0006666666666666,26355000000.0,26213000000.0,244.02777777777777,51.47460937499999,306.453488372093,908.7931034482756,43.70646766169154,43.70646766169154,51.19726562499999,256.9901960784313,304.8023255813953,903.8965517241378,0.0010244735344336,0.0011003604629102,0.011608623548922,0.0080367393800229,-1.392156862745098,2.382978723404255,0.0,3.185185185185185,0.0,0.0,0.169921875,0.166015625,0.1205510907003444,0.6627906976744186,0.111328125,4.384615384615385,0.0,0.0576424588408968,0.0410218359126563,0.0352480417754569,0.0173571428571428,325000000.0,497000000.0,291000000.0,618000000.0,,,,27.24609375,16.299212598425196,0.0,3.303225806451613,5.521739130434782,0.0,0.044776119402985,0.0054285714285714,2003-12-31,,,,,,,,
2003-09-30,GOOG,USD,1652044,2003-09-30,2003-09-29 20:00:00,2003,Q3,394000000.0,173000000.0,221000000.0,0.5609137056,77000000,77000000.0,0.0,77000000.0,0.0,154000000.0,327000000.0,0.0,0.0,19000000.0,86000000.0,0.2182741117,67000000.0,0.1700507614,0.0,67000000.0,0.1700507614,47000000.0,20000000.0,0.0507614213,0.0019,0.0019,10320000000,10320000000,,,0.0381782945736434,0.001937984496124,0.0127906976744186,0.0070736434108527,,,,,,25903200000.0,,323.79,65.74416243654821,196.2363636363636,354.8383561643835,0.0,0.0,,,,,0.0007721053769418,0.0028181846258377,0.0,0.0,,0.0,0.0,6.6,0.0,0.0,0.1954314720812182,0.1954314720812182,0.0,0.4469696969696969,0.149746192893401,3.1052631578947367,0.0,,0.0,0.0,,,,,,,,,,,,0.0,0.0,0.0,0.0,0.0057170542635658,2003-09-30,,,,,,,,
2003-06-30,GOOG,USD,1652044,2003-06-30,2003-06-29 20:00:00,2003,Q2,311199000.0,117401000.0,193798000.0,0.6227462171,17492000,0.0,0.0,0.0,71522000.0,89014000.0,206415000.0,0.0,0.0,0.0,176306000.0,0.5665378102,104784000.0,0.3367105935,766000.0,105550000.0,0.339172041,73382000.0,32168000.0,0.1033679414,0.0023,0.0023,13750354499,13986214405,,,0.0226320710511595,0.0023394305944868,0.0046544254553331,0.0023999381254061,,,,,,34513389792.49,,268.22766252556886,110.9045652218998,539.2717155076562,1045.8602967421211,0.0,0.0,,,,,0.0009320440615485,0.0009561506475721,0.0,0.0,,0.0,0.0,2.0,0.0,0.0,0.0,0.0562084068393535,0.0,0.484375,0.0996147159855912,2.8181818181818183,0.0,,0.0,0.0,,,,,,,,,,,,0.0,0.0,0.0,0.0,0.0022544873299269,2003-06-29,,amc,,2025-04-25,2003-06-30,,,
2003-03-31,GOOG,USD,1652044,2003-03-31,2003-03-30 19:00:00,2003,Q1,249000000.0,89000000.0,160000000.0,0.6425702811,32000000,43000000.0,0.0,43000000.0,0.0,75000000.0,164000000.0,0.0,0.0,7000000.0,92000000.0,0.3694779116,85000000.0,0.3413654618,0.0,85000000.0,0.3413654618,59000000.0,26000000.0,0.1044176707,0.0026,0.0026,9940000000,9940000000,,,0.0250503018108651,0.0026156941649899,0.0113682092555332,0.0083501006036217,,,,,,24949400000.0,,239.8980769230769,100.19839357429716,220.79115044247783,300.59518072289154,0.0,0.0,,,,,0.0010421092290796,0.0033267333082158,0.0,0.0,,0.0,0.0,4.346153846153846,0.0,0.0,0.1726907630522088,0.1285140562248996,0.0,0.2654867256637168,0.1204819277108433,4.285714285714286,0.0,,0.0,0.0,,,,,,,,,,,,0.0,0.0,0.0,0.0,0.0030181086519114,2003-03-31,,,,,,,,
2002-12-31,GOOG,USD,1652044,2002-12-31,2002-12-30 19:00:00,2002,Q4,188000000.0,66000000.0,122000000.0,0.6489361702,13000000,25000000.0,1000000.0,26000000.0,0.0,39000000.0,105000000.0,0.0,0.0,0.0,83000000.0,0.4414893617,83000000.0,0.4414893617,0.0,83000000.0,0.4414893617,38000000.0,45000000.0,0.2393617021,0.0048,0.0048,9440000000,9440000000,,,0.0199152542372881,0.0047669491525423,,,,,,,,23694400000.0,,131.63555555555553,126.03404255319148,0.0,0.0,0.0,0.0,,,0.0,0.0,0.0018991829292997,,0.0,0.0,,0.0,0.0,0.0,,,0.1329787234042553,0.0691489361702127,0.0,0.0,,0.0,,,0.0,0.0,,,,,,,,,,,,0.0,0.0,0.0,0.0,,2002-12-31,,,,,,,,
2002-09-30,GOOG,USD,1652044,2002-09-30,2002-09-29 20:00:00,2002,Q3,131000000.0,40000000.0,91000000.0,0.6946564885,12000000,22000000.0,0.0,22000000.0,0.0,34000000.0,74000000.0,0.0,0.0,-1000000.0,56000000.0,0.427480916,57000000.0,0.4351145038,-1000000.0,56000000.0,0.427480916,26000000.0,30000000.0,0.2290076336,0.0032,0.0032,9320000000,9320000000,,,0.0140557939914163,0.0032188841201716,,,,,,,,23393200000.0,,194.94333333333333,178.5740458015267,0.0,0.0,0.0,0.0,,,0.0,0.0,0.0012824239522596,,0.0,0.0,,0.0,0.0,0.0,,,0.1679389312977099,0.0916030534351145,0.0,0.0,,0.0,,,0.0,0.0,,,,,,,,,,,,0.0,0.0,0.0,0.0,,2002-09-30,,,,,,,,
2002-06-30,GOOG,USD,1652044,2002-06-30,2002-06-29 20:00:00,2002,Q2,79000000.0,21000000.0,58000000.0,0.7341772152,8000000,19000000.0,-1000000.0,18000000.0,0.0,26000000.0,47000000.0,0.0,0.0,0.0,31000000.0,0.3924050633,31000000.0,0.3924050633,0.0,31000000.0,0.3924050633,14000000.0,17000000.0,0.2151898734,0.0019,0.0019,8820000000,8820000000,,,0.0089569160997732,0.0019274376417233,,,,,,,,22138200000.0,,325.5617647058823,280.23037974683547,0.0,0.0,0.0,0.0,,,0.0,0.0,0.0007679034429176,,0.0,0.0,,0.0,0.0,0.0,,,0.240506329113924,0.1012658227848101,0.0,0.0,,0.0,,,0.0,0.0,,,,,,,,,,,,0.0,0.0,0.0,0.0,,2002-06-30,,,,,,,,
2002-03-31,GOOG,USD,1652044,2002-03-31,2002-03-30 19:00:00,2002,Q1,42000000.0,6000000.0,36000000.0,0.8571428571,7000000,14000000.0,0.0,14000000.0,0.0,21000000.0,27000000.0,0.0,0.0,0.0,15000000.0,0.3571428571,15000000.0,0.3571428571,0.0,15000000.0,0.3571428571,7000000.0,8000000.0,0.1904761905,0.0009,0.0009,8820000000,8820000000,,,0.0047619047619047,0.000907029478458,,,,,,,,22138200000.0,,691.8187499999999,527.1,0.0,0.0,0.0,0.0,,,0.0,0.0,0.0003613663260789,,0.0,0.0,,0.0,0.0,0.0,,,0.3333333333333333,0.1666666666666666,0.0,0.0,,0.0,,,0.0,0.0,,,,,,,,,,,,0.0,0.0,0.0,0.0,,2002-03-31,,,,,,,,
