date,symbol,reportedCurrency,cik,fillingDate,acceptedDate,calendarYear,period,revenue,costOfRevenue,grossProfit,grossProfitRatio,researchAndDevelopmentExpenses,generalAndAdministrativeExpenses,sellingAndMarketingExpenses,sellingGeneralAndAdministrativeExpenses,otherExpenses,operatingExpenses,costAndExpenses,interestIncome,interestExpense,depreciationAndAmortization,ebitda,ebitdaratio,operatingIncome,operatingIncomeRatio,totalOtherIncomeExpensesNet,incomeBeforeTax,incomeBeforeTaxRatio,incomeTaxExpense,netIncome,netIncomeRatio,eps,epsdiluted,weightedAverageShsOut,weightedAverageShsOutDil,link,finalLink,revenuePerShare,netIncomePerShare,operatingCashFlowPerShare,freeCashFlowPerShare,cashPerShare,bookValuePerShare,tangibleBookValuePerShare,shareholdersEquityPerShare,interestDebtPerShare,marketCap,enterpriseValue,peRatio,priceToSalesRatio,pocfratio,pfcfRatio,pbRatio,ptbRatio,evToSales,enterpriseValueOverEBITDA,evToOperatingCashFlow,evToFreeCashFlow,earningsYield,freeCashFlowYield,debtToEquity,debtToAssets,netDebtToEBITDA,currentRatio,interestCoverage,incomeQuality,dividendYield,payoutRatio,salesGeneralAndAdministrativeToRevenue,researchAndDdevelopementToRevenue,intangiblesToTotalAssets,capexToOperatingCashFlow,capexToRevenue,capexToDepreciation,stockBasedCompensationToRevenue,grahamNumber,roic,returnOnTangibleAssets,grahamNetNet,workingCapital,tangibleAssetValue,netCurrentAssetValue,investedCapital,averageReceivables,averagePayables,averageInventory,daysSalesOutstanding,daysPayablesOutstanding,daysOfInventoryOnHand,receivablesTurnover,payablesTurnover,inventoryTurnover,roe,capexPerShare,report_date,epsEstimated,time,revenueEstimated,updatedFromDate,fiscalDateEnding,surprise(%),QuarterAvgPrice,QuarterAvgVolume
2025-03-31,GPN,USD,1123360,2025-05-06,2025-05-06 16:03:15,2025,Q1,2412098000.0,921195000.0,1490903000.0,0.6180938751,0,0.0,0.0,1024011000.0,-3993000.0,1020018000.0,1941213000.0,39389000.0,157110000.0,452108000.0,1013700000.0,0.4202565567,470885000.0,0.1952180218,-117721000.0,353164000.0,0.14641362,58678000.0,305734000.0,0.1267502398,1.24,1.24,246749117,247160000,https://www.sec.gov/Archives/edgar/data/1123360/000112336025000030/0001123360-25-000030-index.htm,https://www.sec.gov/Archives/edgar/data/1123360/000112336025000030/gpn-20250331.htm,9.775508132821404,1.2390480003217197,2.249750705288238,1.732719473115683,11.736714745771511,93.3116733301218,-48.87815667441679,90.16584646987816,69.21975732946595,24161673536.64,38188453536.64,19.75710383588348,10.01687059839194,43.52482244802963,56.51232153807651,1.0859987881632354,1.0859987881632354,15.832048920334085,37.67234244514156,68.79265449996757,89.31989591001691,0.0126536764738737,0.0176952560571454,0.7606321064000137,0.3554008385313994,13.83721021998619,0.943662776563482,2.9971675895869136,1.7748519688463162,0.0025297916515306,0.1999254253697658,0.0,0.0,0.7368350322472821,0.2298171219403232,0.0528904712826759,0.2821825758447097,0.0164752841717044,50.136770585378734,0.009264135569733,0.0243984246611035,-84.54448896771534,-402296000.0,-12060642000.0,-17852973000.0,37035575000.0,1097024000.0,1622579000.0,0.0,41.50234360295477,285.7772458599971,0.0,2.168552235531885,0.3149306017319909,0.0,0.0137418773164365,0.5170312321725552,2025-05-06,2.69,bmo,2350203280.0,2025-05-11,2025-03-31,0.0483271375464683,104.63666666666668,2046926.85
2024-12-31,GPN,USD,1123360,2025-02-14,2025-02-14 17:15:04,2024,Q4,2515386000.0,952297000.0,1563089000.0,0.621411187,0,0.0,0.0,1003075000.0,-273134000.0,739241000.0,1682238000.0,42596000.0,156776000.0,456658000.0,1375791000.0,0.5469502494,833148000.0,0.3312207351,-114180000.0,718968000.0,0.2858280995,140540000.0,567173000.0,0.2254814967,2.26,2.25,251123000,251766000,https://www.sec.gov/Archives/edgar/data/1123360/000112336025000011/0001123360-25-000011-index.htm,https://www.sec.gov/Archives/edgar/data/1123360/000112336025000011/gpn-20241231.htm,10.016549658932076,2.258546608634016,2.6020197273845884,1.869295126292693,10.108257706382927,91.65455573563553,-48.58851638440127,88.72419491643537,67.58503601820622,28140843380.0,42417808380.0,12.403994627741447,11.187485093739092,43.06654512286759,59.947730256080334,1.2630151235020324,1.2630151235020324,16.863339614675443,30.83157861913619,64.91591008636007,90.36158939804824,0.0201547975069963,0.0166811986997384,0.7547066100208943,0.3586114214989874,10.377277507993584,0.9654479638761664,5.314257284278206,1.092170427707289,0.0022150366695939,0.1099012117995743,0.0,0.0,0.7510784703559407,0.2815984034941929,0.0731513970420444,0.4029361141160343,0.0118800852036228,67.14703206007482,0.0158504667677458,0.0485926397837421,-81.72874248874058,-216044000.0,-12201694000.0,-17837018000.0,37279810000.0,1116290000.0,1404681500.0,0.0,38.70443741040143,30.250699099125587,0.0,2.3253147706472905,2.9751378540075293,0.0,0.0254558140624575,0.7327246010918952,2025-02-13,2.98,bmo,2308061444.0,2025-05-11,2024-12-31,-0.0100671140939596,109.356875,2057454.84375
2024-09-30,GPN,USD,1123360,2024-10-31,2024-10-31 17:22:36,2024,Q3,2601552000.0,946945000.0,1654607000.0,0.63600766,0,0.0,0.0,1133226000.0,0.0,1133226000.0,2080171000.0,55338000.0,158691000.0,509480000.0,1043185000.0,0.4009856424,521381000.0,0.2004115236,-146367000.0,375014000.0,0.1441501073,57378000.0,315125000.0,0.121129618,1.24,1.24,254402000,254897000,https://www.sec.gov/Archives/edgar/data/1123360/000112336024000036/0001123360-24-000036-index.htm,https://www.sec.gov/Archives/edgar/data/1123360/000112336024000036/gpn-20240930.htm,10.226146020864617,1.2386891612487323,6.784761912249118,6.131245037381782,11.564138646708752,92.84364509712974,-49.75783602330171,89.66672038741834,69.63566717242789,26055852840.0,40670674840.0,20.671045489884968,10.01550337644606,15.095592347182045,16.704600676624775,1.1422297989430106,1.1422297989430106,15.633235407172334,38.98702036551523,23.562764636393812,26.074271551306865,0.012094211689599,0.0598637476799627,0.7696488329318599,0.3512346745363612,14.009808423242282,0.9263918332976312,3.2855108355231235,5.175071132391698,0.0024346161451532,0.2013042443474811,0.0,0.0,0.7257675047806034,0.0963212686487178,0.0639064681390185,0.3503275576149507,0.0196032983388377,49.99056791079549,0.0100828735061191,0.0229888319324341,-88.68313142192278,-627795000.0,-12658493000.0,-18465154000.0,37984881000.0,1142566000.0,2470495500.0,0.0,39.81300392996181,236.58715131290623,0.0,2.2605679329880783,0.3804095002647354,0.0,0.0138143689865849,0.6535168748673359,2024-10-30,3.09,bmo,2380697057.0,2025-04-25,2024-09-30,-0.0032362459546924,103.808125,2152641.984375
2024-06-30,GPN,USD,1123360,2024-08-07,2024-08-07 09:11:54,2024,Q2,2568768000.0,938484000.0,1630284000.0,0.6346559907,0,0.0,0.0,1001961000.0,0.0,1001961000.0,1940445000.0,35306000.0,159157000.0,505100000.0,1133423000.0,0.4412321393,628323000.0,0.2446009137,-123851000.0,448772000.0,0.174703204,77834000.0,374760000.0,0.1458909485,1.47,1.47,254748000,255166000,https://www.sec.gov/Archives/edgar/data/1123360/000112336024000025/0001123360-24-000025-index.htm,https://www.sec.gov/Archives/edgar/data/1123360/000112336024000025/gpn-20240630.htm,10.083564934759057,1.4711008526072824,2.8925918947351894,2.1890888250349363,8.978084224410004,90.917502787068,-52.23494198188013,87.88062712955548,72.01689905318197,24374288640.0,40274143640.0,16.259932116554598,9.488707676208984,33.07760080989901,43.70768280655446,1.0887496269109065,1.0887496269109065,15.678388877469668,35.53319779111594,54.65480720115296,72.2191125871041,0.0153752179411296,0.0228792728369036,0.8123762753482827,0.3583493730453786,14.02817394741416,0.9164980500787246,3.9478188204100353,1.966277084000427,0.0026021682493704,0.1692443163624719,0.0,0.0,0.7185467660311115,0.2432085462801371,0.0697672970077484,0.3548129083349832,0.016834918529038,53.93355610103893,0.0118039387714696,0.0262356889798135,-95.98991159891344,-779019000.0,-13306747000.0,-19040774000.0,37998127000.0,3903030500.0,2435916000.0,0.0,39.74133903879213,235.11766849514748,0.0,2.264644377285567,0.3827870554179873,0.0,0.0167397627970787,0.7035030697002528,2024-08-07,2.91,bmo,2315758512.0,2025-04-25,2024-06-30,0.0068728522336769,110.1873015873016,2319313.301587302
2024-03-31,GPN,USD,1123360,2024-05-01,2024-05-01 09:20:26,2024,Q1,2420187000.0,922390000.0,1497797000.0,0.6188765579,0,40117000.0,1005428000.0,1045545000.0,0.0,1045545000.0,1967935000.0,35928000.0,162147000.0,494019000.0,984861000.0,0.4069359103,452252000.0,0.186866552,-126219000.0,326033000.0,0.1347139704,19382000.0,313307000.0,0.1294556991,1.22,1.22,256926000,257588000,https://www.sec.gov/Archives/edgar/data/1123360/000112336024000014/0001123360-24-000014-index.htm,https://www.sec.gov/Archives/edgar/data/1123360/000112336024000014/gpn-20240331.htm,9.419782349781649,1.219444509313966,1.6203770735542529,1.054295789449102,8.436732755735115,89.46601356032477,-52.69572172532169,86.46781952780178,71.62805632750286,33438918900.0,49512265900.0,26.682230926854498,13.816667431070409,80.32081058424231,123.44732977450936,1.5051842490159384,1.5051842490159384,20.45803316024753,50.27335420937574,118.92924358121336,182.78572446433057,0.0093695313815902,0.008100620741061,0.8210794815642953,0.3523138788695261,16.320421866639048,0.9195431274895948,2.78914811868243,1.3287829509075764,0.0019024538499658,0.2030468518098861,0.0165759918551748,0.0,0.7054605961400103,0.3493515758424469,0.0600949430767126,0.3153971930189792,0.0165759918551748,48.70791439283146,0.0096819466285143,0.0205451200888882,-84.13769820882277,-846086000.0,-13538901000.0,-19118672000.0,37879326000.0,3895923500.0,1355278000.0,3225500.0,248.10446878691604,236.1373280282744,0.0,0.3627504189668437,0.3811341508413429,0.0,0.0141028710562301,0.5660812841051509,2024-05-01,2.57,bmo,2174800831.0,2025-04-25,2024-03-31,0.0077821011673151,132.21278688524592,2395554.196721312
2023-12-31,GPN,USD,1123360,2024-02-14,2024-02-14 16:31:34,2023,Q4,2433812000.0,922284000.0,1511528000.0,0.6210537215,0,0.0,0.0,1015163000.0,0.0,1015163000.0,1937447000.0,38881000.0,169687000.0,485383000.0,1025698000.0,0.4214368242,498716000.0,0.2049114722,-117011000.0,367910000.0,0.1511661542,9272000.0,361297000.0,0.1484490174,1.39,1.38,260375000,261101999,https://www.sec.gov/Archives/edgar/data/1123360/000112336024000004/0001123360-24-000004-index.htm,https://www.sec.gov/Archives/edgar/data/1123360/000112336024000004/gpn-20231231.htm,9.347333653384542,1.387602496399424,2.5250120019203077,1.9207028324531925,8.022609697551609,91.35867498799809,-50.40443206913106,88.33109937590014,67.38553624579933,33067625000.0,48354560000.0,22.88119261992211,13.586762247864666,50.2967906304662,66.12162894443745,1.4377722104367934,1.4377722104367934,19.867828739442487,47.14307720206143,73.54865008745912,96.68920202438298,0.0109260039086568,0.0151236443500251,0.7554964714005394,0.3435981429848804,14.903933711482328,0.9936042661526124,2.939034811152298,1.765283957114434,0.0019602254470951,0.1794091841338289,0.0,0.0,0.7299077167720918,0.2393292265571526,0.0646504331476712,0.3507191718991354,0.0146556102114707,52.51466666640239,0.0110167614576299,0.0264519460498819,-91.60057609217476,-51970000.0,-13124054000.0,-18708912000.0,39049604000.0,1099011000.0,1314383500.0,6674500.0,41.41939476015403,28.34195323783129,0.6295132518833678,2.172895101948257,3.1755044983938,142.9676019221826,0.0157091047909906,0.6043091694671148,2024-02-14,2.63,bmo,2182310000.0,2025-04-25,2023-12-31,0.0076045627376425,115.80031746031746,1886944.0
2023-09-30,GPN,USD,1123360,2023-10-31,2023-10-31 09:23:09,2023,Q3,2475691000.0,915531000.0,1560160000.0,0.6301917323,0,0.0,0.0,1001964000.0,0.0,1001964000.0,1917495000.0,35732000.0,176094000.0,490021000.0,1086324000.0,0.4387962795,558196000.0,0.2254707878,-140362000.0,417834000.0,0.1687746977,58936000.0,361830000.0,0.1461531346,1.39,1.39,260232000,260935000,https://www.sec.gov/Archives/edgar/data/1123360/000112336023000039/0001123360-23-000039-index.htm,https://www.sec.gov/Archives/edgar/data/1123360/000112336023000039/gpn-20230930.htm,9.513399581911523,1.3904131697869593,1.6401057517907098,0.987637953825817,7.461714931292078,88.98964385625135,-52.333606166805005,86.2365158781395,67.39153524547326,30028170480.0,45447733480.0,20.74743006384214,12.129207756541508,70.35521939607506,116.83431114915471,1.3380642622790695,1.3380642622790695,18.357595305714646,41.83626015811121,106.4828528987273,176.82910911814486,0.0120496851528465,0.0085591295071134,0.773626505642381,0.3548590734662037,14.194257882547012,1.089612521098113,3.16987518030143,1.133307134284288,0.0021638347911763,0.1795760439985628,0.0,0.0,0.751704219175607,0.397820565687616,0.0685840842011381,0.3702234733103224,0.0147934455471219,51.94081936544625,0.0110240379088931,0.0297857064006711,-88.43250637892342,557633000.0,-13618879000.0,-18986306000.0,39452479000.0,1118605000.0,2409693000.0,7061000.0,39.187022936222654,229.8662743260469,0.6780982839466932,2.2966786771854566,0.3915319907797445,132.7241229341838,0.0161232530747386,0.6524677979648928,2023-10-31,2.71,bmo,2226720000.0,2025-04-25,2023-09-30,0.014760147601476,118.9647619047619,1857167.6984126985
2023-06-30,GPN,USD,1123360,2023-08-01,2023-08-01 09:21:28,2023,Q2,2452469000.0,941952000.0,1510517000.0,0.6159168577,0,0.0,0.0,1013514000.0,0.0,1013514000.0,1955466000.0,27944000.0,191423000.0,491907000.0,1121691000.0,0.4573721421,602741000.0,0.2457690597,-163479000.0,439262000.0,0.1791101131,172211000.0,274148000.0,0.1117844915,1.05,1.05,260827000,261327999,https://www.sec.gov/Archives/edgar/data/1123360/000112336023000028/0001123360-23-000028-index.htm,https://www.sec.gov/Archives/edgar/data/1123360/000112336023000028/gpn-20230630.htm,9.402665368232585,1.0510721666085183,2.1660219225770336,1.518822821257002,7.359633013453362,87.85692815544402,-54.89343894612138,85.00456624505898,68.13502436480886,25696676040.0,41357116040.0,23.43321494229394,10.477880062908032,45.484304185982296,64.86602559636502,1.1589965616197309,1.1589965616197309,16.863461287380186,36.87032885170693,73.20400674741617,104.3976171652152,0.0106686172006548,0.015416390796356,0.7929117155250668,0.365103005386402,13.961456408226509,1.0782880382117024,3.148738657319131,1.987843324912212,0.0025250347515374,0.2366787282781563,0.0,0.0,0.7732600110319895,0.2987961915685618,0.0688314510805233,0.3652423957869046,0.0192194070546865,44.83618523395203,0.0083974076861097,0.0251103480302224,-86.0446522024177,400712000.0,-14317691000.0,-19716277000.0,39718071000.0,1113220000.0,2385998500.0,85254500.0,42.54240930262523,237.0556461475744,0.6902262535670607,2.1155360374581846,0.379657694143139,130.3920265780731,0.0123648906527961,0.647199101320032,2023-08-01,2.58,bmo,2189410000.0,2025-04-25,2023-06-30,0.0155038759689922,102.82467741935484,2294789.580645161
2023-03-31,GPN,USD,1123360,2023-05-03,2023-05-03 08:27:53,2023,Q1,2292447000.0,947753000.0,1344694000.0,0.5865758292,0,89566000.0,953560000.0,1043126000.0,0.0,1043126000.0,1990879000.0,11153000.0,122945000.0,436586000.0,503088000.0,0.2194545828,56735000.0,0.0247486638,-111792000.0,-55057000.0,-0.0240166948,-31399000.0,-11041000.0,-0.0048162509,-0.042,-0.042,263115000,263115000,https://www.sec.gov/Archives/edgar/data/1123360/000112336023000019/0001123360-23-000019-index.htm,https://www.sec.gov/Archives/edgar/data/1123360/000112336023000019/gpn-20230331.htm,8.712718773160026,-0.0419626399103053,2.278570206943732,1.6621287269824985,7.607589837143454,86.96892613496,-55.320768485263095,83.930137012333,69.64529958383217,27690222600.0,43890329600.0,-626.986292002536,12.07889325249395,46.18685861830846,63.31639559052525,1.253900014300413,1.253900014300413,19.14562456623861,87.24185351270553,73.20838395665909,100.35952082061414,-0.0003987328003639,0.015793697519788,0.824233521853051,0.3742246185975086,32.20133853321884,0.9197233130760544,0.4614665094147789,-135.6393665158371,0.0023744843423541,-5.955076532922742,0.0390700417501473,0.0,0.7697285516430105,0.2705387255932186,0.0707519083320137,0.398268876611418,0.0390700417501473,,0.0005512758292176,-0.0009857955618396,-86.92822910134352,-488356000.0,-14555724000.0,-20160761000.0,38973660000.0,1032753000.0,1260188500.0,151050000.0,41.89656729250447,217.55108134714428,15.505780514543348,2.148147349916696,0.4136959441556985,5.80428698288269,-0.0004999710640784,0.6164414799612337,2023-05-01,2.3,bmo,2007970000.0,2025-04-25,2023-03-31,0.0434782608695652,108.37354838709678,1819881.5806451607
2022-12-31,GPN,USD,1123360,2023-02-17,2023-02-17 08:36:28,2022,Q4,2252984000.0,927911000.0,1325073000.0,0.5881413272,0,0.0,0.0,919493000.0,0.0,919493000.0,1847404000.0,8544000.0,121778000.0,432443000.0,847248000.0,0.3760559329,407630000.0,0.1809289369,-113234000.0,294396000.0,0.13066937,47444000.0,249306000.0,0.1106559123,0.94,0.94,265637000,265963000,https://www.sec.gov/Archives/edgar/data/1123360/000112336023000009/0001123360-23-000009-index.htm,https://www.sec.gov/Archives/edgar/data/1123360/000112336023000009/gpn-20221231.htm,8.481438956169509,0.9385213656230118,2.67105862511623,2.097738643336583,7.519908747651871,84.85342779808536,-39.2976129078404,83.96234711278926,54.23820853269687,26383066840.0,38671397840.0,26.456510112071108,11.710277054786008,37.18375892842042,47.346222235781184,1.1829111907338692,1.1829111907338692,17.164523955784862,45.643539837214135,54.50268323345529,69.39847468850776,0.0094494700525877,0.0211210092965825,0.640522481084364,0.3188174816790211,14.503818244480955,0.9152675485827674,3.347320534086617,2.7441358585721853,0.0024967908545085,0.2642254899601293,0.0,0.0,0.7359927625276468,0.2146414819909461,0.0675970179992401,0.3800780645579918,0.0181075409323812,42.1071285549987,0.0085656007291859,0.0210742200443892,-73.23182199768857,-584543000.0,-10438900000.0,-15954656000.0,34233376000.0,998281500.0,1110269500.0,116277500.0,39.88038974089474,22.25347042981493,13.463952900655343,2.2567482560911603,4.044313011035757,6.684515362172676,0.0111778838717105,0.5733199817796467,2023-02-10,2.45,bmo,2015744272.0,2025-04-25,2022-12-31,-0.0122448979591837,104.26047619047618,2398219.9523809524
2022-09-30,GPN,USD,1123360,2022-10-31,2022-10-31 09:50:18,2022,Q3,2285371000.0,931249000.0,1354122000.0,0.5925173637,0,0.0,0.0,918757000.0,0.0,918757000.0,1850006000.0,20393000.0,135184000.0,405513000.0,945878000.0,0.4138837852,386432000.0,0.1690893951,-114791000.0,271641000.0,0.1188607889,14255000.0,290454000.0,0.1270927127,1.06,1.05,275030000,275435000,https://www.sec.gov/Archives/edgar/data/1123360/000112336022000030/0001123360-22-000030-index.htm,https://www.sec.gov/Archives/edgar/data/1123360/000112336022000030/gpn-20220930.htm,8.309533505435772,1.0560811547831146,1.223048394720576,0.7164491146420391,7.249536414209359,83.16530923899211,-38.017525360869726,82.3931171144966,50.98996836708723,29716991500.0,41611738500.0,25.57805323734567,13.003136689841606,88.34482794500185,150.8132228678728,1.3113959488855071,1.3113959488855071,18.2078701882539,43.99271206223213,123.70639464882944,211.17886015884696,0.0097740042090061,0.0066307183215366,0.6128963871576274,0.3160897229914306,12.575350098004185,0.9606578487268538,2.8585631435672862,1.1206336514916797,0.0023140633196331,0.2367569391366619,0.0,0.0,0.7585312681524,0.4142103307320698,0.0609660313358312,0.3435894780192003,0.0162122473769029,44.24715709557287,0.0091857876108906,0.0273759231294287,-66.45242609897102,-223333000.0,-10455960000.0,-15612442000.0,34864817000.0,993701500.0,2059085500.0,79869000.0,39.31124968331181,192.4289529438421,9.059445969874869,2.289420985723745,0.4677050860754064,9.93438233411564,0.0128175895240805,0.5065992800785369,2022-10-31,2.49,bmo,2036551559.0,2025-04-25,2022-09-30,-0.0040160642570282,123.3440625,1977779.46875
2022-06-30,GPN,USD,1123360,2022-08-01,2022-08-01 10:08:06,2022,Q2,2280906000.0,962299000.0,1318607000.0,0.5781066822,0,0.0,0.0,863179000.0,0.0,863179000.0,1825478000.0,2956000.0,99188000.0,454783000.0,-79653000.0,-0.0349216496,-529858000.0,-0.2323015503,-96232000.0,-626090000.0,-0.2744918028,52776000.0,-672999000.0,-0.2950577534,-2.42,-2.42,278181000,278181000,https://www.sec.gov/Archives/edgar/data/1123360/000112336022000021/0001123360-22-000021-index.htm,https://www.sec.gov/Archives/edgar/data/1123360/000112336022000021/gpn-20220630.htm,8.199359409880618,-2.4192845665232348,2.042314176741043,1.4386604405045635,6.951006718647212,86.19038323968927,-35.20245092224128,85.39639659070893,45.76945226309489,30777945840.0,41477640840.0,-11.433132084891657,13.493737067638913,54.17383929467219,76.90487406548594,1.2956050186787105,1.2956050186787105,18.184721702691824,-520.7291732891416,73.00692063302078,103.64020919122056,-0.0218662741008969,0.013003077011068,0.531789336054931,0.2859709872078447,-134.32883883846182,0.8721441103479636,-5.34195668830907,-0.8542698229158365,0.0022442043520081,-0.1026331391279927,0.0,0.0,0.7644267144852804,0.2955733956661556,0.0736220607074557,0.39273719759762,0.0206124233089833,,-0.0143834418845127,-0.0646701280451219,-62.87554146401085,-764809000.0,-9792653000.0,-14982301000.0,34693663000.0,981066500.0,2233655500.0,32999000.0,39.030753568976536,198.9362142120069,6.172530575216227,2.305874003712196,0.4524063170523932,14.580729719082395,-0.0283300544649263,0.6036537362364791,2022-08-01,2.36,bmo,2088091104.0,2025-04-25,2022-06-30,0.0,126.44790322580644,1799629.1451612904
2022-03-31,GPN,USD,1123360,2022-05-02,2022-05-02 09:10:31,2022,Q1,2156254000.0,957158000.0,1199096000.0,0.5561014611,0,0.0,0.0,823149000.0,0.0,823149000.0,1780307000.0,1711000.0,93283000.0,454578000.0,822791000.0,0.381583524,375947000.0,0.1743519084,-91572000.0,284375000.0,0.1318838133,52218000.0,244733000.0,0.1134991518,0.87,0.87,282100000,282567000,https://www.sec.gov/Archives/edgar/data/1123360/000112336022000013/0001123360-22-000013-index.htm,https://www.sec.gov/Archives/edgar/data/1123360/000112336022000013/gpn-20220331.htm,7.643580290677065,0.8675398794753634,2.2332506203473947,1.6798936547323644,7.250184331797235,90.02057780928749,-37.89874867068416,89.18668557249202,44.07887982984757,38602564000.0,48898656000.0,39.433345727793146,17.902605166181722,61.273911111111104,81.4575372759539,1.53430973605107,1.53430973605107,22.67759549663444,59.43022711721446,77.61691428571429,103.18392565488776,0.0063398120394282,0.0122763348051181,0.4905239613850224,0.2716253632091023,12.513617674476263,1.0586040277171105,4.030176988304407,2.5236744700283613,0.0018196459696304,0.2870189144904855,0.0,0.0,0.7942298998619134,0.2477809523809523,0.0723949961368187,0.3641525455359808,0.0178081988485586,41.724005622402245,0.0074519682233758,0.0261768417422719,-61.20332240340305,285236000.0,-10691237000.0,-14888045000.0,38087535000.0,959604000.0,1301128500.0,2389500.0,40.61047075159049,220.0492186243024,0.0,2.216177215736294,0.4089994073265041,0.0,0.0097272353368285,0.5533569656150301,2022-05-02,2.04,bmo,1955068249.0,2025-04-25,2022-03-31,0.014705882352941,139.6932258064516,2282975.2258064514
2021-12-31,GPN,USD,1123360,2022-02-18,2022-02-18 17:03:38,2021,Q4,2193981000.0,967997000.0,1225984000.0,0.5587942649,0,0.0,0.0,905008000.0,0.0,905008000.0,1873005000.0,3311000.0,87767000.0,477826000.0,792307000.0,0.3611275576,320976000.0,0.1462984411,-84456000.0,236520000.0,0.1078040329,37434000.0,208453000.0,0.0950113059,0.72,0.72,287887000,288466000,https://www.sec.gov/Archives/edgar/data/1123360/000112336022000007/0001123360-22-000007-index.htm,https://www.sec.gov/Archives/edgar/data/1123360/000112336022000007/gpn-20211231.htm,7.620979759419495,0.7240792394238017,2.616356417622192,2.121471271714249,6.875294820537225,89.85962200446703,-36.74207588394057,89.0217376956931,42.269491154515485,38916564660.0,49018326660.0,46.673068581406845,17.737876791093452,51.6672725051944,63.719929561321926,1.518505518978878,1.518505518978878,22.342183756377107,61.86784498937912,65.07879776690586,80.26002164573045,0.0053564080442654,0.0156936771098849,0.4713975046473219,0.2668097741697258,12.74980783963792,1.0555613314231145,3.65713764854672,3.468191989980569,0.0018378549243714,0.3431133157114553,0.0,0.0,0.8049296381361781,0.189150508155042,0.0649372077515712,0.335063475115591,0.0158077941422464,38.08310416398405,0.0065084040247312,0.0236000647591401,-58.07456832020897,247971000.0,-10577566000.0,-14699311000.0,38382540000.0,925194500.0,1206850500.0,2389500.0,38.81630242012123,24.360881283722986,0.4443298894521367,2.3186134275722936,3.694447624936072,202.55220757480643,0.0081337351771199,0.494885145907943,2022-02-10,2.11,bmo,1973822592.0,2025-04-25,2021-12-31,0.009478672985782,137.880625,2745607.75
2021-09-30,GPN,USD,1123360,2021-11-02,2021-11-02 09:14:16,2021,Q3,2202337000.0,944172000.0,1258165000.0,0.5712863199,0,0.0,0.0,858082000.0,0.0,858082000.0,1802254000.0,6320000.0,82187000.0,442699000.0,839314000.0,0.3811015299,400083000.0,0.1816629335,-75867000.0,324216000.0,0.1472145271,50117000.0,296736000.0,0.1347368727,1.02,1.01,291502000,292507000,https://www.sec.gov/Archives/edgar/data/1123360/000112336021000032/0001123360-21-000032-index.htm,https://www.sec.gov/Archives/edgar/data/1123360/000112336021000032/gpn-20210930.htm,7.55513512771782,1.0179552798951637,3.1491001777003245,2.69913413973146,8.053913866800228,90.40881023114764,-32.65758725497595,89.69759041104349,39.17459571460916,45934885160.0,54924439160.0,38.700128363258926,20.85733707420799,50.03969105710542,58.3816853265684,1.7567918968378318,1.7567918968378318,24.93916197203244,65.43967950016322,59.83256423691868,69.80710439589072,0.0064599268936106,0.0171286593459287,0.4335975176068774,0.2477852931325296,10.710596987539825,1.150572859382632,4.867959652986482,3.005172475880876,0.0015963466490573,0.2471152809231101,0.0,0.0,0.7840566633099822,0.1428871781073217,0.059557642631441,0.313372929219566,0.0297897188304968,45.32585415011943,0.0081803547521405,0.03003287122532,-56.17212746396251,758030000.0,-9519752000.0,-13607789000.0,38299418000.0,891286500.0,2051078500.0,0.0,36.94837801844132,205.1022800930339,0.0,2.4358308761234406,0.4388054582288223,0.0,0.0113487472208599,0.4499660379688647,2021-11-02,2.14,bmo,1991640000.0,2025-04-25,2021-09-30,0.0186915887850467,173.73453125,2515902.40625
2021-06-30,GPN,USD,1123360,2021-08-02,2021-08-02 09:16:46,2021,Q2,2137437000.0,936310000.0,1201127000.0,0.5619473229,0,0.0,0.0,838569000.0,0.0,838569000.0,1774879000.0,5455000.0,80556000.0,444968000.0,803319000.0,0.3758328316,362558000.0,0.1696227772,-75101000.0,287457000.0,0.1344867708,60808000.0,263590000.0,0.1233205938,0.89,0.89,294914000,296139000,https://www.sec.gov/Archives/edgar/data/1123360/000112336021000026/0001123360-21-000026-index.htm,https://www.sec.gov/Archives/edgar/data/1123360/000112336021000026/gpn-20210630.htm,7.247662030286795,0.893785985066833,1.7301145418664423,1.277711468428084,6.101944973788969,91.04396535939291,-31.829533355486685,90.51371925374856,36.74862502288803,55308171560.0,64265750560.0,52.45662919685875,25.875930640294897,108.39744737228924,146.77805172299404,2.0719510980898423,2.0719510980898423,30.066734392639408,80.0002870092703,125.95323833135711,170.54987343922085,0.0047658418740899,0.0068130077233021,0.4029828241151313,0.2382548374159875,11.150712232624898,1.1187883993800387,4.50069516857838,1.912331857892981,0.0010360313563763,0.2173868507910011,0.0,0.0,0.8025997220400688,0.2614873538663557,0.062420553213966,0.3161289252516923,0.020269603267839,42.66435993682168,0.0069199216364495,0.0295751231015831,-53.714509145038896,520249000.0,-9386975000.0,-13399656000.0,38399647000.0,851626500.0,1895543500.0,0.0,36.98765858362141,187.4830985464216,0.0,2.433244045349037,0.4800432716217117,0.0,0.0098745913043432,0.4524030734383583,2021-08-02,1.89,bmo,1940540000.0,2025-04-25,2021-06-30,0.0793650793650794,201.21571428571428,1356089.126984127
2021-03-31,GPN,USD,1123360,2021-05-04,2021-05-04 09:18:28,2021,Q1,1990007000.0,925246000.0,1064761000.0,0.5350538968,0,0.0,0.0,789502000.0,0.0,789502000.0,1714748000.0,4234000.0,83141000.0,446623000.0,715278000.0,0.3594349166,275259000.0,0.138320619,-78907000.0,196352000.0,0.0986689997,20675000.0,196681000.0,0.0988343257,0.66,0.66,296425000,297671000,https://www.sec.gov/Archives/edgar/data/1123360/000112336021000018/0001123360-21-000018-index.htm,https://www.sec.gov/Archives/edgar/data/1123360/000112336021000018/gpn-20210331.htm,6.713357510331449,0.6635101627730454,2.0221168929746143,1.7314565235725732,7.025095724044868,90.5530606392848,-29.38531837732985,90.04558319979759,34.52503331365438,59753351500.0,67821879500.0,75.9521147187578,30.02670417742249,99.68760990046812,116.42221289164866,2.238643949395323,2.238643949395323,34.081226598700404,94.8189088717953,113.14848283133637,132.14276849158398,0.0032915475879206,0.0085894261512678,0.3803024318889101,0.2293597628870601,11.280268650790322,1.1852853323421195,3.310749209174775,3.021047326243637,0.0009635275437227,0.2927278181420676,0.0,0.0,0.803311322262182,0.1437406365635312,0.0432958276026164,0.2024541030563499,0.0186758137031678,36.66454132036236,0.0060561342020303,0.0225940419947446,-49.63989710719406,762665000.0,-8710543000.0,-12536707000.0,37896142000.0,809497000.0,984669000.0,0.0,37.30337631978179,179.0394446449917,0.0,2.412650244537609,0.5026825243926357,0.0,0.0073686030918453,0.290660369402041,2021-05-04,1.77,bmo,1773060000.0,2025-04-25,2021-03-31,0.0282485875706214,199.1977049180328,1846019.737704918
2020-12-31,GPN,USD,1123360,2021-02-19,2021-02-19 07:46:33,2020,Q4,1930193000.0,922195000.0,1007998000.0,0.5222265338,0,0.0,0.0,756016000.0,0.0,756016000.0,1678211000.0,8274000.0,85073000.0,407048000.0,715130000.0,0.3704966291,251982000.0,0.130547567,-76799000.0,175183000.0,0.0907593179,17980000.0,182644000.0,0.0946247344,0.61,0.61,299106000,300493000,https://www.sec.gov/Archives/edgar/data/1123360/000112336021000009/0001123360-21-000009-index.htm,https://www.sec.gov/Archives/edgar/data/1123360/000112336021000009/gpn-20201231.htm,6.453207224194767,0.6106330197321351,2.5722987837087854,2.215157837020989,6.5056133945825225,91.89733405548536,-28.084658950338675,91.38021303484383,32.90218517849859,64433414520.0,72243714520.0,88.19536163246534,33.38185068539778,83.74610343258945,97.24814927396022,2.357403127500469,2.357403127500469,37.42823361187197,101.02179256918322,93.89739211583202,109.0360892106006,0.0028346161903822,0.0102829720407621,0.3569455557640995,0.2207200675903975,10.92151077426482,1.009511570553326,2.9619503250149872,4.162960317717971,0.0009031183654241,0.3186034033420205,0.0,0.0,0.8119022536429439,0.1388411598799048,0.0553431703461778,0.2624334230852381,0.0226459219363037,35.432964131691435,0.0055227190013547,0.0219676888161726,-47.38455263351454,43269000.0,-8400290000.0,-12122141000.0,37509135000.0,808102500.0,912384500.0,0.0,37.03022443869603,12.562299730534214,0.0,2.4304470568088523,7.164293316552855,0.0,0.0066823330724704,0.3571409466877963,2021-02-08,1.77,bmo,1786990000.0,2025-04-25,2020-12-31,0.0169491525423728,186.4875,1665334.84375
2020-09-30,GPN,USD,1123360,2020-10-29,2020-10-29 09:15:24,2020,Q3,1917815000.0,900921000.0,1016894000.0,0.530235711,0,0.0,0.0,726475000.0,0.0,726475000.0,1627396000.0,29983000.0,82976000.0,406899000.0,763018000.0,0.397857979,290419000.0,0.1514322289,-52993000.0,237426000.0,0.1238002623,42834000.0,220971000.0,0.1152201855,0.74,0.74,299255000,300491000,https://www.sec.gov/Archives/edgar/data/1123360/000112336020000034/0001123360-20-000034-index.htm,https://www.sec.gov/Archives/edgar/data/1123360/000112336020000034/gpn-20200930.htm,6.408631434729578,0.7384037025279444,1.953086832300212,1.5486524870094067,7.421169236938397,93.44486140582448,-26.84392240731149,92.715767489265,32.71727790680189,53141702900.0,60628713900.0,60.1229379647103,27.709504253538533,90.9227367996017,114.66742958126368,1.915316076314214,1.915316076314214,31.613431900365786,79.45908733476799,103.7326298481875,130.82265720413773,0.0041581467649957,0.0087208722097612,0.3498865786454435,0.2179097756303274,9.812364845914512,1.125337296563233,3.5000361550327805,2.5386175683658223,0.0010995883987752,0.2644419403451131,0.0,0.0,0.8080178708843064,0.207074431408915,0.0631077554404361,0.2974423628467998,0.0220438363450072,39.24777044531128,0.0057486353017407,0.0258362152483607,-45.9427352926434,553396000.0,-8033178000.0,-11617290000.0,38076594000.0,805365000.0,1532694500.0,0.0,38.57669796096078,169.4314151851272,0.0,2.3330146113355545,0.5311883861777497,0.0,0.0079641653466702,0.4044343452908055,2020-10-29,1.65,bmo,1861738538.0,2025-04-25,2020-09-30,0.0363636363636364,173.03375,1803218.4375
2020-06-30,GPN,USD,1123360,2020-08-03,2020-08-03 09:19:11,2020,Q2,1671952000.0,893740000.0,778212000.0,0.4654511613,0,0.0,0.0,670638000.0,0.0,670638000.0,1564378000.0,2787000.0,82855000.0,402675000.0,592449000.0,0.3543456989,107574000.0,0.0643403638,-80068000.0,27506000.0,0.0164514292,836000.0,37331000.0,0.0223277941,0.12,0.12,299140000,300246000,https://www.sec.gov/Archives/edgar/data/1123360/000112336020000028/0001123360-20-000028-index.htm,https://www.sec.gov/Archives/edgar/data/1123360/000112336020000028/gpn20200630-10q.htm,5.589195694323728,0.1247944106438457,1.750735441599251,1.4044694791736312,6.102911680149763,92.37477101022932,-28.700792271177377,91.68235274453431,32.746974660693986,50740126800.0,58627576800.0,339.79887225094427,30.34783701924457,96.88499813830042,120.77158138018198,1.8500834121549303,1.8500834121549303,35.06534685206274,98.95801461391612,111.94557497875752,139.54527923300478,0.000735729339959,0.0082800936161633,0.3541575489030261,0.2207442945608394,13.313297853486125,1.0288456150281498,1.2983404743226117,13.278104558592364,0.0011492285037017,1.5620261980659504,0.0,0.0,0.8231210965940984,0.1977831454130586,0.0619527354852292,0.2572347426584714,0.0209234475630879,16.044703689594733,0.0025412257557426,0.0047965207974936,-46.638163568897504,121998000.0,-8585555000.0,-12017147000.0,37818177000.0,794247500.0,1503082000.0,0.0,42.45500468912983,137.89322398012845,0.0,2.119891415841572,0.6526789163546552,0.0,0.0013611606476938,0.3462659624256201,2020-08-03,1.14,bmo,3275312977.0,2025-04-25,2020-06-30,0.149122807017544,166.44301587301587,2091886.523809524
2020-03-31,GPN,USD,1123360,2020-05-06,2020-05-06 09:24:32,2020,Q1,1903598000.0,933871000.0,969727000.0,0.5094179548,0,0.0,0.0,725748000.0,0.0,725748000.0,1659619000.0,2506000.0,92644000.0,397818000.0,713397000.0,0.3747624236,243979000.0,0.1281672916,-90138000.0,153841000.0,0.0808159076,15502000.0,143575000.0,0.0754229622,0.48,0.48,299388000,300838000,https://www.sec.gov/Archives/edgar/data/1123360/000112336020000020/0001123360-20-000020-index.htm,https://www.sec.gov/Archives/edgar/data/1123360/000112336020000020/gpn20200331-10q.htm,6.358297593757933,0.4795616390770505,1.4582214384010048,1.1081673280158189,6.012468769623365,91.92229815490266,-29.916800272556017,91.255531283819,33.98417104225954,43180731240.0,51462479240.0,75.1884576702072,22.683744803262037,98.90816044931672,130.1518248676802,1.5805069344390985,1.5805069344390985,27.03432092279988,72.13722407018813,117.87802122893255,155.11399165692103,0.0033249784308191,0.0076833344520267,0.3690157294378999,0.2299179344814061,11.608890982160004,1.3403478402347084,2.633511074651353,2.89874375863168,0.0013496529198656,0.4059132857391607,0.0,0.0,0.8318699751819846,0.2400555232331746,0.0550546911690388,0.2634420765274572,0.0146154807895364,31.379287333201088,0.0053174784633814,0.0194745724410689,-46.52576422568707,1033391000.0,-8956731000.0,-12259495000.0,38952465000.0,847515000.0,892453500.0,-236000.0,37.81356147674036,157.7456308205309,0.0,2.3800984748649032,0.5705387815298294,0.0,0.0052551514667701,0.3500541103851858,2020-05-06,1.52,bmo,1843357556.0,2025-04-25,2020-03-31,0.0394736842105263,182.7559677419355,2411202.35483871
2019-12-31,GPN,USD,1123360,2020-02-21,2020-02-21 16:20:28,2019,Q4,1987761000.0,1038578000.0,949183000.0,0.4775136447,31100000,0.0,0.0,753021000.0,0.0,753021000.0,1791599000.0,11071000.0,84047000.0,400837000.0,744599000.0,0.3745918146,196162000.0,0.0986849023,-72976000.0,123186000.0,0.0619722391,22425000.0,102771000.0,0.0517018897,0.34,0.34,300528000,302342000,https://www.sec.gov/Archives/edgar/data/1123360/000112336020000009/0001123360-20-000009-index.htm,https://www.sec.gov/Archives/edgar/data/1123360/000112336020000009/gpn20191231-10k.htm,6.614228957035618,0.3419681360804983,0.1393846829579939,-0.2161595591758505,5.585985332481499,93.3523298993771,-29.479469467071286,92.6893567321514,32.48148924559442,54864391680.0,62863668680.0,133.4627270338909,27.60110077619996,1309.7565394256249,-844.5613078415073,1.9695896749780213,1.9695896749780213,31.625365765803835,84.42620615928843,1500.7202053044953,-967.6990960869432,0.0018731821652086,-0.0011840466650736,0.3474166390152811,0.2175700259365062,10.743067073686642,1.2199010657254146,2.333956000809071,0.366476527094889,0.0010712048051637,0.5718636580358273,0.0,0.0156457441312109,0.8299069369396631,2.5508128625653512,0.0537544503589717,0.2665697028966887,0.0170256887020119,26.70539547571557,0.0038674390321124,0.0135836855668433,-46.83503700154395,787102000.0,-8859406000.0,-12058725000.0,39084299000.0,881682500.0,954614000.0,-711000.0,40.53348465937304,12.832507524711673,-0.040902079574187,2.2203864473119816,7.013438318792037,-2200.377118644068,0.003689400251948,0.3555442421338444,2020-02-12,1.59,bmo,1963220740.0,2025-04-25,2019-12-31,0.0188679245283019,171.6571875,1701089.953125
2019-09-30,GPN,USD,1123360,2019-10-31,2019-10-31 09:17:33,2019,Q3,1105941000.0,427720000.0,678221000.0,0.6132524249,0,0.0,0.0,504184000.0,0.0,504184000.0,931904000.0,11232000.0,96161000.0,183745000.0,367821000.0,0.332586458,174037000.0,0.1573655376,-84929000.0,89108000.0,0.0805721101,-16623000.0,95044000.0,0.085939485,0.54,0.54,177039000,177543000,https://www.sec.gov/Archives/edgar/data/1123360/000112336019000034/0001123360-19-000034-index.htm,https://www.sec.gov/Archives/edgar/data/1123360/000112336019000034/gpn20190930-10q.htm,6.2468778065849895,0.5368534616666384,6.22482051977248,5.8423906596851545,12.023147442089032,157.90711651105124,-50.74092714034761,156.8842684380278,54.59171143081468,28149201000.0,35590286000.0,74.04255134464039,25.452714927830687,25.542905131955763,27.21488672388239,1.0134859382845511,1.0134859382845511,32.18099880554207,96.7597989239331,32.29503028939163,34.408990932303105,0.0033764368658279,0.0367445953439317,0.3445122265157481,0.2116405169622158,20.230179897286995,1.1656294243118153,1.809850147149052,10.423214066150251,5.64847293534193e-05,0.0167290938933546,0.0,0.0,0.8170132398561826,0.0614362870178469,0.0612193598030998,0.3684726114996326,0.025206588778244,43.53202164292224,0.0049634771541262,0.0114881703658775,-81.77372358632843,709416000.0,-8983123000.0,-12263761000.0,39071528000.0,631368000.0,1422246500.0,-766000.0,70.64750289572409,370.5764518844104,-0.1998971289628729,1.273930377027483,0.2428648651104055,-450.2315789473684,0.0034219712850221,0.3824298600873254,2019-10-31,1.66,bmo,1086424394.0,2025-04-25,2019-09-30,0.0240963855421686,163.1971875,1966631.828125
2019-06-30,GPN,USD,1123360,2019-07-30,2019-07-30 09:20:40,2019,Q2,935152000.0,302276000.0,632876000.0,0.6767627081,0,0.0,0.0,411150000.0,0.0,411150000.0,713426000.0,6176000.0,65616000.0,145123000.0,379849000.0,0.406189582,221726000.0,0.2371015621,-59440000.0,162286000.0,0.1735397026,32247000.0,120458000.0,0.1288111451,0.77,0.77,156768000,157262000,https://www.sec.gov/Archives/edgar/data/1123360/000112336019000022/0001123360-19-000022-index.htm,https://www.sec.gov/Archives/edgar/data/1123360/000112336019000022/gpn20190630-10q.htm,5.965196978975301,0.768383853847724,0.1124209022249438,-0.3863352214737701,6.687008828332313,26.632450500102063,-28.56947846499285,25.455475607266788,37.976321698305775,25498315200.0,30338444200.0,52.9195138554517,27.26649271990008,1446.795006808897,-421.0074333360852,6.389587942075937,6.389587942075937,32.44225986791452,79.86974876858963,1721.4278370403997,-500.92370511021215,0.0047241552649721,-0.002375254973709,1.4754297845639408,0.4037182482368436,12.74224494470171,1.0142959357049788,3.379145330407218,0.135527529990772,6.14158224854009e-05,0.0130003818758405,0.0,0.0,0.5933799558861201,4.436507035860191,0.0836110065529454,0.5387774508520359,0.0176399130836484,20.978333348823583,0.0161188847491832,0.020312719217777,-57.82420997907736,64097000.0,-4478780000.0,-5861277000.0,9430389000.0,388105500.0,1104188000.0,-1092000.0,37.97700266908481,322.55756328653285,-0.1732853418729902,2.369855272260981,0.2790199649420454,-519.3745704467354,0.0301854055175607,0.498756123698714,2019-07-30,1.46,bmo,904186701.0,2025-04-25,2019-06-30,0.0342465753424657,148.67920634920634,1315446.0476190476
2019-03-31,GPN,USD,1123360,2019-05-02,2019-05-02 09:15:57,2019,Q1,883039000.0,305230000.0,577809000.0,0.6543414277,0,0.0,0.0,378317000.0,0.0,378317000.0,683547000.0,2934000.0,59081000.0,148630000.0,353422000.0,0.4002337383,199492000.0,0.2259152767,-56147000.0,143345000.0,0.1623314486,24140000.0,112341000.0,0.1272208815,0.71,0.71,157519000,158018000,https://www.sec.gov/Archives/edgar/data/1123360/000112336019000016/0001123360-19-000016-index.htm,https://www.sec.gov/Archives/edgar/data/1123360/000112336019000016/gpn20190331-10q.htm,5.605920555615513,0.7131901548384639,1.4584208889086396,1.108475802919013,8.121147290168171,26.29816720522604,-29.25913699299767,25.08150127921076,38.11846824827481,21841584540.0,26509253540.0,48.60555037786739,24.734563864110196,95.0754347078514,125.09068726160612,5.528377207425408,5.528377207425408,30.020478755751444,75.00736666081907,115.39358783610254,151.82326804348074,0.0051434455130424,0.0079942002229843,1.5048300185303631,0.4030816791834855,13.207069735330569,1.033995007331349,3.376584688817048,1.9271758734952391,7.192701596914451e-05,0.0139842087928717,0.0,0.0,0.5933258217278939,0.239947938658158,0.0624241964397948,0.370873982372334,0.0129303462247986,20.06183678206666,0.0150204441826994,0.0187288377187498,-57.405900240605895,153529000.0,-4608870000.0,-5937409000.0,9579059000.0,365004000.0,600628000.0,-2401000.0,38.89377479363879,331.725027028798,-0.4723651017265668,2.313994989622859,0.2713090441384962,-190.53058676654183,0.0284349069419382,0.3499450859896266,2019-05-02,1.3,bmo,850089783.0,2025-04-25,2019-03-31,0.0307692307692307,121.4027868852459,1306355.5573770492
2018-12-31,GPN,USD,1123360,2019-02-21,2019-02-21 16:57:37,2018,Q4,880555000.0,313071000.0,567484000.0,0.6444617315,0,0.0,0.0,400498000.0,0.0,400498000.0,713569000.0,3322000.0,55938000.0,153365000.0,376451000.0,0.427515601,166986000.0,0.1896372174,-52616000.0,114370000.0,0.1298839936,31047000.0,75215000.0,0.0854177195,0.48,0.47,158213000,158711000,https://www.sec.gov/Archives/edgar/data/1123360/000112336019000008/0001123360-19-000008-index.htm,https://www.sec.gov/Archives/edgar/data/1123360/000112336019000008/gpn20181231-10k.htm,5.565629878707818,0.4754034118561686,2.8131443054616243,2.4514167609488475,7.67369305935669,26.46017078242622,-29.350495850530613,25.22805964111672,37.2072269661785,16316506690.0,20936357690.0,54.232888021006445,18.52979846801165,36.6600461269536,42.06955000180484,4.0879085219823486,4.0879085219823486,23.776320263924458,55.6150938369137,47.039961017893575,53.981110260257935,0.0046097489756246,0.0237701615528832,1.460820457547927,0.4406944748659451,12.272117752376804,1.032915419963165,2.985197897672423,5.341574355220048,9.695702824487366e-05,0.0210330386226151,0.0,0.0,0.6673814396648299,0.1285847810261618,0.0649931009420195,0.3731620643562742,0.0146373593926557,16.42722973077629,0.0112877178071534,0.0170912068053065,-47.85101729946338,107588000.0,-4643630000.0,-5668223000.0,9591103000.0,335032000.0,570832000.0,-2512500.0,35.609360005905366,21.913910901999863,-0.9199191237770348,2.5274253731343284,4.1069802830943605,-97.8346875,0.0188442321216553,0.361727544512777,2019-02-13,1.32,bmo,873934285.0,2025-04-25,2018-12-31,0.0075757575757575,110.15650793650794,1340494.6825396826
2018-09-30,GPN,USD,1123360,2018-10-30,2018-10-30 09:22:35,2018,Q3,857670000.0,265013000.0,592657000.0,0.6910081966,0,0.0,0.0,369495000.0,0.0,369495000.0,634508000.0,3134000.0,46356000.0,124057000.0,347219000.0,0.4048398568,223162000.0,0.2601956463,-43222000.0,179940000.0,0.2098009724,-6089000.0,176370000.0,0.2056385323,1.12,1.11,158168000,158706000,https://www.sec.gov/Archives/edgar/data/1123360/000112336018000042/0001123360-18-000042-index.htm,https://www.sec.gov/Archives/edgar/data/1123360/000112336018000042/gpn20180930-10q.htm,5.422525416013353,1.1150801679227151,0.9752288705680036,0.6376700723281574,6.274524556168125,26.399575135299177,-26.77103459612564,25.12699155328512,34.9782067169086,20011415360.0,24506888360.0,28.36567352724386,23.33230188767241,129.73364901134522,198.40981330372105,5.035222769574207,5.035222769574207,28.57379686825935,70.58049346377935,158.8777203241491,242.9816710457173,0.0088134695536098,0.0050400732874498,1.380393107088921,0.3964147298304617,12.947082388924567,1.0344308777613496,4.814090948313056,0.8291717957952792,7.890496357175208e-05,0.0089527697454215,0.0,0.0,0.6076844848949754,0.3461329011345219,0.0622512155024659,0.4303747470920625,0.0172945305303904,25.108140594519757,0.0222895918609129,0.0324845695071617,-53.30347162510749,146919000.0,-4234321000.0,-5249678000.0,9197784000.0,319443000.0,1046684500.0,-2184500.0,33.75396131379202,361.828098998917,-0.6197809164078744,2.6663537107043376,0.2487369008902467,-145.21260273972604,0.0443777825752852,0.3375587982398462,2018-10-30,1.39,bmo,827918750.0,2025-04-25,2018-09-30,0.0359712230215827,120.26920634920636,941354.1587301588
2018-06-30,GPN,USD,1123360,2018-08-02,2018-08-02 09:27:58,2018,Q2,833164000.0,264544000.0,568620000.0,0.6824826805,0,0.0,0.0,377883000.0,0.0,377883000.0,642427000.0,2568000.0,47720000.0,123648000.0,314385000.0,0.3773386752,190737000.0,0.2289309188,-45152000.0,145585000.0,0.1747375067,27856000.0,109069000.0,0.1309094008,0.69,0.68,159003000,159677000,https://www.sec.gov/Archives/edgar/data/1123360/000112336018000026/0001123360-18-000026-index.htm,https://www.sec.gov/Archives/edgar/data/1123360/000112336018000026/gpn20180630-10q.htm,5.239926290698918,0.6859556109004232,1.3975522474418722,1.0271567203134533,6.931145953221009,25.25739136997415,-22.9759249825475,24.08990396407615,30.97375521216581,17727244470.0,21504915470.0,40.63309572380786,21.277016853824698,79.77519280876628,108.54234587101476,4.628079886339872,4.628079886339872,25.81114338833651,68.4031218728629,96.77526481110635,131.67269040723482,0.0061526200636866,0.0092129941726921,1.273298354961809,0.3965242904461565,12.01606628814988,1.0875579269443554,3.99700335289187,1.8875128473018543,8.901552650613387e-05,0.0144679056377155,0.0,0.0,0.6235218449745473,0.2650316135274396,0.0706871636316499,0.4763037008281574,0.0182509085846243,19.2822096187064,0.0161381733158662,0.0235537890591679,-43.67941799840255,294577000.0,-3653241000.0,-4624932000.0,8579622000.0,302661500.0,1033656500.0,-2633000.0,34.266939042013334,349.7114279666142,-0.8654892947865005,2.6264382672071926,0.2573550441954444,-103.9874213836478,0.0284748171650392,0.3703955271284189,2018-08-02,1.22,bmo,787987596.0,2025-04-25,2018-06-30,0.0573770491803279,112.964375,1028893.03125
2018-03-31,GPN,USD,1123360,2018-05-03,2018-05-03 09:42:40,2018,Q1,794977000.0,252386000.0,542591000.0,0.6825241485,0,0.0,0.0,386421000.0,0.0,386421000.0,638807000.0,11694000.0,45605000.0,121743000.0,277913000.0,0.3495862144,156170000.0,0.1964459349,-33911000.0,122259000.0,0.1537893549,24673000.0,91399000.0,0.1149706218,0.57,0.57,159321000,160035000,https://www.sec.gov/Archives/edgar/data/1123360/000112336018000016/0001123360-18-000016-index.htm,https://www.sec.gov/Archives/edgar/data/1123360/000112336018000016/gpn20180331-10q.htm,4.989781635816998,0.5736782972740567,1.785960419530382,1.5112006577915027,6.330270334733023,25.983956917167227,-23.044143584336027,24.802794358559137,29.986957149402777,17767477920.0,21493601920.0,48.59866606855656,22.34967542457203,62.44259322909528,73.79562695729463,4.496267573234781,4.496267573234781,27.03675945341815,77.33931813193337,75.53780270681554,89.27174900110481,0.0051441741147243,0.0135509384665665,1.197474393955268,0.3667238691010522,13.407519619449252,1.0636899869247738,3.424405218726017,2.9157973479802437,8.965819499946224e-05,0.0174290747163535,0.0,0.0,0.6053651248979234,0.1538442614596842,0.0550644861423663,0.3595689279876461,0.0187401648097995,17.892695682687886,0.0130534357931858,0.0179492078990732,-47.32739092774964,248959000.0,-3671416000.0,-4605629000.0,8659939000.0,294994000.0,543385000.0,-1361000.0,32.61615115909014,370.6390608036896,-0.9706560585769416,2.7593691101384583,0.2428238400044642,-92.72079353416603,0.0231295832631087,0.2747597617388794,2018-05-03,1.09,bmo,773893805.0,2025-04-25,2018-03-31,0.0366972477064218,110.51065573770492,1089062.7213114754
2017-12-31,GPN,USD,1123360,2018-02-23,2018-02-22 18:19:14,2017,Q4,1054253000.0,509068000.0,545185000.0,0.5171291901,0,0.0,0.0,395610000.0,0.0,395610000.0,904678000.0,2875000.0,44425000.0,121188000.0,273638000.0,0.2595562925,149575000.0,0.1418777087,-41550000.0,108025000.0,0.1024659166,-142280000.0,241962000.0,0.2295103737,1.52,1.51,159143000,159827000,https://www.sec.gov/Archives/edgar/data/1123360/000112336018000007/0001123360-18-000007-index.htm,https://www.sec.gov/Archives/edgar/data/1123360/000112336018000007/gpn20171231-10k.htm,6.624564071306938,1.5204061755779394,0.956781008275576,0.6721753391603777,8.394054403900894,24.91615088316797,-24.634875552176343,23.84350552647619,33.55037293503327,15952494320.0,19911521320.0,16.482437655499623,15.13156170293089,104.76796584901322,149.1277560483117,4.20407980230474,4.20407980230474,18.886852890150656,72.76592183834117,130.76886559616457,186.13769322813445,0.0151676593732835,0.0067056598080644,1.3953997428401486,0.4073591238821705,14.46811846307896,1.1278934581545712,3.366910523353968,0.6083178522202912,9.973361958858858e-05,0.0065754126681049,0.0,0.0,0.6066823464316122,0.2974616622336059,0.0429621732164859,0.3737416245832921,0.0078956379540774,28.55986333339719,0.0349447723549953,0.0473287340313787,-46.942484118057344,487989000.0,-3920468000.0,-4729259000.0,8962036000.0,299126500.0,519877000.0,0.0,25.771641152550668,8.378428815010961,0.0,3.4922106616051702,10.741870819353888,0.0,0.0637660504194593,0.2846056691151983,2018-02-15,1.06,bmo,1044446728.0,2025-04-25,2017-12-31,0.0094339622641509,99.99587301587302,1069921.7301587302
2017-09-30,GPN,USD,1123360,2017-11-08,2017-11-08 09:18:07,2017,Q3,1038907000.0,493883000.0,545024000.0,0.5246128864,0,0.0,0.0,372553000.0,0.0,372553000.0,866436000.0,2347000.0,40764000.0,113649000.0,307620000.0,0.2960996509,172471000.0,0.1660119722,-38417000.0,134054000.0,0.1290336864,15692000.0,110740000.0,0.1065927942,0.72,0.71,154560000,155402000,https://www.sec.gov/Archives/edgar/data/1123360/000112336017000050/0001123360-17-000050-index.htm,https://www.sec.gov/Archives/edgar/data/1123360/000112336017000050/gpn20170930-10q.htm,6.721706780538303,0.7164855072463768,0.5956392339544514,0.2937888198757764,7.673718944099379,23.906269409937888,-27.498511904761905,22.847754917184265,34.288269927536234,14687836800.0,18760617800.0,33.15838179519596,14.13777826119181,159.5428819708457,323.46363636363634,4.159270805576,4.159270805576,18.058033875986972,60.98633963981536,203.7824270600248,413.15666402396056,0.007539571790449,0.0030915376183918,1.4891847279892187,0.428189554916892,13.239649567648398,1.1364910844130962,4.230963595329212,0.7777937362182439,0.0001082528367962,0.0143579555716091,0.0,0.0,0.6469153850218731,0.5067671786404814,0.0449068107154923,0.4105095513378912,0.0092578065216617,19.19184510681015,0.0156370150724165,0.0255371589414877,-46.443267986542445,426386000.0,-4250170000.0,-5036299000.0,8948697000.0,292259500.0,907799500.0,0.0,25.674040121011792,180.8377085261084,0.0,3.5054864593104478,0.4976838112666433,0.0,0.0313591208345592,0.3018504140786749,2017-11-08,1.1,bmo,993730434.0,2025-04-25,2017-09-30,0.0454545454545452,94.22714285714288,955827.746031746
2017-06-30,GPN,USD,1123360,2017-08-03,2017-08-03 09:13:29,2017,Q2,962240000.0,469149000.0,493091000.0,0.5124407632,0,0.0,0.0,361239000.0,0.0,361239000.0,830388000.0,1832000.0,48361000.0,107281000.0,261033000.0,0.2712763967,131852000.0,0.1370261058,-46529000.0,85323000.0,0.0886712255,12880000.0,66909000.0,0.0695346275,0.44,0.44,152525000,153555000,https://www.sec.gov/Archives/edgar/data/1123360/000112336017000034/0001123360-17-000034-index.htm,https://www.sec.gov/Archives/edgar/data/1123360/000112336017000034/gpn20170630-10q.htm,6.308736272742173,0.4386756269464022,-0.1698344533683002,-0.4566005572856909,7.084582855269628,19.699314866415342,-24.996197344697592,18.69189968857564,30.34627765940009,13776057999.999998,17275687000.0,51.47311273520752,14.31665488859328,-531.8119981470043,-197.80965782634289,4.832039627047803,4.832039627047803,17.953615522115065,66.18200380794765,-666.9119441012971,-248.06063782433267,0.0048569046384676,-0.0050553648946599,1.6065359234116523,0.4563420283853956,13.406845111537622,1.1990060348902816,2.726411778085648,-0.3575776817635934,0.0001472845134653,0.0303247694630019,0.0,0.0,0.6792200606947586,-1.6885037059913526,0.0454553957432657,0.4077049990212619,0.0128211257066844,13.582813343739453,0.0134180313374102,0.0207817870429786,-37.60335846582527,417607000.0,-3812545000.0,-4516072000.0,7772669000.0,280078000.0,823777500.0,0.0,26.951457016960426,157.926884635798,0.0,3.339337088282961,0.5698839700887717,0.0,0.0234687556778681,0.2867661039173906,2017-08-03,0.91,bmo,931491489.0,2025-04-25,2017-06-30,0.0329670329670328,86.46492063492063,1110179.4761904762
2017-03-31,GPN,USD,1123360,2017-05-04,2017-05-04 09:24:07,2017,Q1,919762000.0,455936000.0,463826000.0,0.5042891531,0,0.0,0.0,358856000.0,0.0,358856000.0,814792000.0,1607000.0,41297000.0,109033000.0,214003000.0,0.2326721478,104970000.0,0.1141273503,-39690000.0,65280000.0,0.0709748826,12321000.0,48813000.0,0.053071338,0.32,0.32,152304000,153255000,https://www.sec.gov/Archives/edgar/data/1123360/000112336017000024/0001123360-17-000024-index.htm,https://www.sec.gov/Archives/edgar/data/1123360/000112336017000024/gpn20170331-10q.htm,6.038987813845992,0.3204971635676016,1.9301200231116715,1.6266545855657106,8.285041758588086,18.88519671183948,-26.13533459396995,17.93044831389852,30.97726914591869,12287886720.000002,15702706720.000002,62.93347427939278,13.35985474503187,41.80050931233311,49.59872902085201,4.499608631506559,4.499608631506559,17.07257607946404,73.37610556861354,53.41692623271479,63.38228153027698,0.0039724487303867,0.0201618069604079,1.7125127111087677,0.4695580677200032,15.956879109171366,1.14636320980552,2.541831125747633,5.550803451726807,0.0001238618189344,0.0311802183844467,0.0,0.0,0.6884540683690178,0.1572262003980065,0.0502510432046551,0.4238991864848257,0.0095850883163253,11.371007039275332,0.0102325041623507,0.0157313669205252,-36.88398039447421,306318000.0,-3980516000.0,-4684245000.0,7715076000.0,277617500.0,752837500.0,0.0,26.615874541457465,162.71737700028072,0.0,3.3814406458752293,0.5531062610469976,0.0,0.0178744645954654,0.3034654375459607,2017-05-04,0.8,bmo,865694117.0,2025-04-25,2017-03-31,0.0624999999999999,78.41112903225806,1329763.7741935484
2016-11-30,GPN,USD,1123360,2017-01-09,2017-01-09 16:29:10,2016,Q4,941821000.0,468383000.0,473438000.0,0.502683631,0,0.0,0.0,368171000.0,0.0,368171000.0,836554000.0,1353000.0,52448000.0,108683000.0,215303000.0,0.2286028874,105267000.0,0.1117696462,-51095000.0,54172000.0,0.0575183607,1557000.0,49452000.0,0.0525067927,0.32,0.32,153173000,153991000,https://www.sec.gov/Archives/edgar/data/1123360/000112336017000006/0001123360-17-000006-index.htm,https://www.sec.gov/Archives/edgar/data/1123360/000112336017000006/gpn20161130-10q.htm,6.148740313240584,0.3228506329444484,0.2472759559452383,-0.0261860771807041,6.501250220339093,18.29197704556286,-27.01364470239533,17.33735057745164,32.73351700364947,10500009150.0,14465636150.0,53.0818225248726,11.14862500411437,277.220644999472,-2617.8033283470454,3.953891322308136,3.953891322308136,15.35922022337578,67.1873413282676,381.9209037385152,-3606.491186736475,0.0047097101815382,-0.0003819996671145,1.868284698002044,0.4905949838991235,18.41881905965082,1.1652180799192706,2.007073672971324,0.7198570776949977,8.429935511056197e-05,0.0178990536277602,0.0,0.0,0.6861979406145328,1.1058981941070862,0.0444744808196037,0.3854052611724005,0.0092873274220897,11.22234060563911,0.0119603739194696,0.0155827164570778,-39.84407826444608,365108000.0,-4137761000.0,-4736314000.0,7825420000.0,288925500.0,691816500.0,0.0,27.0655251900308,130.9228558679542,0.0,3.3252633883177043,0.6874277176688838,0.0,0.0186216822173704,0.2734620331259426,2017-01-09,0.84,bmo,307129831.0,2025-04-25,2016-11-30,0.0595238095238095,71.8442857142857,1204216.126984127
2016-08-31,GPN,USD,1123360,2016-10-05,2016-10-05 09:20:58,2016,Q3,939492000.0,462626000.0,476866000.0,0.5075785637,0,0.0,0.0,355760000.0,0.0,355760000.0,818386000.0,42473000.0,43077000.0,103186000.0,266765000.0,0.2839460049,121106000.0,0.1289058342,-604000.0,120502000.0,0.1282629336,28044000.0,85093000.0,0.0905734163,0.55,0.55,153901000,154875000,https://www.sec.gov/Archives/edgar/data/1123360/000112336016000105/0001123360-16-000105-index.htm,https://www.sec.gov/Archives/edgar/data/1123360/000112336016000105/gpn20160831-10q.htm,6.104521738000403,0.5529073885159941,1.011474909194872,0.742594265144476,6.35327905601653,18.87714829663225,-27.002794003937595,17.84705102630912,31.493187178770768,11688780950.0,15514760950.0,34.34119419341192,12.441597107798684,75.08836779792763,102.27657762105596,4.255605023375502,4.255605023375502,16.513989421942924,58.15890746537215,99.66634514701254,135.7538189279527,0.0072798866164054,0.0097774096793216,1.748932438046091,0.4692185219842583,14.342136337225648,1.1579882733051037,2.8113842653852403,1.683650955028229,0.0001316647139323,0.0180860940382875,0.0,0.0,0.6896972781208426,0.2658302658880816,0.0440461440863785,0.4010330858837439,0.0081097018388661,14.900494738515766,0.0109066581042687,0.026785666506443,-39.85567182799332,352657000.0,-4155757000.0,-4747739000.0,7925705000.0,291515000.0,363736000.0,0.0,28.223454803234088,136.6220878203992,0.0,3.188837108265251,0.65875146131797,0.0,0.0309803220543791,0.268880644050396,2016-10-05,0.83,bmo,,2025-04-25,2016-08-31,0.036144578313253,75.3221875,1219113.625
2016-05-31,GPN,USD,1123360,2016-07-28,2016-07-28 16:32:35,2016,Q2,747064000.0,345680000.0,401384000.0,0.5372819464,0,0.0,0.0,345182000.0,0.0,345182000.0,690862000.0,1758000.0,28647000.0,71207000.0,129167000.0,0.1728995106,56202000.0,0.0752305023,-26889000.0,29313000.0,0.0392376021,-11866000.0,37187000.0,0.0497775291,0.27,0.26,139952000,140948000,https://www.sec.gov/Archives/edgar/data/1123360/000112336016000094/0001123360-16-000094-index.htm,https://www.sec.gov/Archives/edgar/data/1123360/000112336016000094/gpn20160531-10k.htm,5.338001600548759,0.2657125300102892,-2.0937035555047445,-2.336951240425289,7.464902252200755,20.559934834800504,-30.129680176060365,19.624414084829084,35.17183748713845,10872870880.0,14721864880.0,73.09591308790706,14.554135763468723,-37.10649475458845,-33.24416815211841,3.9588443081243017,3.9588443081243017,19.70629675636893,113.97543397307362,-50.24218607730583,-45.01259667156892,0.0034201638564846,-0.0300804639004413,1.7818185922615015,0.4656274357865764,29.79858632622884,1.1730385439298114,1.9618808252173003,-7.115714320406032,0.0001420048133598,0.0415198859816602,0.0,0.0,0.6749900475282856,-0.1161805759373144,0.0455690543246629,0.4780850197312062,0.0138368332565884,10.831675129919358,0.0091877933028266,0.0108866372214849,-45.52640726820624,420606000.0,-4216709000.0,-4781235000.0,8008397000.0,251768500.0,155383500.0,0.0,34.74533641026739,6.5596794723443645,0.0,2.5902756829663223,13.720182575907918,0.0,0.0135398962160965,0.2432476849205442,2016-07-28,0.73,bmo,,2025-04-25,2016-05-31,0.0,73.81203125,2278765.125
2016-02-29,GPN,USD,1123360,2016-04-06,2016-04-06 16:21:28,2016,Q1,679940000.0,258728000.0,421212000.0,0.6194840721,0,0.0,0.0,313407000.0,0.0,313407000.0,572135000.0,1092000.0,13300000.0,39168000.0,148065000.0,0.2177618613,107805000.0,0.1585507545,-12208000.0,95597000.0,0.1405962291,22685000.0,69061000.0,0.1015692561,0.53,0.53,129287000,130160000,https://www.sec.gov/Archives/edgar/data/1123360/000112336016000076/0001123360-16-000076-index.htm,https://www.sec.gov/Archives/edgar/data/1123360/000112336016000076/gpn20160229-10q.htm,5.259152118929204,0.534168168493352,3.279130925769799,3.114365713490142,6.385019375497923,7.369263731078917,-9.66605304477635,6.4980779196670975,16.067338556854132,7880042650.0,9118540650.0,28.52566082883248,11.589320601817809,18.587241979577733,19.57059819146796,9.37969669700768,9.37969669700768,13.410801908991967,61.58471380812481,21.50857921589625,22.646488487434404,0.008764038859612,0.0510970584657939,2.4567982792872898,0.4392325255405236,8.364556107115119,1.181319831683191,8.10563909774436,5.814529844195743,0.0001640854063143,0.0187225785899422,0.0,0.0,0.46869496952715,0.0502466098516566,0.031329234932494,0.5438623366013072,0.0102950260317086,8.837363496779028,0.0254774166907836,0.0276613998884908,-21.34403691013017,316971000.0,-1249695000.0,-1681248000.0,2885861000.0,212934500.0,297344500.0,0.0,28.47507132982322,99.3378374199932,0.0,3.1606593345295315,0.9059991875954224,0.0,0.0822040263439497,0.1647652122796568,2016-04-06,0.67,bmo,,2025-04-25,2016-02-29,0.0447761194029849,59.27245901639344,1921141.1475409835
2015-11-30,GPN,USD,1123360,2016-01-11,2016-01-11 08:43:07,2015,Q4,722350000.0,270565000.0,451785000.0,0.6254378072,0,0.0,0.0,328620000.0,0.0,328620000.0,599185000.0,1292000.0,14126000.0,38749000.0,163206000.0,0.2259375649,123165000.0,0.1705059874,-12834000.0,110331000.0,0.152738977,27253000.0,78771000.0,0.1090482453,0.61,0.6,129505000,130353000,https://www.sec.gov/Archives/edgar/data/1123360/000112336016000045/0001123360-16-000045-index.htm,https://www.sec.gov/Archives/edgar/data/1123360/000112336016000045/gpn20151130-10q.htm,5.577776919810046,0.6082467858383847,-0.4580672560904984,-0.607775761553608,7.632577892745454,7.151067526350334,-10.16966912474422,6.217180803829968,20.193096791629667,9175429250.0,10787953250.0,29.12058133704028,12.702193188897349,-154.67161002663428,-116.57259878033288,11.395840371306926,11.395840371306926,14.934523776562608,66.10022456282245,-181.85417298809884,-137.05950006352433,0.0085849934486716,-0.008578345258343,3.230406281515632,0.4881628557716905,9.880298518436822,1.1711802332375658,8.719028741328048,-0.7140518548833626,0.0001413557845263,0.0164654504830457,0.0,0.0,0.4209984007435294,-0.32682647247227,0.0268401744306776,0.5003483960876409,0.0096975150550287,9.224183184454755,0.0247599892063351,0.0255337232441452,-25.137930967916297,388176000.0,-1317023000.0,-1746181000.0,2998839000.0,212934500.0,306307000.0,6089500.0,26.257174499896173,102.82383161162753,0.0,3.427634607080662,0.875283468718964,0.0,0.0978332149297775,0.1497085054631095,2016-01-11,0.75,bmo,,2025-04-25,2015-11-30,0.0133333333333333,67.43390625,1988812.171875
2015-08-31,GPN,USD,1123360,2015-10-07,2015-10-07 09:14:52,2015,Q3,748796000.0,272666000.0,476130000.0,0.6358607685,0,0.0,0.0,338358000.0,0.0,338358000.0,611024000.0,1142000.0,13243000.0,38757000.0,177671000.0,0.2372755731,137772000.0,0.1839913675,-12101000.0,125671000.0,0.1678307576,32623000.0,86646000.0,0.1157137592,0.66,0.66,130328000,131146000,https://www.sec.gov/Archives/edgar/data/1123360/000112336015000037/0001123360-15-000037-index.htm,https://www.sec.gov/Archives/edgar/data/1123360/000112336015000037/gpn20150831-10q.htm,5.745472960530354,0.6648302743846296,3.939230249831195,3.809879688171383,6.163748388680867,7.037190780185378,-10.537275182616169,6.03628537229145,17.662712540666625,7259269600.0,8744663600.0,20.9451953927475,9.69458918049776,14.13981830647926,14.61988423753459,9.227529277472776,9.227529277472776,11.678299029375156,49.21829448812693,17.033112319631,17.611409490588763,0.0119359115688443,0.0683999944016406,2.909256041398404,0.4181869708261662,8.360362692842388,1.149274799643215,10.403382919278108,5.517496345971972,0.0001797701520825,0.0150612838446091,0.0,0.0,0.4185052653812829,0.0328365069966029,0.022513474965144,0.4349665866811156,0.0086365311780511,9.502361199054691,0.0296589435584866,0.02722599688984,-27.50776502363268,356802000.0,-1373302000.0,-1808737000.0,3016042000.0,209032000.0,163166500.0,8703500.0,25.85662850763092,100.1765163240008,4.019973153968592,3.4807322220466146,0.8984141523639443,22.388209212579028,0.1101389734548371,0.1293505616598121,2015-10-07,0.71,bmo,682450632.0,2025-04-25,2015-08-31,0.1126760563380282,55.5303125,1058366.5625
2015-05-31,GPN,USD,1123360,2015-07-30,2015-07-30 14:42:01,2015,Q2,706549000.0,254217000.0,452332000.0,0.640199052,0,0.0,0.0,348732000.0,0.0,348732000.0,602949000.0,1315000.0,9647000.0,34693000.0,138293000.0,0.1957302324,103600000.0,0.1466281886,-8332000.0,95268000.0,0.134835659,25158000.0,65325000.0,0.0924564326,0.5,0.5,131488000,132392000,https://www.sec.gov/Archives/edgar/data/1123360/000112336015000026/0001123360-15-000026-index.htm,https://www.sec.gov/Archives/edgar/data/1123360/000112336015000026/gpn20150531-10k.htm,5.3734865539060594,0.4968133974202969,0.590289608177172,0.3179909953760039,4.949037174495011,6.56754228522755,-9.038208809929424,5.764602092966658,17.814119919688487,6886026560.0,8567983560.0,26.35295277458859,9.74600000849198,88.71916305916307,164.6901980292739,9.084755401226424,9.084755401226424,12.126524218419387,61.95529462807228,110.38939857761288,204.91685544819669,0.0094866029677352,0.0060720067858698,3.077532797872228,0.40362943546287,12.162271409254265,1.0911143849073424,10.739089872499225,1.1070603337612324,0.0001895142269099,0.0199770378874856,0.0,0.0,0.3550548760135525,0.4612966398680684,0.0506744755140832,1.0320237511890007,0.0088160906037656,8.02735696777686,0.0223025122817601,0.01752594080699,-31.25906166342176,274727000.0,-1188416000.0,-1625833000.0,2700839000.0,187208500.0,140374000.0,5407500.0,25.8501816576062,8.084589150214187,1.8508596986039485,3.481600291714711,11.13229111928534,48.62605202754399,0.0861834675504237,0.2722986128011682,2015-07-28,0.59,bmo,683336065.0,2025-04-25,2015-05-31,0.0338983050847458,51.282539682539685,1153735.0476190476
2015-02-28,GPN,USD,1123360,2015-04-08,2015-04-08 10:42:02,2015,Q1,664983000.0,250255000.0,414728000.0,0.6236670712,0,0.0,0.0,310113000.0,0.0,310113000.0,560368000.0,1160000.0,13429000.0,33640000.0,138255000.0,0.2079075706,104615000.0,0.1573198112,-12269000.0,92346000.0,0.1388697155,23031000.0,62568000.0,0.0940896233,0.47,0.46,133780000,134612000,https://www.sec.gov/Archives/edgar/data/1123360/000112336015000017/0001123360-15-000017-index.htm,https://www.sec.gov/Archives/edgar/data/1123360/000112336015000017/gpn20150228-10q.htm,4.9707205860367765,0.4676932276872477,0.8981088354014053,0.7227761997309015,4.560831215428316,7.0386305875317685,-7.455187621468082,6.167386754372851,15.463664224846765,6144515400.0,7589667400.0,24.55134973149213,9.240108995267548,51.14079517931901,63.54664143216159,7.447238486776322,7.447238486776322,11.413325453432645,54.89615131459984,63.1687937477632,78.49241827226376,0.0101827395533909,0.0157364728876747,2.4910523068867847,0.5114824105596368,10.45280098368956,1.282006920415225,7.790230099039392,1.7333766140085118,0.0002184061577907,0.0214486638537271,0.0,0.0,0.4825357363276195,0.1952242632065185,0.0352730821690178,0.6972651605231867,0.0085445793351108,8.056054424768671,0.0238753522968556,0.0300903605331891,-17.455084840783375,350450000.0,-997355000.0,-1483542000.0,2645318000.0,184554500.0,271376500.0,6794500.0,23.20827750483847,92.75371121456116,2.009270544045074,3.87792674321637,0.9703115791432736,44.792375156613566,0.0758332899028328,0.1753326356705038,2015-04-08,0.55,bmo,641666666.0,2025-04-25,2015-02-28,0.0363636363636361,44.58688524590164,1123686.6557377048
2014-11-30,GPN,USD,1123360,2015-01-08,2015-01-08 09:08:12,2014,Q4,697291000.0,257796000.0,439495000.0,0.6302892193,0,0.0,0.0,315511000.0,0.0,315511000.0,573307000.0,1282000.0,10350000.0,34606000.0,158590000.0,0.2274373253,123984000.0,0.1778081174,-9068000.0,114916000.0,0.1648035038,29660000.0,74781000.0,0.1072450383,0.55,0.55,134754000,135474000,https://www.sec.gov/Archives/edgar/data/1123360/000112336015000006/0001123360-15-000006-index.htm,https://www.sec.gov/Archives/edgar/data/1123360/000112336015000006/gpn20141130-10q.htm,5.174547694317051,0.5549445656529677,2.155104857740772,2.04280392418778,4.782559330335277,7.585941790225151,-7.453366875936893,6.63924633035012,15.896158926636684,5613851640.0,7101103640.0,18.767640309704333,8.050945215125392,19.33084594485708,20.393538267048346,6.274808604337935,6.274808604337935,10.183845252555964,44.77649057317611,24.452078413547788,25.796304944855343,0.0133208009038158,0.0490351398028751,2.382703022919193,0.4693779949607923,9.377968346049562,1.208290153585664,11.97913043478261,3.4063174439335646,0.0002356670758046,0.0176916596461668,0.0,0.0,0.4462332219992703,0.0521092665860906,0.0217025603370759,0.4372941108478299,0.0072839029902866,9.104905688629188,0.0266854857090093,0.0297342324789859,-20.20465811775532,349122000.0,-1004371000.0,-1494096000.0,2738538000.0,202514500.0,266740000.0,6831000.0,25.50828850508611,99.44176790950984,2.793604245217149,3.5282649395334715,0.9050522923315112,32.216445888527865,0.0835854761279361,0.1123009335529928,2015-01-08,0.6,bmo,653718750.0,2025-04-25,2014-11-30,0.0666666666666667,40.03390625,1329715.53125
2014-08-31,GPN,USD,1123360,2014-10-02,2014-10-02 11:22:13,2014,Q3,704895000.0,259839000.0,445056000.0,0.6313791416,0,0.0,0.0,320658000.0,0.0,320658000.0,580497000.0,1192000.0,11010000.0,34566000.0,158964000.0,0.2255144383,124398000.0,0.1764773477,-9818000.0,114580000.0,0.1625490321,30146000.0,75366000.0,0.1069180516,0.56,0.55,136292000,137234000,https://www.sec.gov/Archives/edgar/data/1123360/000112336014000044/0001123360-14-000044-index.htm,https://www.sec.gov/Archives/edgar/data/1123360/000112336014000044/gpn2014831-10q.htm,5.171946996155314,0.552974495935198,-0.4657133213981745,-0.5989346403310539,4.372112816599654,7.854554926187891,-5.613873154697267,6.913472544243242,15.284587503301736,4955577120.0,6431850120.0,16.438371148793884,7.030234460451557,-78.07378129283317,-60.70779272326351,5.259296217249968,5.259296217249968,9.124550635200988,40.46104853929192,-101.3320643423188,-78.79272473355384,0.0152083194701649,-0.0164723498440883,2.1991560635117398,0.4775263887083705,9.286838529478372,1.2704829448868848,11.298637602179836,-0.7517469265935524,0.0002764561960847,0.0181779582305018,0.0,0.0,0.4230210657987037,-0.2860586391063917,0.0257584462934195,0.525284962101487,0.0057682349853524,9.274530440652056,0.026622655359367,0.0301016448744007,-18.44994387051331,427227000.0,-765126000.0,-1262119000.0,2626281000.0,211391000.0,130857500.0,6148000.0,26.48041197625178,86.1206747255031,1.9604447369332547,3.398738663156524,1.045045226211495,45.907950530035336,0.0799850570601676,0.1332213189328794,2014-10-02,0.57,bmo,658677049.0,2025-04-25,2014-08-31,0.0701754385964913,35.75578125,1128359.25
2014-05-31,GPN,USD,1123360,2014-07-29,2014-07-29 17:14:21,2014,Q2,673977000.0,253373000.0,420604000.0,0.6240628389,0,0.0,0.0,331687000.0,0.0,331687000.0,585060000.0,2093000.0,9451000.0,34871000.0,123788000.0,0.1836679887,88917000.0,0.1319288344,-7358000.0,81559000.0,0.1210115479,23293000.0,51625000.0,0.0765975694,0.37,0.36,141414000,142644000,https://www.sec.gov/Archives/edgar/data/1123360/000112336014000033/0001123360-14-000033-index.htm,https://www.sec.gov/Archives/edgar/data/1123360/000112336014000033/gpn20140531-10k.htm,4.765984980270694,0.365062865062865,-0.8507149221434935,-0.9931407074264216,4.114670400384686,8.010515224800939,-5.2304510161653015,7.051826551826552,13.034480320194604,4847671920.0,6099606920.0,23.475408813559323,7.19263701877067,-40.29551981247351,-34.51676055936886,4.861151894202624,4.861151894202624,9.050170732829162,49.27462209584127,-50.70203502822041,-43.43088291418644,0.0106494418046343,-0.0289714325386937,1.8389062871342232,0.4563241387032958,10.11354089249362,1.3564044112913476,9.408210771346948,-2.0647204201421068,0.0002943681056699,0.0276416464891041,0.0,0.0,0.4659420452141888,-0.1674189338586735,0.0298838090914081,0.5775859596799633,0.0185822364858147,7.61072270622601,0.0194565847514933,0.0240542318674191,-15.12667593024736,431826000.0,-739659000.0,-1242407000.0,2674037000.0,195559500.0,128144000.0,6975500.0,28.761322715760333,4.644693791366878,2.3571572345908995,3.1292023975894105,19.376950137656777,38.18158529234479,0.0517685542007988,0.1424257852829281,2014-07-29,0.54,amc,649490909.0,2025-04-25,2014-05-31,0.0185185185185185,34.402857142857144,1563824.1587301588
2014-02-28,GPN,USD,1123360,2014-04-03,2014-04-03 16:14:40,2014,Q1,616452000.0,232937000.0,383515000.0,0.6221327857,0,0.0,0.0,286224000.0,0.0,286224000.0,519161000.0,2944000.0,16457000.0,29806000.0,127097000.0,0.2061750144,97291000.0,0.157824129,-13513000.0,83778000.0,0.1359035253,23657000.0,55121000.0,0.089416532,0.39,0.38,145196000,146304000,https://www.sec.gov/Archives/edgar/data/1123360/000112336014000021/0001123360-14-000021-index.htm,https://www.sec.gov/Archives/edgar/data/1123360/000112336014000021/gpn2014228-10q.htm,4.245654150252073,0.3796316702939475,-0.6700046833246095,-0.8083831510509931,6.980633075291331,8.70346979255627,-1.1410231686823329,7.783327364390203,10.55758423097055,5106543320.0,5609445320.0,23.16060720959344,8.283764705118971,-52.492170391233735,-43.5065970317106,4.518633015605588,4.518633015605588,9.099565448729178,44.135151262421616,-57.66169815587673,-47.79120861519587,0.0107941902272944,-0.0229850199332099,1.3418735200529508,0.4388272759761728,3.9568361172962394,2.2285618355760595,5.91183083186486,-1.61810349129256,0.0002812078366937,0.0260517769996915,0.0,0.0,0.4136281493120816,-0.2065335827799592,0.0325929674978749,0.674092464604442,0.0086040762297794,8.153707455828355,0.0230262190970901,0.0272023269609057,-7.18330050414612,845253000.0,-165672000.0,-658751000.0,2639359000.0,186093000.0,239286500.0,8100500.0,25.65688812754277,93.96995754216805,2.8263006735726828,3.507829926708244,0.9577529069289344,31.843745727956257,0.0487749843377801,0.1383784677263836,2014-04-03,0.47,amc,603656250.0,2025-04-25,2014-02-28,0.0212765957446808,34.36836065573771,1547379.049180328
2013-11-30,GPN,USD,1123360,2014-01-08,2014-01-08 16:21:59,2013,Q4,634122000.0,235170000.0,398952000.0,0.6291407647,0,0.0,0.0,294045000.0,0.0,287045000.0,522215000.0,5288000.0,8025000.0,29018000.0,133925000.0,0.2111975298,111907000.0,0.1764755047,-2737000.0,109170000.0,0.1721593006,29313000.0,73897000.0,0.1165343577,0.51,0.51,144348000,145412000,https://www.sec.gov/Archives/edgar/data/1123360/000112336014000005/0001123360-14-000005-index.htm,https://www.sec.gov/Archives/edgar/data/1123360/000112336014000005/gpn20131130-10q.htm,4.393008562640286,0.5119364314018898,3.0126499847590544,2.8677570870396543,7.598532712611189,8.532740321999611,-1.461578961953058,7.531195444342838,10.04121290215313,4551292440.0,4895863440.0,15.397419516353846,7.177313576882682,10.46586897233656,10.994655071203391,4.186586343829942,4.186586343829942,7.72069639596166,36.5567551988053,11.258223009175156,11.827042649563358,0.0162364868823942,0.0909532853485459,1.325900803320354,0.3620195480971799,2.57286540974426,1.3085196804841688,13.94479750778816,5.445609026134215,0.000315954208383,0.0194595179777257,0.0,0.0,0.3623350020243301,0.0480948329385793,0.032982612178729,0.7207595285684747,0.0113180113605899,9.313892832712778,0.027962899068156,0.0291058661532692,-10.400327680328097,485303000.0,-210976000.0,-691572000.0,2285843000.0,193091500.0,229730500.0,7781500.0,27.881858695960712,90.07309605817068,3.4006888633754304,3.2279053194197,0.9991884806743684,26.46522619851452,0.0679754542536056,0.1448928977194003,2014-01-08,0.51,amc,598872222.0,2025-04-25,2013-11-30,0.0588235294117647,30.2990625,1701661.5625
2013-08-31,GPN,USD,1123360,2013-10-01,2013-10-01 16:24:14,2013,Q3,629685000.0,230745000.0,398940000.0,0.6335548727,0,0.0,0.0,291556000.0,0.0,291556000.0,522301000.0,3338000.0,7879000.0,28374000.0,135758000.0,0.2155966872,107384000.0,0.1705360617,-4541000.0,102843000.0,0.1633245194,31135000.0,64643000.0,0.1026592661,0.44,0.44,147530000,148578000,https://www.sec.gov/Archives/edgar/data/1123360/000112336013000031/0001123360-13-000031-index.htm,https://www.sec.gov/Archives/edgar/data/1123360/000112336013000031/gpn20130831-10q.htm,4.268182742493052,0.4381685081000474,-0.1571680336202806,-0.2945163695519555,4.9202670643259,8.165722225987935,-1.559838676879279,7.232576425133871,9.550443977496103,3514164600.0,4189375600.0,13.590661788592731,5.580829462350223,-151.5575365506534,-80.87835673187571,3.293432187902405,3.293432187902405,6.653129104234657,30.859143475890924,-180.67777634019063,-96.41831070195629,0.0183949835474411,-0.012364247252391,1.313091951243742,0.400372054213614,4.973636912741791,1.5218583105223866,13.62914075390278,-0.3233530428961901,0.0004143232220824,0.0225237071299289,0.0,0.0,0.4100060294500056,-0.8738948548755768,0.0321795818544192,0.7141397053640657,0.0076038019009504,8.444196971483485,0.0262221185458705,0.0313089983038517,-9.647364942723511,545248000.0,-230123000.0,-704733000.0,2335430000.0,190162000.0,121298500.0,8867000.0,27.1182734224255,87.40817785867516,2.604303451862445,3.318795359795081,1.0296519410977245,34.558184813539015,0.0605826309110777,0.1373483359316749,2013-10-01,0.47,amc,591918000.0,2025-04-25,2013-08-31,0.0638297872340426,24.19140625,1338267.46875
2013-05-31,GPN,USD,1123360,2013-07-25,2013-07-25 17:20:18,2013,Q2,618352000.0,229951000.0,388401000.0,0.6281228168,0,0.0,0.0,290568000.0,0.0,319032000.0,548983000.0,3647000.0,8065000.0,28841000.0,126674000.0,0.2048574275,69369000.0,0.1121836753,-4418000.0,64951000.0,0.1050388775,18585000.0,40805000.0,0.0659899216,0.27,0.27,152068000,153302000,https://www.sec.gov/Archives/edgar/data/1123360/000112336013000025/0001123360-13-000025-index.htm,https://www.sec.gov/Archives/edgar/data/1123360/000112336013000025/gpn20130531-10k.htm,4.066286135150064,0.2683339032538075,0.2352828997553726,0.0802601467764421,4.474774443012336,8.460734671331247,-1.0420535549885577,7.536661230502144,7.621557461135808,3646590640.0,4117050640.0,22.341567454968757,5.897273138924108,101.91985913524694,298.77842195821387,3.1817802693517496,3.1817802693517496,6.658101922529562,32.50114972291078,115.0689130495542,337.3249192953708,0.0111899042224273,0.0033469619172828,1.0042274351378824,0.3682910002252759,3.713942876991332,1.7248513734991775,8.601239925604464,0.7716645818056335,0.0004140854154114,0.0370052689621369,0.0,0.0,0.4624141135390854,0.6588781128594986,0.0381239164747587,0.8173780382094934,0.0070574688850363,6.745568087518752,0.0184724649940214,0.0242888928836311,-6.638525199252966,510378000.0,-158463000.0,-623957000.0,2303512000.0,178879500.0,122932000.0,11203000.0,27.740170647139493,7.239498849754948,4.3275741353592725,3.24439244245531,12.431799751311024,20.796870760604143,0.0356038164708551,0.1550227529789304,2013-07-25,0.51,amc,643640816.0,2025-04-25,2013-05-31,-0.0392156862745098,23.3578125,1711781.8125
2013-02-28,GPN,USD,1123360,2013-04-02,2013-04-02 16:29:04,2013,Q1,578746000.0,217465000.0,361281000.0,0.624247943,0,0.0,0.0,271696000.0,0.0,270507000.0,487972000.0,2536000.0,7063000.0,30892000.0,120477000.0,0.2081690413,90774000.0,0.1568460084,-4527000.0,86247000.0,0.1490239241,23433000.0,58462000.0,0.101014953,0.38,0.38,155512000,156648000,https://www.sec.gov/Archives/edgar/data/1123360/000112336013000014/0001123360-13-000014-index.htm,https://www.sec.gov/Archives/edgar/data/1123360/000112336013000014/gpn228201310q.htm,3.721552034569679,0.3759324039302433,0.5142625649467565,0.3816490045784248,4.391686815165389,8.264558362055661,-1.1534222439425896,7.376196049179485,7.266378157312619,3749394320.0,4189380320.0,16.03346755157196,6.478479885822105,46.88266586640658,63.17322909470776,3.2686224497357217,3.2686224497357217,7.238720129383184,34.77327888310632,52.38427889063946,70.58651614968576,0.015592385065543,0.0158294900281387,0.978954516963404,0.3650403871759664,3.6520331681565774,1.7020100084888132,12.85204587285856,1.2731875059700066,0.0004093994573502,0.0262563716602237,0.0,0.0,0.4761060963050805,0.2578713081751569,0.0356339395866234,0.6675838404764988,0.0084406630888161,7.898822699247538,0.0250242366671739,0.0362754131725008,-6.282315834147847,473034000.0,-179371000.0,-644124000.0,2279216000.0,175696000.0,235933000.0,12748000.0,25.996067359428835,94.0980387648587,4.696893753017727,3.462062117151608,0.9564492648449424,19.161600140981584,0.050965619870158,0.1326135603683317,2013-04-02,0.44,amc,578700000.0,2025-04-25,2013-02-28,0.0,24.423166666666667,1503824.8
2012-11-30,GPN,USD,1123360,2013-01-08,2013-01-08 16:37:40,2012,Q4,588538000.0,210268000.0,378270000.0,0.642728252,0,0.0,0.0,276177000.0,0.0,261688000.0,471956000.0,2187000.0,14609000.0,28160000.0,146929000.0,0.2496508297,116582000.0,0.1980874642,-12422000.0,104160000.0,0.1769809256,28789000.0,70183000.0,0.1192497341,0.45,0.45,157338000,158124000,https://www.sec.gov/Archives/edgar/data/1123360/000112336013000002/0001123360-13-000002-index.htm,https://www.sec.gov/Archives/edgar/data/1123360/000112336013000002/gpn1130201210q1.htm,3.740596677217201,0.4460651590842645,0.3569766998436487,0.1970916116894837,6.344691047299444,8.737882774663463,-0.6412246246933354,7.842758901219032,7.038484028016118,3455142480.0,3549693480.0,12.307618939059315,5.870721142899864,61.51662001922872,111.42026701064172,2.800035073956777,2.800035073956777,6.031375170337345,24.159243444112462,63.20004059395364,114.46931570461142,0.0203126210876258,0.0089750278547123,0.8856109254402884,0.3187229290455537,0.6435148949492612,1.4361089959227735,7.980149223081662,0.7451937747940189,0.0004558422725305,0.0224413319464827,0.0,0.0,0.4303908075343546,0.4478866217996652,0.042743204347043,0.8933238636363636,0.0084208666220363,8.872067610256668,0.0311741756859207,0.0359354255001584,-5.786380276856195,452450000.0,-100889000.0,-564000000.0,2266335000.0,182590500.0,272384500.0,13493000.0,28.17177480468551,104.6517301729222,6.05527231913558,3.194686902900816,0.8599953374042429,14.86308051176928,0.0568760514893465,0.1598850881541649,2013-01-08,,bmo,,2025-04-25,2012-11-30,,21.73467741935484,1409684.258064516
2012-08-31,GPN,USD,1123360,2012-10-02,2012-10-02 09:25:05,2012,Q3,590287000.0,204391000.0,385896000.0,0.6537430098,0,0.0,0.0,281419000.0,0.0,305408000.0,509799000.0,1983000.0,3545000.0,23895000.0,106366000.0,0.1801937024,80488000.0,0.1363540108,-1562000.0,78926000.0,0.1337078404,24764000.0,46675000.0,0.0790717058,0.3,0.3,157208000,158086000,https://www.sec.gov/Archives/edgar/data/1123360/000112336012000103/0001123360-12-000103-index.htm,https://www.sec.gov/Archives/edgar/data/1123360/000112336012000103/gpn831201210q.htm,3.754815276576255,0.2968996488728309,0.4365363085848048,0.2505597679507404,5.35170602004987,8.161289501806523,1.6379827998575136,7.308483028853494,3.4718589384764136,3273070560.0,2973998560.0,17.53117600428495,5.544879965169486,47.69362728955076,83.0939466869764,2.8487443861884567,2.8487443861884567,5.038224727971309,27.960048887802493,43.3356923659784,75.5013597359736,0.0142603097441321,0.0120345709870672,0.4719596641112945,0.1932848142144052,-2.8117255513980037,1.2781548951857935,22.70465444287729,1.2670691628817252,0.0004821160959023,0.0338082485270487,0.0,0.0,0.365538736164637,0.4260276567531729,0.0495301438114002,1.2235614145218665,0.0071524529593231,6.987305347116442,0.027393136058091,0.0262222636709708,-3.4286025520329755,290935000.0,257504000.0,-185591000.0,1640456000.0,182474000.0,156043500.0,11351500.0,27.590189179162003,132.2186397639818,5.653428967028881,3.26202910083611,0.6806907116928098,15.919542020406574,0.0406239773289049,0.1859765406340644,2013-01-08,0.44,amc,538414893.0,2025-04-25,2012-08-31,0.0681818181818181,21.34031746031746,1892044.476190476
2012-05-31,GPN,USD,1123360,2012-07-27,2012-07-27 15:59:08,2012,Q2,597032000.0,213071000.0,383961000.0,0.6431162819,0,0.0,0.0,289711000.0,0.0,289711000.0,502782000.0,2818000.0,4185000.0,25602000.0,38232000.0,0.0640367685,9812000.0,0.01643463,-1367000.0,8445000.0,0.0141449705,-3201000.0,5086000.0,0.0085188064,0.49,0.49,157078000,158384000,https://www.sec.gov/Archives/edgar/data/1123360/000112336012000045/0001123360-12-000045-index.htm,https://www.sec.gov/Archives/edgar/data/1123360/000112336012000045/gpn20120531-10k.htm,3.8008632653840766,0.0323788181667706,0.3397738703064719,0.092813761316034,4.973802824074664,9.20143495588179,2.740472886082074,7.462432676759317,3.390423865850088,3336336719.9999995,3083437719.9999995,163.99610302791976,5.588204183360356,62.51216428397444,228.8453748542424,2.846256833398169,2.846256833398169,5.164610473140467,80.65070412220129,57.7736546064342,211.4985746621853,0.001524426467362,0.0043697627738245,0.4507619964101199,0.1965579956125846,-6.614851433354258,1.4914145123822833,2.344563918757467,4.582775201786021,0.0004708757334301,0.3088871411718443,0.0,0.0,0.3775375789160026,0.726836671600682,0.0649747417223867,1.5151941254589485,0.0060214527864503,2.331642530761854,0.0063150905928403,0.0030395609071589,-2.0282900851806107,411454000.0,430468000.0,5939000.0,1732177000.0,170591000.0,112715000.0,11122000.0,27.735850004689866,4.991434779955977,4.166498491113291,3.244897848264318,18.03088770415503,21.60087185725872,0.0043389092497423,0.2469601089904378,2012-09-27,0.48,amc,584816326.0,2025-04-25,2012-05-31,0.0208333333333333,21.711111111111112,2103308.1904761903
2012-02-29,GPN,USD,1123360,2012-04-02,2012-04-02 07:26:29,2012,Q1,533539000.0,194218000.0,339321000.0,0.6359816246,0,0.0,0.0,246973000.0,0.0,246973000.0,441191000.0,2368000.0,3698000.0,25257000.0,119973000.0,0.2248626623,92348000.0,0.1730857538,-1330000.0,91018000.0,0.1705929651,25328000.0,57920000.0,0.1085581373,0.37,0.37,156842000,158130000,https://www.sec.gov/Archives/edgar/data/1123360/000112336012000023/0001123360-12-000023-index.htm,https://www.sec.gov/Archives/edgar/data/1123360/000112336012000023/gpn2012022910q.htm,3.401761007893294,0.3692888384488849,0.556101044363117,0.3269659912523431,4.690918248938422,9.622448068757093,2.7377169380650592,7.842140498080871,3.0589064153734333,4048092020.0,3788426020.0,17.472772876381214,7.587246705489195,46.41242857142857,78.93787332787333,3.2911932662155468,3.2911932662155468,7.100560633805589,31.577321730722748,43.435290300389816,73.87438126438127,0.014307975143312,0.0126681902848641,0.3870535790506652,0.1819152753316716,-2.1643703166545807,1.4972673019923708,24.9724175229854,1.3277515603592631,0.0003880840633657,0.0271236187845303,0.0,0.0,0.4126201627759727,0.4120385232744783,0.0673577751579547,1.422892663420042,0.0081924657803834,8.072195271331585,0.03081617199478,0.0376799752269776,-1.580895104627587,374129000.0,429389000.0,18732000.0,1742372000.0,160429000.0,210016500.0,12085000.0,26.51575611154949,98.98758096571892,5.736852402969858,3.3942083198147475,0.9092049641173524,15.688045234248788,0.0470903114448481,0.2291350531107739,2012-04-02,0.42,amc,533500000.0,2025-04-25,2012-02-29,0.0,25.34725806451613,1387347.838709677
2011-11-30,GPN,USD,1123360,2012-01-06,2012-01-06 16:26:08,2011,Q4,530505000.0,185931000.0,344574000.0,0.6495207397,0,0.0,0.0,247994000.0,0.0,247994000.0,433925000.0,2259000.0,4878000.0,24024000.0,122863000.0,0.2315963092,96580000.0,0.1820529495,-2619000.0,93961000.0,0.1771161441,25812000.0,61181000.0,0.115325963,0.39,0.39,156696000,157752000,https://www.sec.gov/Archives/edgar/data/1123360/000112336012000006/0001123360-12-000006-index.htm,https://www.sec.gov/Archives/edgar/data/1123360/000112336012000006/gpn2011113010q.htm,3.385568234032777,0.3904439168836473,1.8622811048144177,1.715531985500587,4.91946188798693,9.149869811609742,2.507958084443764,7.31578980956757,3.3296191351406543,3466115520.0,3212115520.0,14.163365750804989,6.533615177990782,11.877906049100108,12.893959533809246,3.023596983482429,3.023596983482429,6.054826099659758,26.1438799313056,11.007482625800172,11.9490788156999,0.0176511716493511,0.0775556955470428,0.4508725482071435,0.1977019812656277,-2.0673433010751814,1.4743307110019024,19.79909799097991,4.281970388413623,0.0004489175248261,0.0254327323842369,0.0,0.0,0.3980971863251093,0.078800734719614,0.0433454915599287,0.9571678321678322,0.0083825788635356,8.01680276904473,0.0330331452424653,0.0388801826156695,-1.7938284959411854,382986000.0,392987000.0,9819000.0,1681788000.0,171059000.0,212199000.0,11122000.0,27.766053100347783,99.9177114090711,5.706955806186166,3.241368143853068,0.9007412072473596,15.770229007633588,0.0533700293539086,0.1467491193138306,2012-01-05,0.44,amc,542837209.0,2025-04-25,2011-11-30,-0.0227272727272727,22.258412698412695,1574757.6825396826
2011-08-31,GPN,USD,1123360,2011-10-11,2011-10-11 09:54:19,2011,Q3,542771000.0,191536000.0,351235000.0,0.647114529,0,0.0,0.0,242625000.0,0.0,242625000.0,434161000.0,2501000.0,4087000.0,24216000.0,135327000.0,0.2493261431,108610000.0,0.2001028058,-1586000.0,107024000.0,0.1971807632,34943000.0,63974000.0,0.1178655455,0.4,0.4,160152000,161662000,https://www.sec.gov/Archives/edgar/data/1123360/000112336011000105/0001123360-11-000105-index.htm,https://www.sec.gov/Archives/edgar/data/1123360/000112336011000105/gpn201183110q.htm,3.389099105849443,0.3994580148858584,-3.7831435136620217,-3.859015185573705,4.520405614666068,9.067454668065338,2.183375792996653,7.228826364953294,4.338559618362556,3670683840.000001,3637473840.000001,14.344436177196988,6.762859180022515,-6.058453748114307,-5.939339157224015,3.1706391664240905,3.1706391664240905,6.7016731549769615,26.87914340818905,-6.00364073295284,-5.885603814707725,0.017428360160814,-0.1683688998941407,0.5966445857385825,0.2544021379234652,-0.2454055731672171,1.5423716984447655,26.57450452654759,-8.40551601670343,0.0004394276571637,0.0252133679307218,0.0,0.0,0.4060533493815093,-0.0200551926295392,0.0223869735118493,0.501775685497192,0.0073290577425838,8.060476671278378,0.0315604662541768,0.0396698868142614,-2.497438371047505,435192000.0,349672000.0,-25408000.0,1793355000.0,172952500.0,119015500.0,9047000.0,29.589992833073246,102.42471389190544,4.91218361039178,3.041568834021664,0.8786941801466203,18.32179070212359,0.0552590413324223,0.0758716719116839,2011-10-04,0.37,amc,502089999.0,2025-04-25,2011-08-31,0.0810810810810811,22.78546875,1590534.625
2011-05-31,GPN,USD,1123360,2011-07-25,2011-07-25 16:03:44,2011,Q2,519755000.0,191439000.0,328316000.0,0.631674539,0,0.0,0.0,240172000.0,0.0,240172000.0,431611000.0,3535000.0,4706000.0,25718000.0,117397000.0,0.225869881,88144000.0,0.1695875942,-1171000.0,86973000.0,0.1673346096,24587000.0,58577000.0,0.1127011765,0.0,0.0,0,0,https://www.sec.gov/Archives/edgar/data/1123360/000119312511196004/0001193125-11-196004-index.htm,https://www.sec.gov/Archives/edgar/data/1123360/000119312511196004/d10k.htm,0.0,0.0,0.0,0.0,0.0,0.0,0.0,0.0,0.0,0.0,-729521000.0,0.0,0.0,0.0,0.0,0.0,0.0,-1.4035863050860502,-6.214136647444143,31.018368127896597,16.22563999911034,,0.0,0.5274339719805662,0.1864671599815074,-6.214136647444143,1.2794385625784082,18.73013174670633,-0.3771669579999038,,0.0274169042456937,0.0,0.0,0.3346147222634263,-0.9116884221267912,0.0412540523900684,0.8337351271483008,0.0079595193889428,,0.0279425335664253,0.0262748531663761,0.0,403611000.0,350538000.0,-30881000.0,1781049000.0,,,,28.99608469374994,9.427389403413098,3.591744628837384,3.103867330729633,9.546651373859271,25.057460732984293,0.049451472518752,0.0,2011-07-21,0.36,amc,492442105.0,2025-04-25,2011-05-31,0.0555555555555556,25.705873015873017,1139348.825396825
2011-02-28,GPN,USD,1123360,2011-04-01,2011-04-01 16:02:52,2011,Q1,456382000.0,168332000.0,288050000.0,0.6311598617,0,0.0,0.0,209851000.0,0.0,209851000.0,378183000.0,1631000.0,4315000.0,21791000.0,101621000.0,0.2226665381,78199000.0,0.1713454957,-2684000.0,75515000.0,0.1654644574,20962000.0,47789000.0,0.1047127187,0.3,0.3,159794000,161466000,https://www.sec.gov/Archives/edgar/data/1123360/000119312511086772/0001193125-11-086772-index.htm,https://www.sec.gov/Archives/edgar/data/1123360/000119312511086772/d10q.htm,2.8560646832797225,0.2990662978584928,4.970192873324405,4.811325832008711,,,,,,3835056000.0,,20.06244114754441,8.40317102777936,4.828786449880195,4.988230030137054,0.0,0.0,,,,,0.0124610957441038,0.2004719096670296,0.0,0.0,,0.0,18.122595596755502,14.674383799563948,0.0004177253213512,0.0335223587017933,0.0,0.0,0.0,0.0319639590182408,0.055624454952211,1.1649763663897938,0.0088916740800469,,0.0,0.0,,,,,,,,,,,,0.0,0.0,0.0,0.0,0.1588670413156939,2011-03-31,0.32,amc,456400000.0,2025-04-25,2011-02-28,0.0,23.86032258064516,868569.8387096775
2010-11-30,GPN,USD,1123360,2011-01-10,2011-01-07 19:26:56,2010,Q4,443526000.0,154205000.0,289321000.0,0.6523202698,0,0.0,0.0,206178000.0,0.0,206178000.0,360383000.0,4072000.0,4299000.0,18024000.0,105239000.0,0.2372780852,83143000.0,0.1874591343,-227000.0,82916000.0,0.1869473267,24546000.0,53505000.0,0.1206355434,0.34,0.34,159402000,160688000,https://www.sec.gov/Archives/edgar/data/1123360/000119312511003898/0001193125-11-003898-index.htm,https://www.sec.gov/Archives/edgar/data/1123360/000119312511003898/d10q.htm,2.7824368577558625,0.335660782173373,0.2726502804230812,0.1037439931744896,4.163435841457448,6.263817267035545,1.3103160562602727,6.201484297562138,3.330472641497597,3312373560.0,3175298560.0,15.476934679001964,7.468273697596082,76.21484917512252,200.30075346193385,3.3508107096504,3.3508107096504,7.159216280443537,30.17226085386596,73.06087204620235,192.01176513273265,0.016153069401991,0.0049924924530553,0.5326955506616396,0.2560476322456104,-1.3025114263723525,1.5324768764903425,19.34007908816004,0.7508422161947377,0.0004812259158354,0.0297916082609101,0.0,0.0,0.3839355437885042,0.6194979406824509,0.0607044457371157,1.493786063027075,0.0094650595455508,6.8436751145858,0.0329823395728551,0.042229943046207,-1.743329757468539,322673000.0,208867000.0,-129467000.0,1332215000.0,150986500.0,178969000.0,7234000.0,30.4937027367054,103.8170617035764,4.515612334230407,2.9514290467476294,0.8669095283872745,19.9308517513248,0.0541258779459176,0.1689062872485916,2011-01-06,0.33,amc,418157142.0,2025-04-25,2010-11-30,0.0606060606060604,20.89109375,1276968.84375
2010-08-31,GPN,USD,1123360,2010-10-12,2010-10-12 16:03:53,2010,Q3,440138000.0,151041000.0,289097000.0,0.6568326298,0,0.0,0.0,206990000.0,0.0,206990000.0,358031000.0,1537000.0,4841000.0,16704000.0,100348000.0,0.2279921297,82107000.0,0.1865483098,-3304000.0,78803000.0,0.1790415733,24981000.0,49368000.0,0.112164821,0.31,0.31,159194000,160678000,https://www.sec.gov/Archives/edgar/data/1123360/000119312510228084/0001193125-10-228084-index.htm,https://www.sec.gov/Archives/edgar/data/1123360/000119312510228084/d10q.htm,2.764790130281292,0.3101121901579205,-0.6556591328818925,-0.8113496739826878,3.632128095279973,5.855478221541013,0.9233827908086988,5.791173034159579,2.921730718494416,2996031080.0,2878099080.0,15.171928577216011,6.807026614380035,-28.70393937361679,-23.19591737507936,3.249773385977091,3.249773385977091,6.539083378394958,28.68118029258181,-27.574073598589727,-22.28286245180471,0.0164777996895813,-0.0431110347493457,0.4992634935786185,0.2411432642914585,-1.175230198907801,1.585140872933854,16.96075191076224,-1.940309328177864,0.0005293670050979,0.0321260735699238,0.0,0.0,0.4113488182025362,-0.2374565277791084,0.0563118840000181,1.4837763409961686,0.0079338752845698,6.356732686463316,0.0345574029879984,0.0439379308196531,-1.766624370265211,297258000.0,146997000.0,-171319000.0,1285346000.0,142089500.0,97742500.0,8235500.0,31.019407549450403,107.29080183526328,4.010765288895068,2.9014093791612283,0.8388417129940742,22.439607784875943,0.0535491148906629,0.1556905411007952,2010-10-11,0.35,amc,453044117.0,2025-04-25,2010-08-31,-0.0285714285714284,19.37046875,1211668.78125
2010-05-31,GPN,USD,1123360,2010-07-28,2010-07-28 16:01:56,2010,Q2,425050000.0,152322000.0,272728000.0,0.6416374544,0,0.0,0.0,201243000.0,0.0,201243000.0,353565000.0,1930000.0,4815000.0,18242000.0,91657000.0,0.2156381602,71485000.0,0.1681802141,-2885000.0,68600000.0,0.1613927773,17890000.0,34190000.0,0.0804375956,0.0,0.0,0,0,https://www.sec.gov/Archives/edgar/data/1123360/000119312510169025/0001193125-10-169025-index.htm,https://www.sec.gov/Archives/edgar/data/1123360/000119312510169025/d10k.htm,0.0,0.0,0.0,0.0,0.0,0.0,0.0,0.0,0.0,0.0,-269625000.0,0.0,0.0,0.0,0.0,0.0,0.0,-0.6343371368074344,-2.941673849242284,-1.8271732942994223,-2.1059517300632664,,0.0,0.5809147949989782,0.2453364493955356,-2.941673849242284,1.4398598601277974,14.84631360332295,3.780687146114627,,0.0473822755191576,0.0,0.0,0.279057884810962,0.1323764603832913,0.0459569462416186,1.0708255673719986,0.0146547465004117,,0.0331465715697271,0.0232547699825062,0.0,295793000.0,405099000.0,-96873000.0,1048821000.0,127564500.0,95924500.0,10943000.0,28.05149982355017,9.11450742506007,5.754913932327569,3.2083845985462065,9.874367950213925,15.638809034907595,0.0396974679076334,0.0,2010-07-27,0.28,amc,410441379.0,2025-04-25,2010-05-31,0.0357142857142855,21.166666666666668,2811582.380952381
2010-02-28,GPN,USD,1123360,2010-04-01,2010-04-01 16:01:47,2010,Q1,398535000.0,146202000.0,252333000.0,0.6331514171,0,0.0,0.0,178484000.0,0.0,178484000.0,324686000.0,1319000.0,4141000.0,16720000.0,91888000.0,0.2305644423,73849000.0,0.1853011655,-2822000.0,71027000.0,0.1782202316,20298000.0,48461000.0,0.1215978521,0.3,0.3,163078000,165272000,https://www.sec.gov/Archives/edgar/data/1123360/000119312510074997/0001193125-10-074997-index.htm,https://www.sec.gov/Archives/edgar/data/1123360/000119312510074997/d10q.htm,2.443830559609512,0.2971645470265762,-2.863813635192975,-2.960963465335606,3.6155704632139214,5.795968800206037,0.96682569077374,5.733403647334405,2.8325586529145563,3569777420.0,3437944420.0,18.415723055653,8.957249476206607,-7.643653808682619,-7.392863929686788,3.817976431883909,3.817976431883909,8.626455443060207,37.4145091850949,-7.3613712756276435,-7.11984314553874,0.0135753561912551,-0.1352655763058751,0.4896159539332957,0.2312443298573296,-1.43471399965175,1.6607509425478828,17.833615068823956,-9.076906631423462,0.0004571713605606,0.0336765646602422,0.0,0.0,0.3978076121854775,-0.0339232375140517,0.039753095713049,0.9475478468899522,0.0110655274944484,6.1915019744860444,0.0332253419771823,0.0406503928646024,-2.1265529378579577,358575000.0,157668000.0,-133220000.0,1324651000.0,127585500.0,172920000.0,12502000.0,27.69724114569611,108.60364427299216,7.476915500471949,3.2494211075598463,0.8287014731639298,12.037049234315823,0.0518303899926416,0.0971498301426311,2010-03-31,0.26,amc,357275862.0,2025-04-25,2010-02-28,0.1153846153846152,22.82540983606557,2012922.4590163932
2009-11-30,GPN,USD,1123360,2010-01-08,2010-01-08 16:02:22,2009,Q4,408951000.0,144881000.0,264070000.0,0.6457252825,0,0.0,0.0,175368000.0,0.0,175368000.0,320249000.0,690000.0,4423000.0,16783000.0,106175000.0,0.2596276816,88702000.0,0.2169012914,-3733000.0,84969000.0,0.2077730584,23655000.0,62835000.0,0.1536492147,0.39,0.38,162472000,164376000,https://www.sec.gov/Archives/edgar/data/1123360/000119312510003502/0001193125-10-003502-index.htm,https://www.sec.gov/Archives/edgar/data/1123360/000119312510003502/d10q.htm,2.517055246442464,0.3867435619676005,0.5460263922398937,0.4870870057609927,6.714061499827663,5.736440740558373,0.6581318627209611,5.671174110000492,2.864259687823133,4164157360.0,3534249360.0,16.56782589321238,10.182533750987282,46.9391230245508,52.61893603578559,4.519346347488135,4.519346347488135,8.6422318566283,33.28702010831175,39.83868791847961,44.65932118577675,0.0150894873963168,0.0190045651877094,0.5002555873788673,0.1836521574214852,-5.932733694372498,1.322321386984332,20.054713995026,1.340455108639811,0.0003911955911291,0.0259250417760802,0.0,0.0,0.3287382343472593,0.1079423766260116,0.0234160082748299,0.5705773699576953,0.0108301483551819,7.024886241527375,0.0405934481468064,0.0372960027066089,-2.3460580900093557,339085000.0,106928000.0,-186743000.0,1338860000.0,129540000.0,171492500.0,13070500.0,29.16503444177909,105.24175012596544,7.987382748600576,3.0858869781094604,0.8551739199726119,11.26777103748639,0.0681946197500127,0.0589393864789009,2010-01-07,0.3,amc,340833333.0,2025-04-25,2009-11-30,0.2,25.503125,1378075.875
2009-08-31,GPN,USD,1123360,2009-10-06,2009-10-06 16:22:47,2009,Q3,409932000.0,141204000.0,268728000.0,0.6555428705,0,0.0,0.0,179485000.0,0.0,179485000.0,320689000.0,690000.0,4141000.0,16922000.0,106855000.0,0.2606651835,89243000.0,0.2177019603,-3451000.0,85792000.0,0.2092834909,25536000.0,57831000.0,0.1410746173,0.36,0.36,161108000,162596000,https://www.sec.gov/Archives/edgar/data/1123360/000119312509204342/0001193125-09-204342-index.htm,https://www.sec.gov/Archives/edgar/data/1123360/000119312509204342/d10q.htm,2.5444546515380986,0.3589579660848623,4.323236586637535,4.254332497455123,6.656087841696253,5.156087841696253,-0.2892531717853862,5.088729299600268,3.0198500384835016,3418711760.0,2828743760.0,14.778889177084954,8.33970453636213,4.908359645546067,4.9878564998606665,4.16999976824605,4.16999976824605,6.900519500795254,26.47273183285761,4.061322712732661,4.127100773700882,0.0169160210219068,0.2004869225944921,0.588387907322815,0.1984349186812608,-5.5212016283749,1.2163418539814117,21.551074619657086,11.154122093395683,0.0004726926729851,0.0279434905154674,0.0,0.0,0.3608860484555692,0.0159380796774767,0.0270801010899368,0.656009927904503,0.007328044651308,6.410881233120105,0.0415326367470051,0.0372229087819572,-2.64625437594657,222783000.0,-46601000.0,-347685000.0,1282255000.0,124997500.0,176805500.0,9598500.0,27.785413190480373,110.62802753463076,8.466261578992096,3.2391096501971446,0.8135370575221239,10.630429872769705,0.0705398037409966,0.0689040891824118,2009-10-01,0.32,amc,385788235.0,2025-04-25,2009-08-31,0.0625,21.11828125,969785.9375
2009-05-31,GPN,USD,1123360,2009-07-28,2009-07-28 17:02:23,2009,Q2,402041000.0,153537000.0,248504000.0,0.6181061136,0,0.0,0.0,181059000.0,0.0,33395000.0,186932000.0,690000.0,623000.0,15891000.0,84026000.0,0.2089985847,67445000.0,0.1677565223,67000.0,67512000.0,0.167923172,20710000.0,37559000.0,0.0934208203,0.0,0.0,0,0,https://www.sec.gov/Archives/edgar/data/1123360/000119312509157024/0001193125-09-157024-index.htm,https://www.sec.gov/Archives/edgar/data/1123360/000119312509157024/d10k.htm,0.0,0.0,0.0,0.0,0.0,0.0,0.0,0.0,0.0,0.0,-219758000.0,0.0,0.0,0.0,0.0,0.0,0.0,-0.5466059431749498,-2.615357151357913,-1.9244268525491708,-2.2262541534970417,,0.0,0.3104100804578757,0.1235534383216813,-2.615357151357913,1.7704602039996788,108.25842696629212,3.040389786735536,,0.0428392662211453,0.0,0.0,0.5267193099323064,0.1355762999807345,0.0385085103260612,0.9742621609716192,0.0089941075661437,,0.0338756559241571,0.0473269515011838,0.0,259011000.0,-204971000.0,-403390000.0,1318451000.0,114617000.0,165942000.0,6142000.0,27.63255488868051,105.53723206784032,3.466656245725786,3.2570278196341484,0.8527796137589354,25.96161650321272,0.0562740661942076,0.0,2009-07-23,0.22,amc,351904347.0,2025-04-25,2009-05-31,0.0454545454545455,17.242857142857144,1989483.4603174604
2009-02-28,GPN,USD,1123360,2009-04-06,2009-04-06 17:24:50,2009,Q1,359528000.0,124001000.0,235527000.0,0.6551005763,0,0.0,0.0,173144000.0,0.0,173144000.0,297145000.0,1135000.0,2287000.0,15297000.0,78815000.0,0.2192179747,62383000.0,0.1735136067,-1152000.0,61231000.0,0.1703094057,18531000.0,-106776000.0,-0.2969893861,-0.66,-0.66,160666000,161896000,https://www.sec.gov/Archives/edgar/data/1123360/000119312509073865/0001193125-09-073865-index.htm,https://www.sec.gov/Archives/edgar/data/1123360/000119312509073865/d10q.htm,2.237735426288076,-0.6645836704716617,0.4249810165187407,0.3748023850721372,2.412414574334333,5.695455167863767,0.9576014838235845,5.695455167863767,1.2223930389752655,2464616440.0,2271133440.0,-5.770529988012288,6.8551446340757884,36.09572993555946,40.92823474708559,2.6933756035083807,2.6933756035083807,6.316986270888498,28.816005075176044,33.262059753954304,37.71519213524195,-0.0433235769538241,0.0244330107608955,0.2121267755549873,0.1343697476664756,-2.4549007168686163,2.003770206303573,27.277219064276345,-0.69166717315991,0.0006483767510696,-0.0149659099423091,0.0,0.0,0.5269376351588957,0.1180726420620972,0.0224238445962484,0.5270314440740015,0.0105694132306802,,0.0359829559629824,-0.1562459759081277,-0.369742198100407,265705000.0,153854000.0,882000.0,1168329000.0,108536000.0,145121000.0,5840000.0,26.48372310362475,110.20628865896242,4.623349811695067,3.398313735869031,0.8166503118393583,19.46640502354788,-0.1166866652241477,0.0501786314466035,2009-04-02,0.21,bmo,328239130.0,2025-04-25,2009-02-28,0.0952380952380953,16.484426229508195,1746343.9344262294
2008-11-30,GPN,USD,1123360,2009-01-08,2009-01-08 16:31:10,2008,Q4,365884000.0,131144000.0,234740000.0,0.6415694592,0,0.0,0.0,156858000.0,0.0,156858000.0,288002000.0,1936000.0,1799000.0,18304000.0,98122000.0,0.2681778924,77882000.0,0.2128598135,137000.0,78019000.0,0.2132342491,20813000.0,48907000.0,0.1336680478,0.31,0.3,160456000,162314000,https://www.sec.gov/Archives/edgar/data/1123360/000119312509003241/0001193125-09-003241-index.htm,https://www.sec.gov/Archives/edgar/data/1123360/000119312509003241/d10q.htm,2.2802762127935385,0.3048000698010669,0.8271613401804856,0.7665029665453458,2.220135114922471,6.866374582440046,0.9566859450565888,6.646937478187167,1.2674689634541556,2669987840.0,2515327840.0,13.648290837712397,7.297361568147282,20.11699434159867,21.708983169363364,2.503408532817773,2.503408532817773,6.874659290922806,25.634698028984324,18.951710253686247,20.45148255955769,0.0183173118870833,0.0460638802010424,0.1889978913140704,0.1249350762041117,-1.5762010558284585,1.8598711627633973,43.29182879377432,2.203017627726322,0.000604497135088,0.0330014108409839,0.0,0.0,0.5877199506641131,0.0733331826435508,0.0266013271965978,0.5317416958041958,0.0105579910572749,6.751644811790862,0.0416096239788984,0.0735239068830475,-0.4320997656678466,234394000.0,153506000.0,-4693000.0,1328303000.0,126006000.0,140284000.0,5943000.0,27.37162597981873,94.98025071676936,3.644085890319039,3.2880764944821883,0.9475654077643948,24.697551789077213,0.0458557148764088,0.0606583736351398,2009-01-06,0.28,bmo,341506666.0,2025-04-25,2008-11-30,0.0714285714285712,18.57890625,1704838.6875
2008-08-31,GPN,USD,1123360,2008-10-08,2008-10-08 16:11:19,2008,Q3,405757000.0,144177000.0,261580000.0,0.6446715645,0,0.0,0.0,168483000.0,0.0,168483000.0,312660000.0,3371000.0,2404000.0,16796000.0,113264000.0,0.2791424424,93097000.0,0.2294402808,967000.0,94064000.0,0.2318234806,28216000.0,57527000.0,0.1417769749,0.36,0.36,159656000,162532000,https://www.sec.gov/Archives/edgar/data/1123360/000119312508208011/0001193125-08-208011-index.htm,https://www.sec.gov/Archives/edgar/data/1123360/000119312508208011/d10q.htm,2.5414453575186653,0.3603184346344641,0.4245001753770607,0.3765032319486897,1.802130831287268,7.321140451971739,0.7565077416445357,7.056803377261112,1.3343501027208498,3849306160.0,3772218160.0,16.72825873068298,9.486727671981011,56.796207395166284,64.03663489211625,3.416561112881337,3.416561112881337,9.296742040186617,33.304652493290014,55.65878006315106,62.7542073830081,0.0149447712415787,0.0156160610513765,0.186953307161604,0.1239194049976526,-0.6806046051702218,1.7928555048416568,38.725873544093176,1.029249179929535,0.0004146201766398,0.0277434943591704,0.0,0.0,0.6166071876114129,0.1130669578304364,0.0188856877392133,0.4562395808525839,0.0081107658031777,7.56377338333211,0.0444844894560099,0.0882755974987532,-0.8413902390138799,214358000.0,120781000.0,-46174000.0,1415974000.0,121134500.0,144843000.0,5198500.0,31.216319126965157,88.74529224494891,4.104954326973095,2.883107378353797,1.014138302137627,21.92472627737226,0.0510597242648853,0.047996943428371,2008-10-02,0.3,bmo,307500000.0,2025-04-25,2008-08-31,0.2,23.1921875,1281330.6875
2008-05-31,GPN,USD,1123360,2008-07-30,2008-07-30 07:32:59,2008,Q2,343832000.0,125129000.0,218703000.0,0.6360751762,0,0.0,0.0,151918000.0,0.0,151918000.0,277047000.0,0.0,0.0,11814000.0,78599000.0,0.2285971056,66785000.0,0.1942373019,740000.0,67525000.0,0.1963895158,26517000.0,40811000.0,0.118694595,0.0,0.0,0,0,https://www.sec.gov/Archives/edgar/data/1123360/000119312508160811/0001193125-08-160811-index.htm,https://www.sec.gov/Archives/edgar/data/1123360/000119312508160811/d10k.htm,0.0,0.0,0.0,0.0,0.0,0.0,0.0,0.0,0.0,0.0,-454533000.0,0.0,0.0,0.0,0.0,0.0,0.0,-1.3219624700435095,-5.78293616967137,-5.135733978125282,-5.194247317357468,,0.0,0.001355143421564,0.0010560845199587,-5.78293616967137,2.835381534957199,0.0,2.1686310063463283,,0.0390335938840018,0.0,0.0,0.4652941025944269,0.0112650275693753,0.0028996719328043,0.0843914000338581,0.0069394355382861,,0.0329829966286194,0.0527863827145323,0.0,399658000.0,454046000.0,298321000.0,1213845000.0,93519000.0,132468500.0,4480500.0,26.576845668815004,106.10418048573872,2.748283771148175,3.386406390040676,0.8482229407737308,32.74771002355404,0.036217916291717,0.0,2008-07-30,,bmo,,2025-04-25,2008-05-31,,22.48640625,1010153.5625
2008-02-29,GPN,USD,1123360,2008-04-02,2008-04-02 16:10:40,2008,Q1,310641000.0,117661000.0,192980000.0,0.6212315824,0,0.0,0.0,133069000.0,0.0,133069000.0,250730000.0,4767000.0,2198000.0,11242000.0,75920000.0,0.2443978741,59911000.0,0.1928625004,2569000.0,62480000.0,0.201132497,19265000.0,40055000.0,0.1289430565,0.26,0.25,158438000,161300000,https://www.sec.gov/Archives/edgar/data/1123360/000119312508073348/0001193125-08-073348-index.htm,https://www.sec.gov/Archives/edgar/data/1123360/000119312508073348/d10q.htm,1.9606470669915048,0.2528118254459157,0.217959075474318,0.1610787816054229,2.4518549842840733,6.780444085383557,2.683586008407074,6.678644012168798,0.0209798154483141,3143409920.0,2756068920.0,19.619335413806017,10.11910829542784,91.02626241566038,123.16954351318522,2.9706629016085606,2.9706629016085606,8.872199484292157,36.30227766069547,79.80971592389888,107.99219936522864,0.0127425315244917,0.0081188902018862,0.0010641203382125,0.0008493183955877,-5.101962592202319,3.1277549716665285,27.25705186533212,0.862139558107602,0.0005061382512911,0.0397203844713518,0.0,0.0,0.4896011296085517,0.2609677699591695,0.0290109805209228,0.8016367194449386,0.0397629417881091,6.163595066594345,0.0357892536160552,0.0591942022046164,1.2855296709122812,359714000.0,425182000.0,277283000.0,1143507000.0,86665000.0,117421500.0,5696000.0,24.77280848310429,89.81412702594743,3.9316341013589886,3.63301561312204,1.0020695293736903,22.89124513618677,0.0378537656723851,0.056880293868895,2008-07-24,0.25,bmo,330576923.0,2025-04-25,2008-02-29,0.04,19.45786885245902,1606405.1147540985
2007-11-30,GPN,USD,1123360,2008-01-08,2008-01-08 16:11:20,2007,Q4,308776000.0,116513000.0,192263000.0,0.6226617354,0,0.0,0.0,133518000.0,0.0,133518000.0,250031000.0,0.0,0.0,10749000.0,69494000.0,0.2250628287,58431000.0,0.1892342669,3471000.0,61902000.0,0.2004754256,21023000.0,38313000.0,0.1240802394,0.24,0.24,158054000,161012000,https://www.sec.gov/Archives/edgar/data/1123360/000119312508003127/0001193125-08-003127-index.htm,https://www.sec.gov/Archives/edgar/data/1123360/000119312508003127/d10q.htm,1.9536107912485603,0.2424044946663798,0.7037974363192326,0.6195920381641717,2.2991952117630685,6.449941159350602,2.350595366140686,6.350715578220102,0.0042960001012312,3415546940.0,3052828940.0,22.28712799832955,11.061568710003367,30.704857512720476,34.877788397716714,3.402766150339325,3.402766150339325,9.886872490089903,43.929388724206405,27.44411927578705,31.17390088737759,0.0112172371432845,0.0286715427193045,0.0006764592191727,0.0005212055430478,-5.219414625723084,2.696733360123517,0.0,2.9034009344086864,0.0004599556169472,0.0410043588338162,0.0,0.0,0.4973467644189326,0.1196443661338751,0.0431024431950669,1.238161689459485,0.0105092364691556,5.88535852870816,0.0346286221741641,0.0585082257865006,0.9432330089716172,320893000.0,371521000.0,226707000.0,1103032000.0,89751000.0,116590500.0,5163500.0,25.598654040469462,90.70447074575368,4.82933234917992,3.5158098491317964,0.9922333404300616,18.636116442738324,0.0381696348514977,0.0842053981550609,2008-03-27,0.21,bmo,296481818.0,2025-04-25,2007-11-30,0.0476190476190476,22.32171875,1285678.5
2007-08-31,GPN,USD,1123360,2007-10-04,2007-10-04 06:02:38,2007,Q3,310980000.0,116309000.0,194671000.0,0.6259920252,0,0.0,0.0,127436000.0,0.0,127436000.0,243745000.0,0.0,0.0,10229000.0,77464000.0,0.2490964049,66232000.0,0.2129783266,3264000.0,69496000.0,0.2234741784,23783000.0,43575000.0,0.1401215512,0.27,0.27,161388889,164433962,https://www.sec.gov/Archives/edgar/data/1123360/000119312507212833/0001193125-07-212833-index.htm,https://www.sec.gov/Archives/edgar/data/1123360/000119312507212833/d10q.htm,1.9268984496200352,0.2699999998141136,0.2363173836583013,0.1768027537509103,1.6763483637340115,5.937391390060316,2.048201719760274,5.846852319554663,0.0008240963849748,3185816668.86,2915405668.86,18.277777790361444,10.244442307736833,83.53173048218358,111.64984470666572,3.3761755763832144,3.3761755763832144,9.374897642485044,37.63562001523288,76.44158653504286,102.17304509917992,0.0136778115407352,0.0089565731383439,0.0001409470155794,0.0001122004963817,-3.490795724465558,2.9851270500457523,0.0,0.8752495697074011,0.0005091316194853,0.0372231784279977,0.0,0.0,0.5295121049994179,0.2518419465638847,0.0308862306257637,0.9389969694007234,0.006592063798315,5.959834546096095,0.0417522502803089,0.0781325644694516,0.7075471595817231,282027000.0,330557000.0,196948000.0,1032287000.0,85744500.0,115713500.0,3755000.0,26.532027783137178,89.5720881445116,3.1532383564470505,3.39212670571681,1.004777290162065,28.54208588957055,0.0461786932622027,0.0595146299073909,2008-01-03,0.23,bmo,295933333.0,2025-04-25,2007-08-31,0.0434782608695651,19.507142857142856,1593407.9365079366
2007-05-31,GPN,USD,1123360,2007-07-30,2007-07-30 16:32:18,2007,Q2,280100000.0,107326000.0,172774000.0,0.6168297037,0,0.0,0.0,118620000.0,0.0,118620000.0,225946000.0,0.0,0.0,10021000.0,64175000.0,0.2291146019,51066000.0,0.1823134595,2488000.0,53554000.0,0.1911960014,17687000.0,33178000.0,0.1184505534,0.0,0.0,0,0,https://www.sec.gov/Archives/edgar/data/1123360/000119312507165419/0001193125-07-165419-index.htm,https://www.sec.gov/Archives/edgar/data/1123360/000119312507165419/d10k.htm,0.0,0.0,0.0,0.0,0.0,0.0,0.0,0.0,0.0,0.0,-308872000.0,0.0,0.0,0.0,0.0,0.0,0.0,-1.10272045697965,-4.812964550058434,-11.353918541390971,-20.503983005841743,,0.0,0.0,0.0,-4.812964550058434,3.1105706306823357,0.0,0.8199409247091446,,0.0487371149556935,0.0,0.0,0.5221129924397961,0.4462579032495221,0.0433416636915387,1.2114559425207063,0.0078471974294894,,0.0323333813326125,0.0578250677542199,0.0,301552000.0,345845000.0,216509000.0,1046911000.0,75805000.0,111355500.0,3987000.0,25.64469832202785,96.9978383616272,2.88047630583456,3.5094973186989424,0.9278557287479144,31.244832605531297,0.0346406675464826,0.0,2007-09-27,0.25,bmo,287962962.0,2025-04-25,2007-05-31,0.08,19.583492063492063,1960926.1904761903
2007-02-28,GPN,USD,1123360,2007-04-06,2007-04-06 16:37:51,2007,Q1,260418000.0,103555000.0,156863000.0,0.602350836,0,0.0,0.0,105670000.0,0.0,105670000.0,209225000.0,0.0,0.0,10286000.0,51193000.0,0.1965801135,51193000.0,0.1965801135,2329000.0,53522000.0,0.2055234277,17148000.0,34296000.0,0.1316959657,0.22,0.21,159516279,163314286,https://www.sec.gov/Archives/edgar/data/1123360/000119312507076331/0001193125-07-076331-index.htm,https://www.sec.gov/Archives/edgar/data/1123360/000119312507076331/d10q.htm,1.6325481112808555,0.2150000000940342,0.311623367292814,0.2616284699068237,1.830904042088394,5.75867244245335,1.890954339525435,5.658883254166178,0.0,3069093207.96,2777034207.96,22.37209301347096,11.7852575780476,61.74119793115934,73.53939732496285,3.399964115858927,3.399964115858927,10.663756760131786,54.24636586955247,55.865823250518005,66.54129026597018,0.0111746361795236,0.0135981533215604,0.0,0.0,-5.705057332057117,2.517459759526811,0.0,1.449411010030324,0.0005255624025417,0.0470317238161884,0.0,0.0,0.5323469240718547,0.1604337242752821,0.0306238432059227,0.7753256853976278,0.0090969134238032,5.23209783490349,0.0350032064922741,0.0632782705120233,0.6759686263744906,250393000.0,301638000.0,175052000.0,980828000.0,73561000.0,111548000.0,5007000.0,24.81326175609981,93.02882526193812,3.944860219207185,3.6270926766762304,0.9674420777279522,22.814496585150916,0.0379933620181591,0.0499948973859903,2007-07-26,0.22,bmo,267921739.0,2025-04-25,2007-02-28,0.0454545454545455,19.421803278688525,2873098.557377049
2006-11-30,GPN,USD,1123360,2007-01-08,2007-01-08 16:31:54,2006,Q4,260697000.0,105766000.0,154931000.0,0.594295293,0,0.0,0.0,102628000.0,0.0,102628000.0,208394000.0,0.0,0.0,10253000.0,52303000.0,0.2006275485,52303000.0,0.2006275485,1991000.0,54294000.0,0.2082647671,17692000.0,34002000.0,0.1304272776,0.21,0.21,161914286,161914286,https://www.sec.gov/Archives/edgar/data/1123360/000119312507003002/0001193125-07-003002-index.htm,https://www.sec.gov/Archives/edgar/data/1123360/000119312507003002/d10q.htm,1.6100926387681442,0.2099999996294335,0.5673310383495129,0.5158840647328674,1.539376210447545,5.44782070681521,1.5983209782983572,5.35041731895109,0.0012475736699354,3707837149.4,3458792149.4,27.261904810011178,14.222784111056129,40.36444060353367,44.38981849896442,4.280039973496755,4.280039973496755,13.267479677173116,66.12989980307056,37.65327457734136,41.408279153347934,0.0091703056606739,0.0225276884162824,0.000233173151843,0.0001802206900489,-4.76158155363937,2.355235202959408,0.0,2.701576377860126,0.0004344851014453,0.0473795659078877,0.0,0.0,0.5560869984154854,0.0906824589860547,0.0319528034461462,0.8124451380083878,0.0145878165072862,5.027993813384567,0.0366900290680119,0.0683376242817434,0.4305333502196341,216881000.0,258791000.0,138145000.0,952882000.0,76536500.0,105765000.0,4832000.0,26.003981633850792,98.75612200518124,4.658869580016263,3.4610084435239763,0.911335906803612,19.31799086757991,0.039249274796868,0.0514469736166455,2007-03-30,0.21,bmo,248563636.0,2025-04-25,2006-11-30,0.0476190476190476,22.122857142857143,1688561.9047619049
2006-08-31,GPN,USD,1123360,2006-10-06,2006-10-06 16:31:46,2006,Q3,260308000.0,98190000.0,162118000.0,0.6227929991,0,0.0,0.0,98591000.0,0.0,98591000.0,196781000.0,0.0,0.0,9805000.0,73332000.0,0.281712433,63527000.0,0.2440455153,1434000.0,64961000.0,0.249554374,20909000.0,41509000.0,0.1594610999,0.26,0.26,159650000,162780392,https://www.sec.gov/Archives/edgar/data/1123360/000119312506204509/0001193125-06-204509-index.htm,https://www.sec.gov/Archives/edgar/data/1123360/000119312506204509/d10q.htm,1.6304917005950517,0.26,0.1400563733166301,0.096655183213279,1.0559223300970877,5.237770122142186,1.37662386470404,5.141810209834012,0.0027936110241152,3036543000.0,2868411000.0,18.288461538461537,11.66519277163975,135.80245974955278,196.7819972782062,3.699086357490041,3.699086357490041,11.019296371990103,39.11540664375716,128.28313953488373,185.88626790227465,0.0136698212407991,0.0050817656789316,0.0005433127459221,0.000424349679359,-2.29275077728686,2.36403207157917,0.0,0.5386783589101158,0.000527244303802,0.0385699486858271,0.0,0.0,0.5865083442750851,0.3098837209302325,0.0266184673540575,0.7066802651708312,0.0101840896169153,5.484486277449236,0.0468695761836147,0.0955134518210351,0.0887832759160664,180501000.0,219778000.0,98020000.0,906329000.0,73064000.0,100609000.0,3744500.0,26.881271416936865,87.51054078826765,3.839596700274977,3.348055923548856,1.0284475354546787,23.439961804726664,0.0505658492611677,0.043401190103351,2007-01-05,0.22,bmo,260700000.0,2025-04-25,2006-08-31,0.0,20.124444444444443,1820847.619047619
2006-05-31,GPN,USD,1123360,2006-08-04,2006-08-04 08:52:35,2006,Q2,238768000.0,89063000.0,149705000.0,0.6269893788,0,0.0,0.0,97304000.0,0.0,97304000.0,186367000.0,0.0,0.0,9813000.0,62214000.0,0.2605625544,52401000.0,0.2194640823,843000.0,53244000.0,0.2229947062,16960000.0,34062000.0,0.1426573075,0.0,0.0,0,0,https://www.sec.gov/Archives/edgar/data/1123360/000119312506161792/0001193125-06-161792-index.htm,https://www.sec.gov/Archives/edgar/data/1123360/000119312506161792/d10k.htm,0.0,0.0,0.0,0.0,0.0,0.0,0.0,0.0,0.0,0.0,-217729000.0,0.0,0.0,0.0,0.0,0.0,0.0,-0.9118851772431816,-3.499678528948468,-32.429103366100684,445.2535787321064,,0.0,0.0009685506664952,0.0007323216953738,-3.499678528948468,2.3280612074437874,0.0,0.1971111502554166,,0.0468557336621455,0.0,0.0,0.5442956459254052,1.0728328865058088,0.0301673591100985,0.7340262916539284,0.0,,0.0410563307928047,0.0733753252796112,0.0,198751000.0,228757000.0,112947000.0,861190000.0,66629500.0,95528000.0,3005000.0,25.774433759967835,106.85649484073072,3.334718120880725,3.491832287690665,0.8422510969889545,26.98878787878788,0.0442235560350703,0.0,2006-07-28,0.19,bmo,216057142.0,2025-04-25,2006-05-31,0.1052631578947368,23.52269841269841,1336355.5555555555
2006-02-28,GPN,USD,1123360,2006-04-07,2006-04-07 16:28:04,2006,Q1,225159000.0,88863000.0,136296000.0,0.6053322319,0,0.0,0.0,88161000.0,0.0,88161000.0,177024000.0,0.0,0.0,10298000.0,48135000.0,0.2137822605,48135000.0,0.2137822605,477000.0,48612000.0,0.2159007635,16577000.0,30111000.0,0.1337321626,0.19,0.18,158478947,167283333,https://www.sec.gov/Archives/edgar/data/1123360/000119312506075885/0001193125-06-075885-index.htm,https://www.sec.gov/Archives/edgar/data/1123360/000119312506075885/d10q.htm,1.4207502274734325,0.190000000441699,0.5371060422303285,0.5036820442780958,1.344929430910467,4.608896095201844,1.134933083572293,4.527143911424399,0.0071113546709772,4125206990.41,3913190990.41,34.24999992037794,18.32130623430554,48.463427988839285,51.679428114829065,5.749761993276253,5.749761993276253,17.379678318033037,81.29616683099616,45.97263851515507,49.023351545419246,0.0072992700899615,0.0193500593268573,0.0015708258474027,0.0011476742030945,-4.404612028669368,1.9161938149794595,0.0,2.8268738999036898,0.0003856776165895,0.0528378333499385,0.0,0.0,0.5606495408284843,0.0622297932330827,0.0235255974666791,0.5143717226645951,0.0,4.399265878113199,0.0388210731162524,0.0697925068839874,0.0731011924252626,152101000.0,179863000.0,66542000.0,805381000.0,64010000.0,82584500.0,2719000.0,25.93367353736693,86.40356503831741,2.744674386415044,3.4703914919852035,1.041623687171793,32.790774907749075,0.041969065741919,0.0334239979522327,2006-04-07,,bmo,,2025-04-25,2006-02-28,,25.437741935483874,1340361.2903225806
2005-11-30,GPN,USD,1123360,2006-01-03,2006-01-03 16:16:06,2005,Q4,219673000.0,86912000.0,132761000.0,0.6043573858,0,0.0,0.0,81728000.0,0.0,81728000.0,168640000.0,0.0,0.0,9982000.0,61015000.0,0.2777537522,50028000.0,0.2277385022,-282000.0,49746000.0,0.226454776,16963000.0,30613000.0,0.1393571354,0.2,0.19,156989744,165475676,https://www.sec.gov/Archives/edgar/data/1123360/000119312506000430/0001193125-06-000430-index.htm,https://www.sec.gov/Archives/edgar/data/1123360/000119312506000430/d10q.htm,1.3992824907084376,0.1949999994904125,0.5661516334468321,0.5194479455931847,0.8388828253646939,4.324403510078977,0.823257600827733,4.23832145366133,0.0110261979916344,3436505496.1600003,3306540496.1600003,28.06410263744161,15.64373180208765,38.66455328712871,42.140892433413455,5.164780500801806,5.164780500801806,15.052102425696376,54.192255939686966,37.2023008118812,40.54716849168588,0.0089081772266063,0.0237299198535031,0.0026015483044848,0.0019446466607349,-2.130049987707941,1.7341202536481015,0.0,2.9033417175709664,0.0004606423594459,0.0517100578185738,0.0,0.0,0.6174831711109313,0.0824932493249324,0.0333768829123287,0.7345221398517331,0.0,4.312265683993009,0.0433300522793511,0.089908132937044,-0.1964077347625969,96089000.0,129243000.0,15730000.0,748648000.0,65620500.0,77840500.0,2474000.0,25.86844992329508,82.69433449926362,2.8249263622974965,3.4791415901172,1.0883454174336626,31.85923753665689,0.046008780037663,0.0467036878536473,2006-03-31,0.17,bmo,212688888.0,2025-04-25,2005-11-30,0.0588235294117645,21.594126984126984,1709104.761904762
2005-08-31,GPN,USD,1123360,2005-10-07,2005-10-07 16:08:17,2005,Q3,224456000.0,93183000.0,131273000.0,0.5848495919,0,0.0,0.0,79876000.0,0.0,79876000.0,173059000.0,0.0,0.0,10396000.0,61793000.0,0.2753011726,50524000.0,0.2250953416,-606000.0,49918000.0,0.2223954806,17022000.0,30738000.0,0.1369444345,0.0975,0.095,156649104,156649104,https://www.sec.gov/Archives/edgar/data/1123360/000119312505198473/0001193125-05-198473-index.htm,https://www.sec.gov/Archives/edgar/data/1123360/000119312505198473/d10q.htm,1.4328584988267792,0.1962219969033464,0.3450961328192468,0.3118626200377118,0.2263274994538111,4.053645911693182,0.539179592115637,3.953549584298931,0.0236771223408976,2576877760.8,2545132760.8,20.958404587155965,11.480547460526784,47.66787696405778,52.74758481157758,4.160817930633598,4.160817930633598,11.339116623302562,41.18804331882252,47.080648195490106,52.09777824903281,0.0119283888695043,0.0189582139840554,0.0059888264548214,0.0044068461168307,-0.513731328791287,1.3510509918365736,0.0,1.7587025831218688,0.0006077121793754,0.0509467109115752,0.0,0.0,0.654121393223984,0.0963021883497659,0.0231938553658623,0.5007695267410542,0.0199415475638878,4.177906338283502,0.0463612539354312,0.105590040775385,-0.7596931419409843,44508000.0,84462000.0,-35352000.0,704094000.0,61985000.0,81680500.0,2422500.0,27.306420857540008,73.23395898393484,2.144167927626284,3.295928106782573,1.2289380671027643,41.97432432432432,0.0496318542918039,0.0332335127815349,2005-12-22,0.17,bmo,193829117.0,2025-04-25,2005-08-31,0.1176470588235293,16.86625,1449237.5
2005-05-31,GPN,USD,1123360,2005-08-15,2005-08-15 17:02:11,2005,Q2,207665000.0,90104000.0,117561000.0,0.5661088773,0,0.0,0.0,74345000.0,0.0,74345000.0,164449000.0,0.0,0.0,11912000.0,55128000.0,0.265466015,39490000.0,0.1901620398,4269000.0,43759000.0,0.2107191872,12592000.0,23497000.0,0.1131485806,0.0,0.0,0,0,https://www.sec.gov/Archives/edgar/data/1123360/000119312505168681/0001193125-05-168681-index.htm,https://www.sec.gov/Archives/edgar/data/1123360/000119312505168681/d10k.htm,0.0,0.0,0.0,0.0,0.0,0.0,0.0,0.0,0.0,0.0,19109000.0,0.0,0.0,0.0,0.0,0.0,0.0,0.0920183950111959,0.3466296618778116,0.4601030530675142,0.5480697527677394,,0.0,0.1177280193654361,0.0797745765988482,0.3466296618778116,1.0393155473378446,0.0,1.7675447929522918,,0.0,0.0,0.0,0.6417654260959221,0.1605027448714244,0.03209977608167,0.5596037609133647,0.0,,0.0381094334151791,0.0768491112164968,0.0,7187000.0,46940000.0,-68825000.0,659110000.0,69881500.0,83741500.0,2680500.0,24.213083572099293,87.4359628873302,2.621970167806091,3.716998693371995,1.029324742680238,34.32533333333333,0.0406276476182242,0.0,2005-09-22,0.18,bmo,212684210.0,2025-04-25,2005-05-31,0.0555555555555556,16.658125,1053487.5
2005-02-28,GPN,USD,1123360,2005-04-01,2005-04-01 17:01:47,2005,Q1,195526000.0,87378000.0,108148000.0,0.553113141,0,0.0,0.0,69929000.0,0.0,69929000.0,157307000.0,0.0,0.0,11350000.0,38219000.0,0.1954676104,38219000.0,0.1954676104,-2176000.0,36043000.0,0.1843386557,12716000.0,21623000.0,0.1105888731,0.07,0.0675,152883200,157937190,https://www.sec.gov/Archives/edgar/data/1123360/000119312505068426/0001193125-05-068426-index.htm,https://www.sec.gov/Archives/edgar/data/1123360/000119312505068426/d10q.htm,1.2789240413596783,0.141434768503014,0.80414983464501,0.7201379876925653,0.3806958514735432,3.739868082300737,0.1302432183523107,3.632629353650368,0.6565665815472204,2122018816.0,2164194816.0,24.534278499745643,10.852872845555067,17.26046490593049,19.274083907826736,3.820923812679161,3.820923812679161,11.068578173746712,56.626149716109786,17.60352377156522,19.65716428240551,0.0101898248201018,0.0518831403236718,0.180741418302819,0.1207695815331232,1.1035348910227898,0.9240893342334452,0.0,5.6856587892521855,0.0007204610951008,0.0707039726217453,0.0,0.0,0.6639583807072825,0.104472877233795,0.0656894735227028,1.1316299559471366,0.0,3.4000076563212107,0.032927416029109,0.0774179919943287,-0.8954515604068989,-13606000.0,19912000.0,-93759000.0,645794000.0,121043000.0,77304000.0,3004000.0,38.61614312163088,82.344983863215,2.8181006660715515,2.330631511192696,1.092962749856153,31.93640350877193,0.0389345443021564,0.0840118469524447,2005-07-20,0.15,bmo,194718750.0,2025-04-25,2005-02-28,0.0666666666666667,14.51327868852459,980091.8032786886
2004-11-30,GPN,USD,1123360,2004-12-28,2004-12-28 17:04:31,2004,Q4,188549000.0,79350000.0,109199000.0,0.5791544903,0,0.0,0.0,68421000.0,0.0,68421000.0,147771000.0,0.0,0.0,11376000.0,40778000.0,0.216272693,40778000.0,0.216272693,-1438000.0,39340000.0,0.2086460284,13864000.0,23578000.0,0.1250497218,0.0775,0.075,153638095,156116129,https://www.sec.gov/Archives/edgar/data/1123360/000119312504220261/0001193125-04-220261-index.htm,https://www.sec.gov/Archives/edgar/data/1123360/000119312504220261/d10q.htm,1.227228181916731,0.1534645427620018,0.2257382845055453,0.1867245229771952,0.2035107243421626,3.535614002503741,-0.0036709645482131,3.424059638333839,1.0829670857348237,2118669330.05,2253787330.05,22.46447249607685,11.23670414613708,61.08844155613863,73.85210994318182,4.027383123125235,4.027383123125235,11.953324228980266,55.26968782309088,64.98435297993196,78.56202349588679,0.0111286833039885,0.0135405745451193,0.3162816072508012,0.1921413567280366,3.313502378733631,0.8695694006245915,0.0,1.4709474934260751,0.0007251631617113,0.0651616316057341,0.0,0.0,0.627944306317563,0.1728274032639409,0.0317901447369118,0.5268987341772152,0.0,3.438475578319756,0.0337916056638861,0.0731822386104748,-1.1143004604424442,-32535000.0,-564000.0,-105838000.0,610381000.0,159091500.0,75218000.0,3261000.0,75.50970835167516,84.682797731569,3.711153119092628,1.1918997167998382,1.0627896386381293,24.25122249388753,0.0448194713210889,0.0390137615283501,2005-03-21,0.13,bmo,181535714.0,2025-04-25,2004-11-30,0.0769230769230769,13.69734375,1177031.25
2004-08-31,GPN,USD,1123360,2004-10-04,2004-10-04 16:32:41,2004,Q3,192591000.0,80440000.0,112151000.0,0.5823273154,0,0.0,0.0,70537000.0,0.0,70537000.0,150977000.0,0.0,0.0,10668000.0,41614000.0,0.2160744791,41614000.0,0.2160744791,-1323000.0,40291000.0,0.2092049992,14232000.0,24198000.0,0.1256445005,0.16,0.16,153638095,156116129,https://www.sec.gov/Archives/edgar/data/1123360/000119312504166277/0001193125-04-166277-index.htm,https://www.sec.gov/Archives/edgar/data/1123360/000119312504166277/d10q.htm,1.253536761178925,0.1575000002440801,0.1978936278792053,0.1406096580408654,0.1517787629428756,3.267340694376613,-0.1708105011325479,3.1535538109867867,1.2452315293287124,1703846473.55,1871842473.55,17.603174575894702,8.846968308747552,56.04020765524273,78.8708269013563,3.516667437658151,3.516667437658151,9.719262445025988,44.98107544456192,61.56566483193001,86.64733942276536,0.0142019837911704,0.0126789592462457,0.3948661110491924,0.2268052603313966,4.037006776565579,0.7597045333217122,0.0,1.256467476650963,0.0009020765801731,0.0635176460864534,0.0,0.0,0.6262215167138696,0.2894684909880279,0.0456978778862979,0.8249906261717286,0.0,3.34296370530748,0.0356026011168891,0.0767483903707697,-1.2796028875520749,-66168000.0,-26243000.0,-132340000.0,561576000.0,104083000.0,78379000.0,3150500.0,74.76564325435768,84.77946295375435,3.636250621581303,1.203761461582214,1.0615778499221369,24.75076923076923,0.0499436539485579,0.0572839698383399,2004-12-22,0.13,bmo,163366666.0,2025-04-25,2004-08-31,0.1538461538461537,11.37484375,1022581.25
2004-05-31,GPN,USD,1123360,2004-08-10,2004-08-10 16:48:41,2004,Q2,181849000.0,88144000.0,93705000.0,0.5152901583,0,0.0,0.0,59576000.0,0.0,59576000.0,147720000.0,0.0,0.0,10439000.0,44568000.0,0.2450824585,29184000.0,0.1604847978,-4835000.0,24349000.0,0.1338968045,9106000.0,15243000.0,0.0838222921,0.0,0.0,0,0,https://www.sec.gov/Archives/edgar/data/1123360/000119312504136910/0001193125-04-136910-index.htm,https://www.sec.gov/Archives/edgar/data/1123360/000119312504136910/d10k.htm,0.0,0.0,0.0,0.0,0.0,0.0,0.0,0.0,0.0,0.0,188480000.0,0.0,0.0,0.0,0.0,0.0,0.0,1.036464319297879,4.229043259737929,8.067457090270942,13.617513185463478,,0.0,0.4960860839033247,0.2584129795288221,4.229043259737929,0.7298440631262525,0.0,1.5327035360493342,,0.099980318834875,0.0,0.0,0.6081198552575762,0.4075675212943543,0.0523621246198769,0.9121563368138712,0.0,,0.0241399821996965,0.0450837612095686,0.0,-86277000.0,-52118000.0,-157139000.0,535875000.0,88187500.0,76721000.0,3437000.0,23.84258368206589,82.68923579597023,3.1152432383372664,3.7747586922677736,1.0884125259310482,28.89019993444772,0.0339168977041622,0.0,2004-09-22,0.13,bmo,156487500.0,2025-04-25,2004-05-31,0.2307692307692307,11.805806451612904,1277690.322580645
2004-02-29,GPN,USD,1123360,2004-04-01,2004-04-01 07:32:39,2004,Q1,162560000.0,71773000.0,90787000.0,0.5584830217,0,0.0,0.0,60355000.0,0.0,60355000.0,132128000.0,0.0,0.0,9580000.0,30432000.0,0.1872047244,30432000.0,0.1872047244,-4069000.0,26363000.0,0.1621739665,9860000.0,16503000.0,0.101519439,0.11,0.11,150027273,157171429,https://www.sec.gov/Archives/edgar/data/1123360/000119312504055226/0001193125-04-055226-index.htm,https://www.sec.gov/Archives/edgar/data/1123360/000119312504055226/d10q.htm,1.0835363247587655,0.1099999998000363,0.0921965701529481,0.0563764163066537,0.5724959087938631,3.06753559401163,-0.3663067314434223,2.854954245552407,1.727859173978321,1639798093.89,1813134093.89,24.84090913606617,10.087340636626475,118.55104785208214,193.87539535232915,3.828432633212006,3.828432633212006,11.153630006705216,59.57985324296792,131.0825689625506,214.36912909553084,0.010064043897533,0.0051579520866105,0.6052143135638925,0.3043005135730007,5.695846477392219,0.721156634236324,0.0,0.838150639277707,0.0009226745692884,0.0916803005514148,0.0,0.0,0.6047483492296405,0.3885193753614806,0.0330585629921259,0.5609603340292275,0.0,2.6581970854128274,0.024658642123687,0.0490132311667483,-1.3844782741601922,-90396000.0,-54956000.0,-157875000.0,517174000.0,87118500.0,72296500.0,2601500.0,70.97687007874016,90.8589581040224,4.793863987850584,1.26801872074883,0.9905462474812996,18.77399947685064,0.0385295140793937,0.0358201538462943,2004-07-21,0.11,bmo,166650000.0,2025-04-25,2004-02-29,0.0909090909090908,11.383387096774191,668838.7096774194
2003-11-30,GPN,USD,1123360,2004-01-14,2004-01-14 16:58:39,2003,Q4,148447000.0,67274000.0,81173000.0,0.5468146881,0,0.0,0.0,51947000.0,0.0,51947000.0,119221000.0,0.0,0.0,8002000.0,37228000.0,0.2507831078,26103000.0,0.1758405357,-2346000.0,23757000.0,0.1600369155,8885000.0,14872000.0,0.100183904,0.1,0.095,148720000,156547368,https://www.sec.gov/Archives/edgar/data/1123360/000119312504004334/0001193125-04-004334-index.htm,https://www.sec.gov/Archives/edgar/data/1123360/000119312504004334/d10q.htm,0.9981643356643356,0.1,0.0946880043033889,0.0507127487896718,0.5362627756858526,2.905970952124798,-0.4053657880580957,2.7559171597633134,0.793652501344809,1710280000.0,1748559000.0,28.75,11.52114896225589,121.45149836670927,226.76743569345,4.172839506172839,4.172839506172839,11.779012037966412,46.96892124207586,124.16979122283766,231.8428798727128,0.008695652173913,0.0044098042425801,0.2879812618943054,0.1659062349776087,1.028231438702052,0.6340747087348626,0.0,0.9468800430338892,0.0002666230090979,0.0306616460462614,0.0,0.0,0.6922064888296661,0.4644226672347677,0.0440561277762433,0.8172956760809797,0.0,2.490143290950835,0.0272174259210213,0.0679161186614058,-1.1047017885960193,-82855000.0,-60286000.0,-135691000.0,472288000.0,45832500.0,64988500.0,1223000.0,27.91117368488417,96.5031066979814,1.8461812884621105,3.224515063970285,0.9326124627434672,48.74927536231884,0.036285560923242,0.043975255513717,2004-03-17,0.1,bmo,147818181.0,2025-04-25,2003-11-30,0.0999999999999999,10.75390625,658350.0
2003-08-31,GPN,USD,1123360,2003-10-10,2003-10-10 17:13:01,2003,Q3,136464000.0,62162000.0,74302000.0,0.5444805956,0,0.0,0.0,45541000.0,0.0,45541000.0,107703000.0,0.0,0.0,7519000.0,36280000.0,0.2658576621,27181000.0,0.1991807363,-1901000.0,25280000.0,0.1852503224,9455000.0,15825000.0,0.11596465,0.11,0.1,147209302,154390244,https://www.sec.gov/Archives/edgar/data/1123360/000119312503060462/0001193125-03-060462-index.htm,https://www.sec.gov/Archives/edgar/data/1123360/000119312503060462/d10q.htm,0.9270066371213416,0.1075000002377567,0.2777881522731491,0.25653949503816,0.6529478687426967,2.7458998480951973,0.7335473949873086,2.590142027845496,0.0282930490357192,1389655810.88,1297700810.88,21.953488323538703,10.183314360417398,33.98273080673954,36.79745295591155,3.644587786505391,3.644587786505391,9.509473640520577,35.76904109371554,31.7340574396596,34.362526436647684,0.0113877118895928,0.0271757939659067,0.0109233581523919,0.0082635117841844,-2.5345920617420066,2.2299846345211094,0.0,2.5840758293838864,0.0024819095296812,0.2179462875197472,0.0,0.0,0.587745003700228,0.0764923091971731,0.0229217962246453,0.4160127676552733,0.0,2.502979433336863,0.0390531870159844,0.0761600877826225,0.2110804112093405,84051000.0,107985000.0,52585000.0,430559000.0,79617500.0,58311500.0,1207000.0,30.092332043615897,83.74537498793475,1.5433866349216565,2.990795125799947,1.0746862141696345,58.313320825515945,0.0415035156690524,0.0212486572349891,2003-12-18,0.1,bmo,133602300.0,2025-04-25,2003-08-31,0.0999999999999999,9.120625,629937.5
2003-05-31,GPN,USD,1123360,2003-08-26,2003-08-26 16:54:30,2003,Q2,134322000.0,66327000.0,67995000.0,0.5062089606,0,0.0,0.0,44327000.0,0.0,44327000.0,110654000.0,0.0,0.0,7835000.0,31503000.0,0.2345334346,22411000.0,0.1668453418,-1632000.0,20779000.0,0.1546954334,7772000.0,13007000.0,0.0968344724,0.0,0.0,0,0,https://www.sec.gov/Archives/edgar/data/1123360/000119312503042188/0001193125-03-042188-index.htm,https://www.sec.gov/Archives/edgar/data/1123360/000119312503042188/d10k.htm,0.0,0.0,0.0,0.0,0.0,0.0,0.0,0.0,0.0,0.0,597000.0,0.0,0.0,0.0,0.0,0.0,0.0,0.0044445437084021,0.0189505761356061,-0.0318043790954131,-0.0248853689037098,,0.0,0.1053609732933798,0.0745116128260257,0.0189505761356061,1.6752927315757382,0.0,-1.443145998308603,,0.1141692934573691,0.0,0.0,0.577290816661327,-0.2780352671674391,0.0388543946635696,0.6661135928525845,0.0,,0.0307153271070902,0.0593872705688978,0.0,65342000.0,90553000.0,33636000.0,416241000.0,86056500.0,57422000.0,1633000.0,76.12029302720329,79.76073092405808,1.829119363155276,1.1823391164276849,1.1283748149912387,49.2040059347181,0.0354969352611441,0.0,2003-09-17,0.11,bmo,136500000.0,2025-04-25,2003-05-31,0.0,8.013809523809524,608965.0793650794
2003-02-28,GPN,USD,1123360,2003-04-04,2003-04-03 20:07:07,2003,Q1,124573000.0,62682000.0,61891000.0,0.4968251547,0,0.0,0.0,40108000.0,0.0,40108000.0,102790000.0,0.0,0.0,8354000.0,21783000.0,0.1748613263,21783000.0,0.1748613263,-2458000.0,19325000.0,0.1551299238,7228000.0,12097000.0,0.09710772,0.0825,0.08,146630303,151212500,https://www.sec.gov/Archives/edgar/data/1123360/000093176303000857/0000931763-03-000857-index.htm,https://www.sec.gov/Archives/edgar/data/1123360/000093176303000857/d10q.htm,0.8495720014982169,0.0825000000170496,-0.0079383318194466,-0.0277023228956977,0.2002860213689935,2.467375382836112,0.5201857899727589,2.305451145388413,0.0362749028759764,1024945817.97,1000896817.97,21.18181817744069,8.227672272241978,-880.5376443041238,-252.3254106277696,3.031944534579307,3.031944534579307,8.034620808441638,45.9485294941009,-859.8769913831616,-246.40492810684395,0.0118025751097352,-0.0039631363227035,0.0157344053672692,0.0120477834252942,-1.1040260753798834,1.483598291612291,0.0,-0.096214250289304,0.0014449544298187,0.1224270480284368,0.0,0.0,0.6467093401465939,-2.489690721649485,0.0232634680067109,0.3468996887718458,0.0,2.068693715732625,0.0364531111673529,0.0775573008494951,-0.0374649706616237,32610000.0,76275000.0,20342000.0,368582000.0,50459500.0,63351000.0,2108000.0,42.26870991306302,80.49631473150187,2.7539006413324403,2.129234608416231,1.1180636070135384,32.68091762252346,0.0357847530979236,0.0197639910762511,2003-07-17,0.09,bmo,134300000.0,2025-04-25,2003-02-28,0.0,7.208524590163934,565311.475409836
2002-11-30,GPN,USD,1123360,2003-01-13,2003-01-13 16:50:55,2002,Q4,129461000.0,64395000.0,65066000.0,0.502591514,0,0.0,0.0,41311000.0,0.0,41311000.0,105706000.0,0.0,0.0,8012000.0,23755000.0,0.1834915534,23755000.0,0.1834915534,-2057000.0,21698000.0,0.1676025985,8116000.0,13582000.0,0.104911904,0.0463,0.045,295296000,301112000,https://www.sec.gov/Archives/edgar/data/1123360/000093176303000067/0000931763-03-000067-index.htm,https://www.sec.gov/Archives/edgar/data/1123360/000093176303000067/d10q.htm,0.4384109503684438,0.0459945275249241,0.1166185793237971,0.1010138979193758,0.1184574122236671,1.1803647865192892,0.2043204107065453,1.098406344820113,0.0202644126571304,2129084160.0,2100088160.0,39.18944485348255,16.445757100594,61.82548305601533,71.37631700693956,6.564055309768618,6.564055309768618,16.22178231282008,88.40615280993475,60.98348172024277,70.40424285091689,0.0063792687274513,0.0140102493646845,0.0184489217061552,0.0136696530960028,-1.2206272363712902,1.184313827436504,0.0,2.5354881460756884,9.534616048244894e-05,0.0149462523928729,0.0,0.0,0.6584048720982826,0.133809565293144,0.0355937309305505,0.5751372940589117,0.0,1.0661685229636777,0.0412100972449359,0.0908276267922105,-0.0720031764737754,14180000.0,60335000.0,1913000.0,355425000.0,45808500.0,65525500.0,2471000.0,29.48509589760623,98.7267645003494,3.211740041928721,3.05238959752906,0.9116069027024732,28.02219321148825,0.0418738727628678,0.0156046814044213,2003-03-19,0.08,bmo,124600000.0,2025-04-25,2002-11-30,0.0,7.2140625,689887.5
2002-08-31,GPN,USD,1123360,2002-10-11,2002-10-11 16:45:18,2002,Q3,127728000.0,66886000.0,60842000.0,0.4763403482,0,0.0,0.0,35525000.0,0.0,35525000.0,102411000.0,0.0,0.0,7860000.0,25317000.0,0.1982102593,25317000.0,0.1982102593,-1974000.0,23343000.0,0.182755543,8730000.0,14613000.0,0.1144071778,0.1,0.0975,146130000,149876923,https://www.sec.gov/Archives/edgar/data/1123360/000093176302003218/0000931763-02-003218-index.htm,https://www.sec.gov/Archives/edgar/data/1123360/000093176302003218/d10q.htm,0.8740710326421679,0.1,0.1340450283993704,0.0984534318757271,0.1186614658181071,2.2967494696503112,0.3101211250256621,2.127058098952987,0.1035653185519742,1018526100.0,1016320100.0,17.424999999999997,7.9741802893649,51.99745252195221,70.7948912212414,3.2768263374803346,3.2768263374803346,7.956909213328323,40.14378085871154,51.88483255054115,70.64155835128936,0.0143472022955523,0.0141253130381244,0.04868946391401,0.0352565969253563,-0.0871351265947782,0.9820340860148896,0.0,1.3404502839937045,0.0030976133061293,0.2159036474372134,0.0,0.0,0.6763051160970337,0.2655197059424137,0.0407193410998371,0.6617048346055979,0.0,2.187665587480001,0.044458012183637,0.1051695970405982,-0.260480394169575,-1460000.0,45318000.0,-13824000.0,342699000.0,48637500.0,61787000.0,2627500.0,34.67023675310034,81.28875997966689,3.5576951828484287,2.5958865132916022,1.107164139574919,25.297276853252647,0.0470132903512243,0.0355915965236433,2002-12-18,0.09,bmo,129461000.0,2025-04-25,2002-08-31,0.0,6.52640625,819256.25
2002-05-31,GPN,USD,1123360,2002-08-28,2002-08-28 16:59:41,2002,Q2,120971000.0,65774000.0,55197000.0,0.4562829108,0,0.0,0.0,34250000.0,0.0,23257000.0,89031000.0,0.0,0.0,7729000.0,39669000.0,0.327921568,20947000.0,0.173157203,-12780000.0,8167000.0,0.0675120483,3119000.0,-10951000.0,-0.0905258285,0.0,0.0,0,0,https://www.sec.gov/Archives/edgar/data/1123360/000093176302002979/0000931763-02-002979-index.htm,https://www.sec.gov/Archives/edgar/data/1123360/000093176302002979/d10k.htm,0.0,0.0,0.0,0.0,0.0,0.0,0.0,0.0,0.0,0.0,10116000.0,0.0,0.0,0.0,0.0,0.0,0.0,0.0836233477445007,0.2550102094834757,0.3019070641955412,0.3723361183702013,,0.0,0.0989240198725564,0.067938750817073,0.2550102094834757,0.8191021081387557,0.0,-3.059720573463611,,-0.1344169482239064,0.0,0.0,0.6792020731633821,0.1891545050287999,0.0523927222226814,0.8200284642256437,0.0,,0.03606364822977,-0.0791268659951733,0.0,-17548000.0,28509000.0,-30432000.0,329115000.0,48955000.0,57791000.0,2724500.0,35.76386076001686,86.42594338188341,3.5726882962872866,2.5165068336419045,1.041353978658054,25.1911145155113,-0.0369606598984771,0.0,2002-09-18,0.09,bmo,114929999.0,2025-04-25,2002-05-31,0.1111111111111112,8.8540625,553825.0
2002-02-28,GPN,USD,1123360,2002-05-10,2002-05-10 16:33:19,2002,Q1,115283000.0,64141000.0,51142000.0,0.4436213492,0,0.0,0.0,33147000.0,0.0,33147000.0,97288000.0,0.0,0.0,7437000.0,17995000.0,0.1560941336,17995000.0,0.1560941336,-1369000.0,16626000.0,0.1442190089,6351000.0,10275000.0,0.0891284925,0.07,0.0675,146785714,152222222,https://www.sec.gov/Archives/edgar/data/1123360/000093176302001662/0000931763-02-001662-index.htm,https://www.sec.gov/Archives/edgar/data/1123360/000093176302001662/d10qa.htm,0.7853829698985556,0.070000000136253,0.3020525553324624,0.2799182487200355,0.1190170318618336,2.244298787823453,0.0571990268753265,2.06920000402764,0.3819104630304826,1121442854.96,1160031854.96,27.285714232603404,9.727738304520182,25.293611542504003,27.29368319119937,3.692248204682464,3.692248204682464,10.06247109252882,64.46412086468463,26.1639681295532,28.23286251362929,0.0091623036827556,0.0366385142303711,0.1845691389363544,0.1220597681127864,2.1444290080577937,0.7253868174076893,0.0,4.315036496350365,0.00130546107947,0.1424817518248175,0.0,0.0,0.6990038647868924,0.0732796535624873,0.0281828196698559,0.4368697055264219,0.0,1.8052672967422485,0.027826980780684,0.0743272569444444,-0.5012459863771211,-30314000.0,8396000.0,-49770000.0,343498000.0,65938500.0,52441500.0,2846000.0,38.90868558243626,73.55357727506588,3.982164294289144,2.3131082084311485,1.223597863410912,22.600775193798448,0.03382949932341,0.0221343066124268,2002-07-17,0.08,bmo,121000000.0,2025-04-25,2002-02-28,0.0,8.382666666666667,518560.0
2001-11-30,GPN,USD,1123360,2002-01-14,2002-01-14 00:00:00,2001,Q4,115617000.0,60718000.0,54899000.0,0.4748350156,0,0.0,0.0,34117000.0,0.0,34117000.0,94835000.0,0.0,0.0,7442000.0,28224000.0,0.2441163497,20782000.0,0.1797486529,-1943000.0,18839000.0,0.1629431658,7196000.0,11643000.0,0.1007031838,0.08,0.0775,145537500,150232258,https://www.sec.gov/Archives/edgar/data/1123360/000093176302000072/0000931763-02-000072-index.htm,https://www.sec.gov/Archives/edgar/data/1123360/000093176302000072/d10q.txt,0.7944138108734862,0.08,0.4572498496950957,0.4021506484583011,0.1846122133470755,2.199804174181912,-0.0237670703426951,2.0177617452546595,0.641016920037791,1215238125.0,1281662125.0,26.09375,10.510894807856976,18.26135100004508,20.76336326202843,4.138248740039502,4.138248740039502,11.08541239610092,45.41036440617914,19.259502682314757,21.89827304879716,0.0095808383233532,0.0481617543063833,0.3176871211605258,0.1891875997477282,2.3534580498866213,0.7646009467440542,0.0,5.716114069747466,0.0012022335128763,0.1254831229064674,0.0,0.0,0.6562574145388841,0.1205012998332006,0.0693583123589091,1.0775329212577265,0.0,1.905773108598814,0.030034902514511,0.0686878340589713,-0.5712720089324057,-36948000.0,-3459000.0,-52954000.0,335683000.0,107449000.0,58760000.0,2890000.0,63.86102389786969,77.76392503046871,4.230376494614447,1.4093103196079866,1.157348988811162,21.274702172389627,0.0396478921201389,0.0550992012367946,2002-03-19,0.06,bmo,98828571.0,2025-04-25,2001-11-30,0.1666666666666668,7.7865625,413500.0
2001-08-31,GPN,USD,1123360,2001-10-12,2001-10-12 00:00:00,2001,Q3,110955000.0,61493000.0,49462000.0,0.445784327,0,0.0,0.0,26775000.0,0.0,26775000.0,88268000.0,0.0,0.0,6963000.0,29650000.0,0.2672254518,22687000.0,0.2044702807,-1855000.0,20832000.0,0.1877517913,7958000.0,12874000.0,0.1160290208,0.0875,0.085,147131429,151458824,https://www.sec.gov/Archives/edgar/data/1123360/000102140801508090/0001021408-01-508090-index.htm,https://www.sec.gov/Archives/edgar/data/1123360/000102140801508090/d10q.txt,0.7541216771570947,0.0874999997451258,0.1092696516935209,0.0767545049807135,0.0044653953575071,2.1076326255214988,0.2427421540233936,1.9330608146271728,0.4575025231352847,1307998403.8100002,1374654403.8100002,25.40000007398633,11.78854854499572,81.35836311563102,115.82382040290447,4.598924116991428,4.598924116991428,12.389296596007393,46.36271176424958,85.5044102637308,121.726237829629,0.0098425196563696,0.0086338025850071,0.2366725969888964,0.1449277546564928,2.248094435075885,1.0418746713346156,0.0,1.2487960229920771,0.0011162093132126,0.1134068665527419,0.0,0.0,0.5907604331060438,0.2975679542203147,0.0431165787932044,0.6870601752118339,0.0,1.950823792071386,0.0358040745275801,0.0677311587531237,-0.3574695111538677,5813000.0,35715000.0,-9728000.0,325162000.0,124612000.0,56486500.0,3071000.0,107.76801405975397,95.2162034703137,4.282438651553836,0.8351272015655578,0.9452172710085004,21.016062884483937,0.0452650010196403,0.0325151467128073,2001-12-19,0.08,bmo,115617000.0,2025-04-25,2001-08-31,0.0,7.825084745762712,647593.220338983
2001-05-31,GPN,USD,1123360,2001-08-29,2001-08-29 00:00:00,2001,Q2,102699000.0,65843000.0,36856000.0,0.358873991,0,0.0,0.0,30639000.0,0.0,23447000.0,89290000.0,0.0,0.0,6950000.0,20359000.0,0.1982395155,8527000.0,0.083029046,-7282000.0,1245000.0,0.0121228055,479000.0,766000.0,0.00745869,0.0,0.0,0,0,https://www.sec.gov/Archives/edgar/data/1123360/000093176301501581/0000931763-01-501581-index.htm,https://www.sec.gov/Archives/edgar/data/1123360/000093176301501581/d10k405.txt,0.0,0.0,0.0,0.0,0.0,0.0,0.0,0.0,0.0,0.0,71610000.0,0.0,0.0,0.0,0.0,0.0,0.0,0.6972804019513336,3.517363328257773,3.019098612926346,4.46112633939696,,0.0,0.2867405598069529,0.1694555651498896,3.517363328257773,1.0302979982488452,0.0,30.964751958224543,,2.4817232375979112,0.0,0.0,0.6048246417388422,0.3232429697710696,0.0746550599324238,1.1031654676258993,0.0,,0.0130551534834227,0.0042266966103658,0.0,4014000.0,32499000.0,-12232000.0,325725000.0,86937500.0,40159500.0,3156000.0,101.97528700376829,65.49580061661833,4.395911486414653,0.8825667732288337,1.374133900993405,20.473569651741293,0.0028263388212027,0.0,2001-08-29,,bmo,,2025-04-25,2001-05-31,,6.099047619047619,424603.1746031746
2001-02-28,GPN,USD,1123360,2001-04-16,2001-04-16 00:00:00,2001,Q1,80674000.0,44607000.0,36067000.0,0.4470709274,0,0.0,0.0,24101000.0,0.0,24101000.0,68708000.0,0.0,0.0,4877000.0,16843000.0,0.2087785408,11966000.0,0.1483253589,-2460000.0,9506000.0,0.1178322632,3660000.0,5846000.0,0.0724644867,0.055,0.055,105900000,105900000,https://www.sec.gov/Archives/edgar/data/1123360/000093176301000822/0000931763-01-000822-index.htm,https://www.sec.gov/Archives/edgar/data/1123360/000093176301000822/0000931763-01-000822-0001.txt,0.7617941454202077,0.0552030217186024,0.192275731822474,0.1796694995278564,0.0051935788479697,1.413380547686497,-0.1588007554296506,1.233342776203966,0.6040887629839471,503025000.0,566448000.0,21.51150359219979,6.235280263777673,24.70410568706414,26.43743101907815,3.851321864161518,3.851321864161518,7.021444331507053,33.63106334975954,27.818878302720755,29.770746833447205,0.0116216887828636,0.0378251577953382,0.4897979496367075,0.2441372783232902,3.7655405806566526,0.6679624624168615,0.0,3.4830653438248373,0.0024014710998459,0.206637016763599,0.0,0.0,0.6353835527043891,0.065563304194087,0.0165480824057317,0.2737338527783473,0.0,1.237697693856845,0.032709783490777,0.0611871094690348,-0.6338881019830028,-32799000.0,-16817000.0,-46378000.0,157814000.0,60842500.0,16201500.0,3309000.0,64.15933262265415,65.3769587732867,6.246553231555586,1.4027577333031942,1.3766317933524674,14.407945736434108,0.0447588641079235,0.0126062322946175,2001-09-20,0.08,bmo,98666666.0,2025-04-25,2001-02-28,0.1249999999999999,4.603396226415094,569260.3773584906
2000-11-30,GPN,USD,1123360,2001-01-03,2001-01-03 00:00:00,2000,Q4,82631000.0,43250000.0,39381000.0,0.4765886895,0,0.0,0.0,23409000.0,0.0,23409000.0,66659000.0,0.0,0.0,1233000.0,15972000.0,0.193293074,15972000.0,0.193293074,-2302000.0,13670000.0,0.1654342801,5263000.0,8407000.0,0.1017414772,0.08,0.08,105244000,105244000,https://www.sec.gov/Archives/edgar/data/1123360/000093176301000002/0000931763-01-000002-index.htm,https://www.sec.gov/Archives/edgar/data/1123360/000093176301000002/0000931763-01-000002-0001.txt,0.7851373950058911,0.0798810383489795,,,0.0472616016114932,1.552116985291323,-0.0532381893504617,1.3717741628976474,0.0547774694994489,394665000.0,395456000.0,11.736201974545022,4.776234101003255,0.0,0.0,2.7336861281005187,2.7336861281005187,4.785806779537946,24.759328825444527,0.0,0.0,0.0213016102263945,,0.0399318422674913,0.0205942871840304,0.0495241672927623,0.7881064499110964,0.0,0.0,,,0.0,0.0,0.6035537201891888,0.0,,0.0,,1.5701979975572318,0.0544608460721013,0.0757537529960893,-0.5864039755235453,-21689000.0,-5603000.0,-35912000.0,171708000.0,,,,69.89701201728165,0.0,7.329017341040462,1.2876086888771154,0.0,12.279954571266329,0.0582319163820988,,2001-01-03,,bmo,,2025-04-25,2000-11-30,,,
