date,symbol,reportedCurrency,cik,fillingDate,acceptedDate,calendarYear,period,revenue,costOfRevenue,grossProfit,grossProfitRatio,researchAndDevelopmentExpenses,generalAndAdministrativeExpenses,sellingAndMarketingExpenses,sellingGeneralAndAdministrativeExpenses,otherExpenses,operatingExpenses,costAndExpenses,interestIncome,interestExpense,depreciationAndAmortization,ebitda,ebitdaratio,operatingIncome,operatingIncomeRatio,totalOtherIncomeExpensesNet,incomeBeforeTax,incomeBeforeTaxRatio,incomeTaxExpense,netIncome,netIncomeRatio,eps,epsdiluted,weightedAverageShsOut,weightedAverageShsOutDil,link,finalLink,revenuePerShare,netIncomePerShare,operatingCashFlowPerShare,freeCashFlowPerShare,cashPerShare,bookValuePerShare,tangibleBookValuePerShare,shareholdersEquityPerShare,interestDebtPerShare,marketCap,enterpriseValue,peRatio,priceToSalesRatio,pocfratio,pfcfRatio,pbRatio,ptbRatio,evToSales,enterpriseValueOverEBITDA,evToOperatingCashFlow,evToFreeCashFlow,earningsYield,freeCashFlowYield,debtToEquity,debtToAssets,netDebtToEBITDA,currentRatio,interestCoverage,incomeQuality,dividendYield,payoutRatio,salesGeneralAndAdministrativeToRevenue,researchAndDdevelopementToRevenue,intangiblesToTotalAssets,capexToOperatingCashFlow,capexToRevenue,capexToDepreciation,stockBasedCompensationToRevenue,grahamNumber,roic,returnOnTangibleAssets,grahamNetNet,workingCapital,tangibleAssetValue,netCurrentAssetValue,investedCapital,averageReceivables,averagePayables,averageInventory,daysSalesOutstanding,daysPayablesOutstanding,daysOfInventoryOnHand,receivablesTurnover,payablesTurnover,inventoryTurnover,roe,capexPerShare,report_date,epsEstimated,time,revenueEstimated,updatedFromDate,fiscalDateEnding,surprise(%),QuarterAvgPrice,QuarterAvgVolume
2025-03-31,GWW,USD,277135,2025-05-01,2025-05-01 16:53:52,2025,Q1,4306000000.0,2596000000.0,1710000000.0,0.3971202973,0,0.0,0.0,1038000000.0,0.0,1038000000.0,3634000000.0,0.0,21000000.0,-6000000.0,672000000.0,0.1560613098,672000000.0,0.1560613098,-15000000.0,657000000.0,0.1525777984,157000000.0,479000000.0,0.1112401301,9.88,9.86,48200000,48300000,https://www.sec.gov/Archives/edgar/data/277135/000027713525000067/0000277135-25-000067-index.htm,https://www.sec.gov/Archives/edgar/data/277135/000027713525000067/gww-20250331.htm,89.33609958506224,9.937759336099584,13.402489626556015,10.809128630705397,13.817427385892117,79.81327800829875,67.26141078838174,72.19917012448133,56.01659751037344,47613406000.0,49626406000.0,24.85042066805845,11.057456107756618,73.70496284829721,91.3884952015355,13.682013218390804,13.682013218390804,11.52494333488156,73.84881845238095,76.82106191950464,95.2522188099808,0.0100601918711717,0.010942296377621,0.7698275862068965,0.3094248094248094,2.9955357142857144,2.741695587506197,32.0,1.292,0.0024152861486111,0.2400835073068893,0.0,0.0,0.0698775698775698,0.1934984520123839,0.0290292614955875,2.0491803278688523,0.0027868091035764,127.05787847147516,0.0769740405048397,0.0594809387805786,-25.181535269709546,3513000000.0,3242000000.0,719000000.0,6458000000.0,2300500000.0,1033000000.0,2307500000.0,49.514630747793774,38.62095531587057,80.05007704160246,1.8176445757703672,2.3303411131059244,1.1242962321351235,0.1376436781609195,2.5933609958506225,2025-05-01,9.48,bmo,4317008862.0,2025-05-11,2025-03-31,0.0400843881856539,1033.9503333333332,285720.63333333336
2024-12-31,GWW,USD,277135,2025-02-20,2025-02-20 16:44:48,2024,Q4,4233000000.0,2557000000.0,1676000000.0,0.3959366879,0,0.0,0.0,1043000000.0,0.0,1043000000.0,3600000000.0,0.0,17000000.0,62000000.0,701000000.0,0.1656035908,633000000.0,0.1495393338,-11000000.0,622000000.0,0.146940704,125000000.0,475000000.0,0.1122135601,9.74,9.71,48600000,48700000,https://www.sec.gov/Archives/edgar/data/277135/000027713525000010/0000277135-25-000010-index.htm,https://www.sec.gov/Archives/edgar/data/277135/000027713525000010/gww-20241231.htm,87.09876543209876,9.77366255144033,8.806584362139917,3.497942386831276,21.31687242798354,76.19341563786008,63.888888888888886,69.09465020576131,65.84362139917695,51226830000.0,53373830000.0,26.961489473684207,12.101778880226789,119.68885514018692,301.33429411764706,15.255160810005956,15.255160810005956,12.608984171982046,76.13955777460771,124.70521028037383,313.96370588235294,0.0092724847506667,0.0033185734897123,0.9478856462179868,0.3605164797825348,3.0627674750356637,2.488937093275488,37.23529411764706,0.9010526315789472,0.0019521020527719,0.2105263157894736,0.0,0.0,0.0677313399025937,0.602803738317757,0.0609496810772501,4.161290322580645,0.0033073470351996,123.2656699672324,0.0720189931749286,0.0577086623739521,-25.98765432098765,3432000000.0,3105000000.0,611000000.0,6328000000.0,2289000000.0,999000000.0,2238000000.0,47.455705173635714,33.50801720766523,81.16542823621431,1.896505376344086,2.685924369747899,1.108846487424111,0.1414532459797498,5.308641975308642,2025-01-31,9.74,bmo,4241620659.0,2025-05-01,2024-12-31,-0.0030800821355235,1126.829375,226656.390625
2024-09-30,GWW,USD,277135,2024-10-31,2024-10-31 16:32:32,2024,Q3,4388000000.0,2668000000.0,1720000000.0,0.3919781222,0,0.0,0.0,1034000000.0,0.0,1034000000.0,3702000000.0,0.0,19000000.0,59000000.0,749000000.0,0.1706927985,686000000.0,0.1563354603,-15000000.0,671000000.0,0.1529170465,166000000.0,486000000.0,0.1107566089,9.96,9.94,48800000,48900000,https://www.sec.gov/Archives/edgar/data/277135/000027713524000173/0000277135-24-000173-index.htm,https://www.sec.gov/Archives/edgar/data/277135/000027713524000173/gww-20240930.htm,89.91803278688525,9.959016393442624,12.520491803278688,10.7172131147541,29.672131147540984,79.01639344262296,66.45491803278688,71.7827868852459,66.10655737704919,50693928000.0,52452928000.0,26.07712345679012,11.552855059252506,82.96878559738134,96.92911663479924,14.471575221238938,14.471575221238938,11.953721057429354,70.03061148197597,85.84767266775778,100.29240535372848,0.0095869469811059,0.0103168174302847,0.9155009991435912,0.3518762343647136,2.348464619492657,2.594628619387327,36.10526315789474,1.1231617647058822,0.0022685162609612,0.2366255144032922,0.0,0.0,0.0672591617292078,0.144026186579378,0.0200546946216955,1.4915254237288136,0.0031905195989061,126.82639277980016,0.0706664550664317,0.0571697447359134,-19.78483606557377,3800000000.0,3243000000.0,925000000.0,6559000000.0,2345000000.0,1076000000.0,2169500000.0,48.1175934366454,35.284857571214395,73.20089955022489,1.8704177323103155,2.550669216061185,1.2294930875576038,0.1387382243791036,1.8032786885245904,2024-10-31,9.97,bmo,4401582055.0,2025-04-25,2024-09-30,-0.0100300902708125,968.024375,228731.0625
2024-06-30,GWW,USD,277135,2024-08-01,2024-08-01 16:35:37,2024,Q2,4312000000.0,2618000000.0,1694000000.0,0.3928571429,0,0.0,0.0,1045000000.0,7000000.0,1045000000.0,3663000000.0,0.0,20000000.0,60000000.0,716000000.0,0.1660482375,649000000.0,0.1505102041,-13000000.0,636000000.0,0.1474953618,146000000.0,470000000.0,0.1089981447,9.59,9.55,49000000,49200000,https://www.sec.gov/Archives/edgar/data/277135/000027713524000133/0000277135-24-000133-index.htm,https://www.sec.gov/Archives/edgar/data/277135/000027713524000133/gww-20240630.htm,88.0,9.591836734693878,8.387755102040817,6.836734693877551,15.693877551020408,73.20408163265306,61.02040816326531,66.87755102040816,55.755102040816325,43913310000.0,45856310000.0,23.35814361702128,10.183977272727272,106.84503649635036,131.08450746268656,13.400460787305462,13.400460787305462,10.634580241187384,64.04512569832403,111.5725304136253,136.88450746268657,0.0107029053378121,0.0076286665705682,0.8275862068965517,0.3247126436781609,2.713687150837989,2.303295786399666,32.45,0.874468085106383,0.0022999860406787,0.2148936170212766,0.0,0.0,0.0714798850574712,0.1849148418491484,0.0176252319109461,1.2666666666666666,0.0053339517625231,120.1385341536515,0.0765486410395652,0.0606060606060606,-23.540816326530617,3124000000.0,2990000000.0,756000000.0,5784000000.0,2337000000.0,1119500000.0,2173500000.0,48.92393320964749,38.02139037433155,74.56455309396486,1.8395904436860069,2.367088607594937,1.2070078377132318,0.1434238632895941,1.5510204081632653,2024-08-01,9.58,bmo,4351235308.0,2025-04-25,2024-06-30,0.0187891440501043,940.5095238095238,248090.0634920635
2024-03-31,GWW,USD,277135,2024-04-25,2024-04-25 16:08:44,2024,Q1,4235000000.0,2567000000.0,1668000000.0,0.3938606848,0,0.0,0.0,999000000.0,7000000.0,999000000.0,3566000000.0,0.0,21000000.0,56000000.0,732000000.0,0.1728453365,669000000.0,0.1579693034,-14000000.0,655000000.0,0.1546635183,158000000.0,478000000.0,0.1128689492,9.72,9.68,49200000,49400000,https://www.sec.gov/Archives/edgar/data/277135/000027713524000059/0000277135-24-000059-index.htm,https://www.sec.gov/Archives/edgar/data/277135/000027713524000059/gww-20240331.htm,86.07723577235772,9.715447154471544,13.434959349593496,11.016260162601624,16.341463414634145,71.32113821138212,59.1260162601626,65.02032520325203,55.58943089430894,49674288000.0,51584288000.0,25.980276150627617,11.72946587957497,75.15020877458396,91.6499778597786,15.528067521100343,15.528067521100343,12.180469421487604,70.47033879781421,78.03977004538578,95.173963099631,0.0096226844761217,0.0109110773766903,0.8483901219130978,0.3230952380952381,2.609289617486339,2.191455696202532,31.857142857142858,1.3828451882845187,0.0021137696024953,0.2196652719665272,0.0,0.0,0.0714285714285714,0.1800302571860817,0.028099173553719,2.125,0.0025974025974025,119.21948038501031,0.0787745035324889,0.0612820512820512,-25.416666666666668,3012000000.0,2909000000.0,649000000.0,5687000000.0,2261000000.0,1043500000.0,2222000000.0,49.515938606847705,39.72341254382548,76.36151149201402,1.817596566523605,2.265666372462489,1.1786042240587695,0.1494216942794623,2.4186991869918697,2024-04-25,9.62,bmo,4258689583.0,2025-04-25,2024-03-31,0.0,932.0160655737706,238167.4426229508
2023-12-31,GWW,USD,277135,2024-02-22,2024-02-22 16:42:01,2023,Q4,3997000000.0,2434000000.0,1563000000.0,0.3910432825,0,368000000.0,638000000.0,1006000000.0,7000000.0,1006000000.0,3440000000.0,0.0,23000000.0,57000000.0,621000000.0,0.1553665249,557000000.0,0.1393545159,-16000000.0,541000000.0,0.1353515136,129000000.0,395000000.0,0.0988241181,7.98,7.95,49500000,49700000,https://www.sec.gov/Archives/edgar/data/277135/000027713524000011/0000277135-24-000011-index.htm,https://www.sec.gov/Archives/edgar/data/277135/000027713524000011/gww-20231231.htm,80.74747474747475,7.97979797979798,12.202020202020202,9.636363636363637,13.333333333333334,69.51515151515152,57.31313131313132,69.51515151515152,56.06060606060606,41020155000.0,43112155000.0,25.96212341772152,10.262735801851388,67.91416390728477,85.99613207547169,11.920998256320836,11.920998256320836,10.786128346259694,69.42376006441224,71.37774006622517,90.38187631027252,0.0096294126631164,0.0116284299754596,0.7997675094449288,0.3377930526574199,3.368760064412238,2.8803932277444018,24.217391304347824,1.5291139240506328,0.0022427999114094,0.2329113924050632,0.0920690517888416,0.0,0.0741377194059162,0.2102649006622516,0.0317738303727795,2.2280701754385963,0.0032524393294971,111.71897545441428,0.0660621153844493,0.0523664324539308,-25.63636363636364,3443000000.0,2837000000.0,568000000.0,6134000000.0,2318000000.0,1010500000.0,2231000000.0,49.35701776332249,35.275267050123254,83.78800328677075,1.823448905109489,2.551362683438155,1.0741394527802297,0.1147922115664051,2.5656565656565657,2024-02-02,8.05,bmo,4038820000.0,2025-04-25,2023-12-31,0.034782608695652,769.9788888888888,268316.253968254
2023-09-30,GWW,USD,277135,2023-10-26,2023-10-26 16:06:38,2023,Q3,4208000000.0,2553000000.0,1655000000.0,0.3932984791,0,0.0,0.0,988000000.0,7000000.0,988000000.0,3541000000.0,22000000.0,22000000.0,56000000.0,730000000.0,0.1734790875,667000000.0,0.1585076046,-15000000.0,652000000.0,0.1549429658,159000000.0,476000000.0,0.1131178707,9.54,9.5,49900000,50100000,https://www.sec.gov/Archives/edgar/data/277135/000027713523000096/0000277135-23-000096-index.htm,https://www.sec.gov/Archives/edgar/data/277135/000027713523000096/gww-20230930.htm,84.32865731462925,9.539078156312623,10.480961923847696,7.975951903807616,12.044088176352703,67.7755511022044,55.71142284569138,67.7755511022044,55.11022044088176,34522816000.0,36649816000.0,18.131731092436976,8.204091254752852,66.00920841300191,86.74074371859297,10.207810762862213,10.207810762862213,8.709557034220532,50.20522739726027,70.07613001912046,92.0849648241206,0.0137879829965203,0.0115286076315443,0.8066232998225902,0.3351351351351351,2.9136986301369863,2.851422550052687,30.318181818181817,1.0608519269776877,0.0030704331883007,0.2226890756302521,0.0,0.0,0.0739557739557739,0.2390057361376673,0.0297053231939163,2.232142857142857,0.0042775665399239,120.60935402633363,0.0794364505496735,0.0631467232687715,-24.569138276553105,3514000000.0,2780000000.0,654000000.0,6072000000.0,2431000000.0,1112500000.0,2209500000.0,52.27186311787072,37.61457109283196,77.41480611045829,1.7217675941080195,2.3926897844423616,1.1625683060109289,0.1407451212300414,2.50501002004008,2023-10-26,8.93,bmo,4049700000.0,2025-04-25,2023-09-30,0.0559910414333706,723.1650793650794,251462.2380952381
2023-06-30,GWW,USD,277135,2023-07-27,2023-07-27 16:30:52,2023,Q2,4182000000.0,2538000000.0,1644000000.0,0.3931133429,0,0.0,0.0,983000000.0,8000000.0,983000000.0,3521000000.0,24000000.0,24000000.0,55000000.0,724000000.0,0.1731229077,661000000.0,0.1580583453,-16000000.0,645000000.0,0.1542324247,155000000.0,470000000.0,0.112386418,9.38,9.34,50100000,50300000,https://www.sec.gov/Archives/edgar/data/277135/000027713523000055/0000277135-23-000055-index.htm,https://www.sec.gov/Archives/edgar/data/277135/000027713523000055/gww-20230630.htm,83.47305389221557,9.3812375249501,8.982035928143713,7.0858283433133735,10.27944111776447,64.41117764471058,52.33532934131737,64.41117764471058,55.50898203592814,39508359000.0,41750359000.0,21.015084574468087,9.447240315638451,87.79635333333333,111.29115211267606,12.2430613572978,12.2430613572978,9.98334744141559,57.66624171270718,92.77857555555556,117.60664507042252,0.0118962166968261,0.0089854402710069,0.8543538890610474,0.3432947329099738,3.096685082872928,2.7828125,27.541666666666668,0.9183673469387756,0.0027082876309795,0.2276595744680851,0.0,0.0,0.0753330842983439,0.2111111111111111,0.0227164036346245,1.7272727272727273,0.0045432807269249,116.6009113463642,0.080758288639384,0.0632911392405063,-27.22554890219561,3423000000.0,2622000000.0,539000000.0,5941000000.0,2356000000.0,1116000000.0,2237500000.0,52.03730272596844,41.06382978723404,78.82978723404256,1.7295285359801489,2.1917098445595853,1.1417004048582995,0.1456461109389525,1.8962075848303392,2023-07-27,9.13,bmo,4205080000.0,2025-04-25,2023-06-30,0.0164293537787512,688.5677419354838,279063.17741935485
2023-03-31,GWW,USD,277135,2023-04-27,2023-04-27 16:37:22,2023,Q1,4091000000.0,2457000000.0,1634000000.0,0.3994133464,0,0.0,0.0,954000000.0,6000000.0,954000000.0,3411000000.0,24000000.0,24000000.0,51000000.0,737000000.0,0.1801515522,680000000.0,0.1662185285,-18000000.0,662000000.0,0.1618186263,154000000.0,488000000.0,0.1192862381,9.72,9.66,50200000,50500000,https://www.sec.gov/Archives/edgar/data/277135/000027713523000024/0000277135-23-000024-index.htm,https://www.sec.gov/Archives/edgar/data/277135/000027713523000024/gww-20230331.htm,81.49402390438247,9.721115537848606,9.04382470119522,7.091633466135458,9.183266932270916,60.657370517928285,48.625498007968126,60.657370517928285,54.66135458167331,34578262000.0,36837262000.0,17.71427356557377,8.452276216084087,76.16357268722466,97.12994943820225,11.35575106732348,11.35575106732348,9.00446394524566,49.982716417910446,81.1393436123348,103.47545505617975,0.0141129129046451,0.0102954856435525,0.8932676518883416,0.3476038338658146,3.0651289009497966,2.6975051975051976,28.33333333333333,0.8937007874015748,0.0025160316039018,0.1782786885245901,0.0,0.0,0.0771884984025559,0.2158590308370044,0.0239550232217061,1.9215686274509804,0.0029332681495966,115.18372023903652,0.0869253188108866,0.0675806674975765,-29.33266932270916,3266000000.0,2441000000.0,410000000.0,5724000000.0,2213500000.0,1060500000.0,2252500000.0,50.466878513810805,39.34065934065934,82.4908424908425,1.7833478639930254,2.287709497206704,1.0910301953818828,0.1602627257799671,1.952191235059761,2023-04-27,8.51,bmo,4074820000.0,2025-04-25,2023-03-31,0.1292596944770857,637.706935483871,294190.9193548387
2022-12-31,GWW,USD,277135,2023-02-21,2023-02-21 16:52:21,2022,Q4,3802000000.0,2296000000.0,1506000000.0,0.3961073119,0,443000000.0,519000000.0,962000000.0,4000000.0,962000000.0,3258000000.0,23000000.0,23000000.0,58000000.0,607000000.0,0.1596528143,544000000.0,0.1430825881,-19000000.0,525000000.0,0.1380852183,128000000.0,384000000.0,0.100999474,7.58,7.53,50400000,50700000,https://www.sec.gov/Archives/edgar/data/277135/000027713523000014/0000277135-23-000014-index.htm,https://www.sec.gov/Archives/edgar/data/277135/000027713523000014/gww-20221231.htm,75.43650793650794,7.619047619047619,7.142857142857143,6.190476190476191,6.448412698412699,54.26587301587302,42.3015873015873,54.26587301587302,54.12698412698413,28035000000.0,30415000000.0,18.251953125,7.373750657548658,77.875,89.85576923076923,10.250457038391223,10.250457038391223,7.99973698053656,50.10708401976936,84.48611111111111,97.48397435897436,0.013697164258962,0.0111289459604066,0.9890310786106032,0.3564839219820769,3.9209225700164745,2.476119402985075,23.65217391304348,0.906801007556675,0.0030319243802389,0.2213541666666666,0.1165176223040505,0.0,0.0794675803900896,0.1333333333333333,0.0126249342451341,0.8275862068965517,0.0026301946344029,96.45061476442426,0.0724111281548352,0.0549749463135289,-35.74900793650794,2967000000.0,2132000000.0,124000000.0,5398000000.0,2145500000.0,1042500000.0,2162000000.0,50.49184639663335,41.04094076655052,88.31445993031359,1.7824660103141117,2.1929321872015284,1.019085663559698,0.1404021937842778,0.9523809523809524,2023-02-02,7.01,bmo,3771105844.0,2025-04-25,2022-12-31,0.0185449358059914,564.3623809523809,299514.31746031746
2022-09-30,GWW,USD,277135,2022-10-28,2022-10-28 16:11:18,2022,Q3,3942000000.0,2423000000.0,1519000000.0,0.3853373922,0,0.0,0.0,916000000.0,9000000.0,916000000.0,3339000000.0,25000000.0,25000000.0,52000000.0,664000000.0,0.168442415,603000000.0,0.1529680365,-16000000.0,587000000.0,0.1489091832,145000000.0,426000000.0,0.1080669711,8.39,8.34,50800000,51100000,https://www.sec.gov/Archives/edgar/data/277135/000027713522000043/0000277135-22-000043-index.htm,https://www.sec.gov/Archives/edgar/data/277135/000027713522000043/gww-20220930.htm,77.5984251968504,8.385826771653543,7.480314960629921,6.594488188976378,6.200787401574803,50.43307086614173,38.91732283464567,45.43307086614173,53.28740157480315,24850852000.0,27217852000.0,14.583833333333336,6.304122780314561,65.39697894736842,74.18164776119403,10.767266897746968,10.767266897746968,6.904579401319127,40.99074096385542,71.62592631578947,81.24731940298507,0.017142269407906,0.0134804231259354,1.1620450606585788,0.372448271073462,3.5647590361445785,2.625210084033613,24.12,0.8597285067873304,0.0041044870413296,0.2394366197183098,0.0,0.0,0.0812387168448826,0.1184210526315789,0.0114155251141552,0.8653846153846154,0.0027904616945712,92.58705036193662,0.0825691398745877,0.0643893591293833,-32.874015748031496,2901000000.0,1977000000.0,47000000.0,5255000000.0,2128500000.0,1046000000.0,2030500000.0,49.26940639269407,38.55550969872059,76.92529921584811,1.8266913809082483,2.3342967244701347,1.1699661999034283,0.1845753899480069,0.8858267716535433,2022-10-28,7.25,bmo,3882068929.0,2025-04-25,2022-09-30,0.1406896551724137,526.22359375,334667.953125
2022-06-30,GWW,USD,277135,2022-07-29,2022-07-29 16:16:30,2022,Q2,3837000000.0,2396000000.0,1441000000.0,0.3755538181,0,0.0,0.0,907000000.0,5000000.0,907000000.0,3303000000.0,0.0,22000000.0,55000000.0,594000000.0,0.1548084441,534000000.0,0.1391712275,-17000000.0,517000000.0,0.1347406828,128000000.0,371000000.0,0.0966901225,7.22,7.19,51000000,51300000,https://www.sec.gov/Archives/edgar/data/277135/000027713522000022/0000277135-22-000022-index.htm,https://www.sec.gov/Archives/edgar/data/277135/000027713522000022/gww-20220630.htm,75.23529411764706,7.274509803921568,4.901960784313726,2.823529411764706,5.137254901960785,48.333333333333336,36.549019607843135,43.15686274509804,52.90196078431372,23175930000.0,25589930000.0,15.617203504043127,6.040117279124316,92.70372,160.94395833333334,10.529727396637892,10.529727396637892,6.669254626009904,43.08069023569024,102.35972,177.70784722222223,0.0160079875974772,0.0062133428949776,1.2158109950022715,0.3796283160732018,4.063973063973064,2.5788571428571427,24.272727272727277,0.6426735218508998,0.0042716732402971,0.2668463611859838,0.0,0.0,0.0852603206128528,0.424,0.0276257492832942,1.9272727272727272,0.0046911649726348,84.04619548664024,0.0736960936380239,0.0575372208436724,-34.36764705882353,2763000000.0,1864000000.0,-71000000.0,5139000000.0,2050000000.0,1046000000.0,1959500000.0,49.23377638780297,39.59098497495826,74.74958263772955,1.8280133396855645,2.2732447817836814,1.2040201005025126,0.1685597455701953,2.07843137254902,2022-07-29,6.65,bmo,3696414429.0,2025-04-25,2022-06-30,0.081203007518797,486.0224193548387,305751.8064516129
2022-03-31,GWW,USD,277135,2022-04-28,2022-04-28 16:05:13,2022,Q1,3647000000.0,2264000000.0,1383000000.0,0.3792157938,0,0.0,0.0,849000000.0,6000000.0,849000000.0,3113000000.0,0.0,23000000.0,52000000.0,592000000.0,0.1623251988,534000000.0,0.1464217165,-17000000.0,517000000.0,0.141760351,132000000.0,366000000.0,0.1003564574,7.16,7.12,51100000,51400000,https://www.sec.gov/Archives/edgar/data/277135/000027713522000019/0000277135-22-000019-index.htm,https://www.sec.gov/Archives/edgar/data/277135/000027713522000019/gww-20220331.htm,71.36986301369863,7.162426614481409,6.712328767123288,5.596868884540117,7.123287671232877,46.37964774951077,34.38356164383562,40.72407045009785,53.44422700587084,26356869000.0,28700869000.0,18.00332581967213,7.227,76.84218367346938,92.1568846153846,12.665482460355598,12.665482460355598,7.869720043871675,48.48119763513513,83.67600291545189,100.3526888111888,0.0138863231440729,0.0108510612546581,1.3012974531475252,0.3872443872443872,3.95945945945946,2.548220436280138,23.217391304347824,0.8909090909090909,0.0031870249838856,0.2295081967213114,0.0,0.0,0.0876590876590876,0.1661807580174927,0.0156292843432958,1.0961538461538465,0.0024677817384151,81.01155001566397,0.0738457891305636,0.0573667711598746,-35.102739726027394,2697000000.0,1757000000.0,-184000000.0,5105000000.0,1877500000.0,927000000.0,1899500000.0,49.38031258568687,41.263250883392224,76.68286219081271,1.8225887056471763,2.1811175337186897,1.1736651114567134,0.1758769822200865,1.1154598825831703,2022-04-28,6.12,bmo,3496997753.0,2025-04-25,2022-03-31,0.1552287581699346,491.95919354838713,300765.0483870968
2021-12-31,GWW,USD,277135,2022-02-23,2022-02-23 17:11:12,2021,Q4,3359000000.0,2106000000.0,1253000000.0,0.3730276868,0,434000000.0,402000000.0,836000000.0,6000000.0,836000000.0,2942000000.0,0.0,22000000.0,48000000.0,471000000.0,0.1402203037,417000000.0,0.1241440905,-16000000.0,401000000.0,0.1193807681,100000000.0,283000000.0,0.0842512653,5.47,5.44,51400000,51700000,https://www.sec.gov/Archives/edgar/data/277135/000027713522000012/0000277135-22-000012-index.htm,https://www.sec.gov/Archives/edgar/data/277135/000027713522000012/gww-20211231.htm,65.35019455252919,5.505836575875486,4.143968871595331,3.0155642023346303,4.688715953307393,42.023346303501945,29.92217898832685,42.023346303501945,54.16342412451362,26637536000.0,29158536000.0,23.53139222614841,7.930198273295623,125.05885446009388,171.85507096774194,12.332192592592593,12.332192592592593,8.680719261685026,61.90771974522293,136.8945352112676,188.11958709677413,0.0106241057731465,0.0058188565188612,1.2787037037037037,0.4189927184466019,5.352441613588111,2.625,18.954545454545453,0.707641196013289,0.003603936940714,0.3392226148409894,0.1292051205715987,0.0,0.0943567961165048,0.272300469483568,0.0172670437630247,1.2083333333333333,0.0026793688597796,72.15197665460258,0.0602405648695812,0.0474036850921273,-37.75291828793775,2483000000.0,1538000000.0,-421000000.0,4922000000.0,1748000000.0,874500000.0,1828000000.0,46.99612980053587,34.87179487179487,79.91452991452991,1.9150513112884835,2.5808823529411766,1.1262032085561495,0.1310185185185185,1.1284046692607004,2022-02-03,5.24,bmo,3267674025.0,2025-04-25,2021-12-31,0.0381679389312977,471.568125,224623.984375
2021-09-30,GWW,USD,277135,2021-10-29,2021-10-29 16:12:49,2021,Q3,3372000000.0,2122000000.0,1250000000.0,0.3706998814,0,0.0,0.0,812000000.0,6000000.0,812000000.0,2934000000.0,0.0,22000000.0,45000000.0,489000000.0,0.1450177936,438000000.0,0.1298932384,-16000000.0,422000000.0,0.12514828,107000000.0,297000000.0,0.0880782918,5.68,5.65,51800000,52100000,https://www.sec.gov/Archives/edgar/data/277135/000027713521000026/0000277135-21-000026-index.htm,https://www.sec.gov/Archives/edgar/data/277135/000027713521000026/gww-20210930.htm,65.0965250965251,5.7335907335907335,3.108108108108108,2.142857142857143,6.332046332046332,40.86872586872587,28.8996138996139,35.270270270270274,46.21621621621622,20360508000.0,22404508000.0,17.13847474747475,6.038110320284697,126.46278260869566,183.428,11.14422988505747,11.14422988505747,6.644278766310795,45.81698977505113,139.1584347826087,201.8424144144144,0.0145870623660274,0.0054517303792223,1.298303229337712,0.3712050078247261,4.179959100204499,2.583870967741936,19.90909090909091,0.5111111111111111,0.0041747484885937,0.2861952861952861,0.0,0.0,0.0970266040688575,0.3105590062111801,0.0148279952550415,1.1111111111111112,0.0023724792408066,67.45420026091335,0.0675502330500176,0.0514731369150779,-33.696911196911195,2455000000.0,1497000000.0,-268000000.0,4504000000.0,1688000000.0,943500000.0,1746500000.0,46.494661921708186,39.57115928369464,75.74929311969841,1.935706084959816,2.27438370846731,1.188129899216125,0.1625615763546798,0.9652509652509652,2021-10-29,5.3,bmo,3328610000.0,2025-04-25,2021-09-30,0.0660377358490567,433.93890625,238232.03125
2021-06-30,GWW,USD,277135,2021-07-30,2021-07-30 16:27:54,2021,Q2,3207000000.0,2083000000.0,1124000000.0,0.3504833177,0,0.0,0.0,790000000.0,7000000.0,790000000.0,2873000000.0,0.0,22000000.0,49000000.0,390000000.0,0.1216089804,334000000.0,0.104147178,-15000000.0,319000000.0,0.0994699096,76000000.0,225000000.0,0.0701590271,4.3,4.27,52200000,52500000,https://www.sec.gov/Archives/edgar/data/277135/000027713521000019/0000277135-21-000019-index.htm,https://www.sec.gov/Archives/edgar/data/277135/000027713521000019/gww-20210630.htm,61.4367816091954,4.310344827586207,5.153256704980843,3.735632183908046,10.478927203065131,41.015325670498086,29.09961685823755,35.78544061302682,45.91954022988506,22863600000.0,24691600000.0,25.404,7.129279700654817,84.99479553903345,117.24923076923076,12.239614561027835,12.239614561027835,7.699282818833801,63.31179487179487,91.7903345724907,126.62358974358976,0.0098409699259959,0.0085288406025297,1.271413276231263,0.3675332714329928,4.687179487179487,2.553178099433606,15.181818181818182,1.1069958847736625,0.004155076190976,0.4222222222222222,0.0,0.0,0.0962550294026617,0.275092936802974,0.023074524477705,1.510204081632653,0.0053009042719052,58.91155021817203,0.0522114369563721,0.0385273972602739,-32.47126436781609,2468000000.0,1519000000.0,-264000000.0,4526000000.0,1605000000.0,920500000.0,1691000000.0,45.85594013096351,41.21939510321651,73.75420067210754,1.9626682986536108,2.1834381551362685,1.2202694786174575,0.1204496788008565,1.417624521072797,2021-07-30,4.61,bmo,3207000000.0,2025-04-25,2021-06-30,-0.0737527114967463,441.2082539682539,241684.49206349207
2021-03-31,GWW,USD,277135,2021-04-30,2021-04-30 16:10:05,2021,Q1,3084000000.0,1991000000.0,1093000000.0,0.3544098573,0,0.0,0.0,735000000.0,6000000.0,735000000.0,2726000000.0,0.0,21000000.0,43000000.0,407000000.0,0.1319714656,358000000.0,0.1160830091,-15000000.0,343000000.0,0.1112191958,88000000.0,238000000.0,0.0771725032,4.51,4.48,52300000,52600000,https://www.sec.gov/Archives/edgar/data/277135/000027713521000014/0000277135-21-000014-index.htm,https://www.sec.gov/Archives/edgar/data/277135/000027713521000014/gww-20210331.htm,58.96749521988528,4.550669216061186,5.621414913957935,4.225621414913958,10.745697896749522,39.77055449330784,28.068833652007648,34.7227533460803,45.90822179732314,20968639000.0,22786639000.0,22.025881302521007,6.799169584954605,71.32190136054422,94.88071945701356,11.546607378854628,11.546607378854628,7.388663748378729,55.98682800982801,77.50557482993197,103.10696380090498,0.0113502836307115,0.0105395490856607,1.3105726872246697,0.3758092531185852,4.466830466830467,2.569562377531025,17.047619047619047,1.152941176470588,0.0038629116558304,0.3403361344537815,0.0,0.0,0.0966366650876361,0.2482993197278911,0.0236705577172503,1.697674418604651,0.0025940337224383,59.62604050958017,0.0553444798291832,0.0416011186855444,-31.95984703632887,2403000000.0,1468000000.0,-319000000.0,4456000000.0,1525000000.0,833000000.0,1704000000.0,45.992217898832685,40.095429432446,75.71572074334505,1.9568527918781728,2.244644870349493,1.1886567164179105,0.1310572687224669,1.395793499043977,2021-04-30,4.3,bmo,2954902325.0,2025-04-25,2021-03-31,0.0418604651162792,386.5870491803279,349739.4262295082
2020-12-31,GWW,USD,277135,2021-02-24,2021-02-24 17:03:46,2020,Q4,2941000000.0,1914000000.0,1027000000.0,0.3492009521,0,433000000.0,319000000.0,752000000.0,5000000.0,752000000.0,2666000000.0,0.0,21000000.0,45000000.0,325000000.0,0.1105066304,275000000.0,0.0935056103,-16000000.0,259000000.0,0.0880652839,74000000.0,168000000.0,0.0571234274,3.14,3.12,53300000,53600000,https://www.sec.gov/Archives/edgar/data/277135/000027713521000007/0000277135-21-000007-index.htm,https://www.sec.gov/Archives/edgar/data/277135/000027713521000007/gww-20201231.htm,55.17823639774859,3.151969981238274,6.303939962476548,5.4596622889305815,10.975609756097562,39.26829268292683,27.654784240150093,39.26829268292683,45.36585365853659,21764522000.0,23576522000.0,32.387681547619046,7.400381502890173,64.77536309523809,74.79217182130584,10.39872049689441,10.39872049689441,8.016498469908194,72.54314461538462,70.16822023809524,81.01897594501719,0.0077189841339037,0.0133703832319404,1.1452460582895363,0.3807783955520254,5.575384615384616,2.719639139486468,13.095238095238097,1.8162162162162163,0.0042270627399949,0.5476190476190477,0.1472288337300238,0.0,0.0983320095313741,0.1339285714285714,0.0153009180550833,1.0,0.0034002040122407,52.77196977940977,0.0399326227746638,0.0295983086680761,-30.863039399624764,2478000000.0,1474000000.0,-283000000.0,4492000000.0,1479500000.0,807500000.0,1756500000.0,45.10710642638559,36.63009404388715,81.48902821316614,1.9952510176390776,2.456996148908857,1.104443162146567,0.0802675585284281,0.8442776735459663,2021-02-03,3.86,bmo,3093383419.0,2025-04-25,2020-12-31,-0.0518134715025906,393.076875,303170.8125
2020-09-30,GWW,USD,277135,2020-10-22,2020-10-22 16:34:10,2020,Q3,3018000000.0,1944000000.0,1074000000.0,0.3558648111,0,0.0,0.0,694000000.0,5000000.0,694000000.0,2638000000.0,0.0,23000000.0,42000000.0,427000000.0,0.1414844268,380000000.0,0.1259111995,-18000000.0,362000000.0,0.1199469848,106000000.0,240000000.0,0.0795228628,4.43,4.41,53600000,53900000,https://www.sec.gov/Archives/edgar/data/277135/000027713520000028/0000277135-20-000028-index.htm,https://www.sec.gov/Archives/edgar/data/277135/000027713520000028/gww-20200930.htm,56.30597014925373,4.477611940298507,5.802238805970149,4.701492537313433,16.026119402985074,44.309701492537314,33.24626865671642,44.309701492537314,45.20522388059702,19122872000.0,20663872000.0,19.91965833333333,6.336273028495692,61.48833440514469,75.8844126984127,8.051735578947367,8.051735578947367,6.846876076872101,48.393142857142855,66.44331832797428,81.99949206349207,0.0125504160672099,0.0131779368705704,1.0105263157894735,0.3645754215403312,3.608899297423888,2.96530187369882,16.52173913043478,1.21484375,0.0042880588229634,0.3416666666666667,0.0,0.0,0.0900805104055901,0.1897106109324758,0.0195493704440026,1.4047619047619049,0.0033134526176275,66.81344992339547,0.0521399460162894,0.0400667779632721,-25.09794776119403,2832000000.0,1782000000.0,65000000.0,4819000000.0,1472500000.0,803000000.0,1737500000.0,44.28429423459245,38.7037037037037,82.4074074074074,2.0323232323232325,2.325358851674641,1.0921348314606742,0.1010526315789473,1.1007462686567164,2020-10-22,4.15,bmo,2770951327.0,2025-04-25,2020-09-30,0.0891566265060239,344.59953125,303340.578125
2020-06-30,GWW,USD,277135,2020-07-23,2020-07-23 16:25:13,2020,Q2,2837000000.0,1821000000.0,1016000000.0,0.3581247797,0,0.0,0.0,811000000.0,7000000.0,811000000.0,2632000000.0,0.0,28000000.0,50000000.0,262000000.0,0.0923510751,205000000.0,0.072259429,-21000000.0,184000000.0,0.0648572436,55000000.0,114000000.0,0.0401832922,2.11,2.1,53500000,53700000,https://www.sec.gov/Archives/edgar/data/277135/000027713520000021/0000277135-20-000021-index.htm,https://www.sec.gov/Archives/edgar/data/277135/000027713520000021/gww-20200630.htm,53.02803738317757,2.130841121495327,4.336448598130841,3.532710280373832,29.962616822429908,40.22429906542056,29.233644859813083,40.22429906542056,62.89719626168224,16807560000.000002,18541560000.0,36.85868421052632,5.924413112442722,72.44637931034484,88.92888888888889,7.810204460966544,7.810204460966544,6.535622136059217,70.76931297709923,79.92051724137932,98.10349206349208,0.0067826620877747,0.0112449397771003,1.5506505576208178,0.4638587711982207,6.618320610687023,3.543227665706052,7.321428571428571,1.7984496124031009,0.0051167450837599,0.7543859649122807,0.0,0.0,0.0817347789824854,0.1853448275862069,0.015156855833627,0.86,0.0059922453295734,43.91481284223233,0.0246016477382671,0.0172570390554041,-27.97196261682243,3530000000.0,1564000000.0,-124000000.0,5483000000.0,1536500000.0,816500000.0,1655000000.0,46.316531547409234,38.056013179571664,83.77265238879737,1.9431506849315068,2.364935064935065,1.0743362831858407,0.0529739776951672,0.8037383177570093,2020-07-23,3.48,bmo,2564648000.0,2025-04-25,2020-06-30,0.0775862068965517,288.95714285714286,356526.9365079365
2020-03-31,GWW,USD,277135,2020-04-23,2020-04-23 16:30:49,2020,Q1,3001000000.0,1880000000.0,1121000000.0,0.3735421526,0,0.0,0.0,962000000.0,4000000.0,962000000.0,2842000000.0,0.0,21000000.0,45000000.0,208000000.0,0.0693102299,159000000.0,0.0529823392,-17000000.0,142000000.0,0.0473175608,-43000000.0,173000000.0,0.0576474508,3.2,3.19,53600000,53800000,https://www.sec.gov/Archives/edgar/data/277135/000027713520000014/0000277135-20-000014-index.htm,https://www.sec.gov/Archives/edgar/data/277135/000027713520000014/gww2020033120-10q.htm,55.98880597014925,3.2276119402985075,4.552238805970149,3.619402985074627,27.83582089552239,37.87313432835821,26.921641791044777,33.76865671641791,62.723880597014926,13319600000.0,15168600000.0,19.24797687861272,4.438387204265245,54.588524590163935,68.65773195876288,7.358895027624309,7.358895027624309,5.054515161612796,72.92596153846154,62.16639344262295,78.18865979381444,0.0129883780293702,0.0145650019520105,1.8458563535911603,0.465514839069249,8.889423076923077,3.276,7.571428571428571,1.318918918918919,0.005856031712664,0.4508670520231214,0.0,0.0,0.0817890483488923,0.2049180327868852,0.0166611129623458,1.1111111111111112,0.0029990003332222,49.52093185289849,0.0362463494880041,0.0262518968133535,-30.55503731343284,3414000000.0,1443000000.0,-233000000.0,5358000000.0,1519000000.0,791000000.0,1635000000.0,48.37387537487504,41.31382978723404,77.31382978723404,1.8605083694978304,2.178447276940904,1.1640866873065014,0.0955801104972375,0.9328358208955224,2020-04-23,4.42,bmo,3135478773.0,2025-04-25,2020-03-31,-0.0407239819004524,295.65822580645164,414788.46774193546
2019-12-31,GWW,USD,277135,2020-02-20,2020-02-20 07:54:17,2019,Q4,2847000000.0,1765000000.0,1082000000.0,0.3800491746,0,901000000.0,316000000.0,901000000.0,8000000.0,901000000.0,2666000000.0,0.0,19000000.0,58000000.0,247000000.0,0.0867579909,181000000.0,0.0635756937,-11000000.0,170000000.0,0.0597119775,53000000.0,103000000.0,0.0361784334,1.89,1.88,53800000,54100000,https://www.sec.gov/Archives/edgar/data/277135/000027713520000007/0000277135-20-000007-index.htm,https://www.sec.gov/Archives/edgar/data/277135/000027713520000007/gww20191231-10k.htm,52.9182156133829,1.9144981412639408,5.055762081784387,3.9776951672862455,6.691449814126394,38.28996282527881,24.66542750929368,38.28996282527881,41.52416356877323,18212376000.0,20067376000.0,44.20479611650485,6.397041095890411,66.95726470588235,85.10456074766356,8.84095922330097,8.84095922330097,7.0486041447137335,81.24443724696356,73.77711764705883,93.77278504672896,0.0056554949227931,0.0117502515871624,1.075242718446602,0.3688592839300583,7.510121457489879,2.1185935637663884,9.526315789473683,2.324786324786325,0.0047220637219438,0.8349514563106796,0.3164734808570425,0.0,0.1220649458784346,0.213235294117647,0.0203723217421847,1.0,0.0028099754127151,40.6126385477032,0.0269167217448777,0.0195371775417298,-31.389405204460967,1877000000.0,1327000000.0,-390000000.0,4010000000.0,1460000000.0,721000000.0,1587500000.0,45.04741833508957,36.66288951841359,84.39093484419263,1.9978947368421047,2.454798331015299,1.066465256797583,0.05,1.0780669144981412,2020-01-30,4.03,bmo,2942389175.0,2025-04-25,2019-12-31,-0.0372208436724566,317.353125,359783.140625
2019-09-30,GWW,USD,277135,2019-10-23,2019-10-23 16:35:32,2019,Q3,2947000000.0,1848000000.0,1099000000.0,0.3729216152,0,761000000.0,0.0,761000000.0,4000000.0,761000000.0,2609000000.0,1000000.0,21000000.0,58000000.0,401000000.0,0.1360705803,338000000.0,0.114692908,-16000000.0,322000000.0,0.109263658,78000000.0,233000000.0,0.0790634544,4.27,4.25,54100000,54400000,https://www.sec.gov/Archives/edgar/data/277135/000027713519000031/0000277135-19-000031-index.htm,https://www.sec.gov/Archives/edgar/data/277135/000027713519000031/gww2019093019-10q.htm,54.47319778188539,4.306839186691312,5.914972273567468,4.87985212569316,5.2865064695009245,38.29944547134935,22.64325323475046,34.584103512014785,40.83179297597042,16075814999.999998,17977815000.0,17.248728540772532,5.454976247030878,50.23692187499999,60.89323863636363,8.59209780865847,8.59209780865847,6.100378350865287,44.832456359102245,56.180671875,68.09778409090909,0.0144938219306455,0.016422184505109,1.1694281133083912,0.3694697737250929,4.743142144638404,2.1603053435114505,16.095238095238095,1.3114754098360657,0.0049142143026652,0.3390557939914163,0.2582287071598235,0.0,0.1430260047281324,0.175,0.0190023752969121,0.9655172413793104,0.003053953172718,57.89070629598513,0.0554381436369014,0.045911330049261,-31.104436229205177,1824000000.0,1225000000.0,-454000000.0,4055000000.0,1499000000.0,751500000.0,1527500000.0,45.65659993213438,35.211038961038966,74.02597402597404,1.97123745819398,2.556016597510373,1.2157894736842103,0.1245323356493853,1.0351201478743068,2019-10-23,4.4,bmo,3043849765.0,2025-04-25,2019-09-30,-0.0318181818181819,278.045,422379.75
2019-06-30,GWW,USD,277135,2019-07-24,2019-07-24 16:20:14,2019,Q2,2893000000.0,1772000000.0,1121000000.0,0.3874870377,0,741000000.0,0.0,741000000.0,7000000.0,741000000.0,2513000000.0,1000000.0,22000000.0,56000000.0,444000000.0,0.1534739025,380000000.0,0.1313515382,-14000000.0,366000000.0,0.126512271,94000000.0,260000000.0,0.0898721051,4.69,4.67,55100000,55400000,https://www.sec.gov/Archives/edgar/data/277135/000027713519000024/0000277135-19-000024-index.htm,https://www.sec.gov/Archives/edgar/data/277135/000027713519000024/gww2019063019-10q.htm,52.50453720508167,4.718693284936479,5.862068965517241,5.00907441016334,5.716878402903811,38.366606170598914,22.6497277676951,38.366606170598914,40.544464609800364,14727679000.000002,16624679000.000002,14.16122980769231,5.09079813342551,45.59652941176471,53.36115579710145,6.966735572374645,6.966735572374645,5.746518838575874,37.44297072072072,51.46959442724459,60.23434420289856,0.0176538339815798,0.0187402237650616,1.0463576158940395,0.3691588785046729,4.2725225225225225,2.3801652892561984,17.272727272727273,1.1875,0.0059072444476824,0.3346153846153846,0.2561354994815071,0.0,0.1445260347129506,0.1455108359133126,0.0162461113031455,0.8392857142857143,0.0062219149671621,63.82323679756198,0.0604461411782319,0.0507218103784627,-30.27676950998185,2004000000.0,1248000000.0,-422000000.0,4250000000.0,1494000000.0,760500000.0,1529000000.0,46.7576909782233,39.61625282167043,77.96275395033861,1.924817032601464,2.271794871794872,1.1543973941368078,0.1229895931882686,0.852994555353902,2019-07-24,4.64,bmo,2893000000.0,2025-04-25,2019-06-30,0.0,280.63380952380953,486465.5396825397
2019-03-31,GWW,USD,277135,2019-04-22,2019-04-22 17:11:25,2019,Q1,2799000000.0,1704000000.0,1095000000.0,0.3912111468,0,732000000.0,0.0,732000000.0,7000000.0,732000000.0,2436000000.0,2000000.0,21000000.0,57000000.0,429000000.0,0.1532690247,363000000.0,0.1296891747,-12000000.0,351000000.0,0.1254019293,89000000.0,253000000.0,0.0903894248,4.5,4.48,55600000,55900000,https://www.sec.gov/Archives/edgar/data/277135/000027713519000015/0000277135-19-000015-index.htm,https://www.sec.gov/Archives/edgar/data/277135/000027713519000015/gww2019033119-10q.htm,50.34172661870504,4.550359712230216,2.284172661870504,1.2050359712230216,7.050359712230216,38.70503597122302,23.03956834532374,38.70503597122302,40.143884892086334,17306056000.0,19125056000.0,17.100845849802372,6.1829424794569485,136.26815748031495,258.29934328358206,8.041847583643124,8.041847583643124,6.832817434798142,44.580550116550114,150.59099212598426,285.4485970149254,0.0146191599056422,0.0038714771291621,1.0274163568773234,0.3676421682740273,4.24009324009324,2.399452804377565,17.285714285714285,0.4847328244274809,0.004391526295766,0.300395256916996,0.2615219721329046,0.0,0.1448287329564349,0.4724409448818897,0.0214362272240085,1.0526315789473684,0.0017863522686673,62.9503083212241,0.0578227197945507,0.0491930779700563,-28.68255395683453,2046000000.0,1281000000.0,-354000000.0,4275000000.0,1435000000.0,709500000.0,1532000000.0,47.749196141479096,39.137323943661976,80.44014084507043,1.8848484848484848,2.299595141700405,1.118844386080105,0.1175650557620817,1.079136690647482,2019-04-22,4.44,bmo,2755556541.0,2025-04-25,2019-03-31,0.0157657657657656,297.3298360655738,474550.2950819672
2018-12-31,GWW,USD,277135,2019-02-28,2019-02-28 16:51:08,2018,Q4,2763000000.0,1697000000.0,1066000000.0,0.3858125226,0,776003000.0,-3000.0,776000000.0,6000000.0,776000000.0,2473000000.0,2000000.0,18000000.0,65000000.0,362000000.0,0.1310170105,290000000.0,0.1049583786,-11000000.0,279000000.0,0.1009771987,60000000.0,209000000.0,0.0756424177,3.71,3.68,56058000,56377000,https://www.sec.gov/Archives/edgar/data/277135/000027713519000010/0000277135-19-000010-index.htm,https://www.sec.gov/Archives/edgar/data/277135/000027713519000010/gww20181231-10k.htm,49.28823718291769,3.728281422812087,5.601341467765528,4.352634771129901,9.597202896999535,37.336330229405256,21.566948517606765,37.336330229405256,39.92293695815049,15828536880.0,17510536880.0,18.933656555023923,5.72875022801303,50.40935312101912,64.87105278688524,7.562607204968945,7.562607204968945,6.337508823742309,48.371648839779006,55.76604101910828,71.76449540983606,0.0132039999391276,0.0154151961011825,1.0606784519828,0.3780010216243827,4.6464088397790055,2.369753497668221,16.11111111111111,1.4337899543378996,0.0053068707889316,0.4019138755980861,0.2808552298226565,0.0,0.1505193257279073,0.2229299363057325,0.0253347810351067,1.0769230769230769,0.0039811798769453,55.96434395024257,0.0505629517108286,0.0418921627580677,-25.55835028006707,2056000000.0,1209000000.0,-223000000.0,4292000000.0,1433150000.0,704107500.0,1507058500.0,45.11400651465798,35.95757218621096,81.7265763111373,1.9949458483754512,2.5029498525073746,1.1012329656067488,0.0998566650740563,1.2487066966356273,2019-01-24,3.59,bmo,2504840909.0,2025-04-25,2018-12-31,0.1030640668523677,297.4357142857143,732574.7142857143
2018-09-30,GWW,USD,277135,2018-11-01,2018-11-01 16:39:12,2018,Q3,2831429000.0,1752194000.0,1079235000.0,0.3811626567,0,890113000.0,0.0,890113000.0,5976000.0,890113000.0,2642307000.0,2003000.0,22353000.0,63871000.0,257241000.0,0.0908520044,189122000.0,0.0667938345,-18105000.0,171017000.0,0.0603995368,55972000.0,104377000.0,0.0368637179,1.84,1.82,56340000,56804000,https://www.sec.gov/Archives/edgar/data/277135/000027713518000029/0000277135-18-000029-index.htm,https://www.sec.gov/Archives/edgar/data/277135/000027713518000029/gww2018093018-10q.htm,50.25610578629748,1.852626908058218,6.5156372026979055,5.347497337593184,9.173766418175363,37.27465388711395,21.13445154419595,37.27465388711395,40.06308129215478,20057040000.0,21774991000.0,48.03989384634546,7.083716384906703,54.6377873606272,66.57319817577121,9.55072583847844,9.55072583847844,7.690459834945535,84.6482131542017,59.31769234331541,72.27541008636541,0.0052040081687028,0.0150210599370595,1.0641635881743994,0.3767248920001287,6.678371643711539,2.442081274040231,8.460698787634769,3.190847059846148,0.003846878701942,0.7392145779242554,0.3143688222448806,0.0,0.1532891011622534,0.1792825212277065,0.0232437401750141,1.0304050351489722,0.0029695252821101,39.41777013665339,0.0279537153496094,0.0207804582423822,-26.0515708200213,2116012000.0,1190715000.0,-248785000.0,4374265000.0,1471951500.0,732740500.0,1468649000.0,47.084705284857925,37.50689136020326,75.66544001406237,1.911448727469115,2.399559033983142,1.189446595212736,0.0497020552804832,1.1681398651047212,2018-10-16,3.96,bmo,2662085918.0,2025-04-25,2018-09-30,0.0580808080808081,344.17285714285714,650412.9047619047
2018-06-30,GWW,USD,277135,2018-07-26,2018-07-26 17:04:51,2018,Q2,2860212000.0,1749271000.0,1110941000.0,0.3884121177,0,766955000.0,0.0,766955000.0,4327000.0,766955000.0,2516226000.0,1014000.0,22924000.0,63800000.0,410084000.0,0.1433753862,343986000.0,0.1202659104,-20626000.0,323360000.0,0.1130545568,75617000.0,236981000.0,0.0828543479,4.19,4.16,56110000,56553000,https://www.sec.gov/Archives/edgar/data/277135/000027713518000023/0000277135-18-000023-index.htm,https://www.sec.gov/Archives/edgar/data/277135/000027713518000023/gww2018063018-10q.htm,50.975084655141686,4.223507396186063,4.419069684548209,3.4578506505079307,5.568722152913919,36.54017109249688,17.492550347531633,36.54017109249688,41.305934770985566,17304324000.0,19286615000.0,18.2549698077061,6.050014474451544,69.78844463085895,89.18835171631791,8.440026162420637,8.440026162420637,6.74307184222708,47.03088879351547,77.78303636964921,99.40529326873518,0.0136949007658432,0.0112122264932163,1.1192443528141918,0.388639853997885,4.83386574457916,2.3678580830399545,15.005496422962834,1.000851689048732,0.0047894387553076,0.3497242394959933,0.268146207344071,0.0,0.1810058375103225,0.217516152189519,0.018856644192808,0.8453605015673982,0.0056572729573891,58.92684332720494,0.0577384886105877,0.0490054406604064,-30.52573961860631,1948507000.0,981507000.0,-481301000.0,4377177000.0,1445418000.0,741819000.0,1449395000.0,46.022557069196274,37.82943866330603,75.33211835101594,1.95556278771478,2.379099536766286,1.1947095338622753,0.1155853207554716,0.961219034040278,2018-07-18,3.72,bmo,2435450800.0,2025-04-25,2018-06-30,0.1747311827956988,298.81671875,741099.859375
2018-03-31,GWW,USD,277135,2018-04-27,2018-04-27 16:42:31,2018,Q1,2766401000.0,1674642000.0,1091759000.0,0.3946495826,0,756929000.0,0.0,756929000.0,7698000.0,756929000.0,2431571000.0,628000.0,24665000.0,63931000.0,395590000.0,0.1429980686,334830000.0,0.1210345138,-27836000.0,306994000.0,0.1109723428,66209000.0,231535000.0,0.0836953862,4.09,4.07,56063000,56403000,https://www.sec.gov/Archives/edgar/data/277135/000027713518000016/0000277135-18-000016-index.htm,https://www.sec.gov/Archives/edgar/data/277135/000027713518000016/gww2018033118-10q.htm,49.34450528869308,4.1299074255748,2.619998929775431,1.7433244742521803,5.387064552378575,34.35253197295899,14.382997699017178,34.35253197295899,43.46882970943403,15824903009.999998,17935216010.0,17.08694474917399,5.720393757087276,107.73668522994178,161.91478073585984,8.21686157579861,8.21686157579861,6.483230742759274,45.33789026517354,122.10379555434524,183.50675298764017,0.0146310533374953,0.0061760884056122,1.2525678823369364,0.4086744434134855,5.334596425592154,2.1984256134948934,13.575106426109873,0.6100255414581474,0.0045658415697297,0.3120651305418187,0.2736150688204638,0.0,0.189664212525185,0.3346087074922558,0.0177664047981474,0.768781968059314,0.0042119707157422,56.499004237724655,0.0575108593802007,0.0484052818381776,-33.648052191284805,1802830000.0,806354000.0,-669743000.0,4292453000.0,1376709500.0,739977000.0,1431904000.0,46.46505333102468,40.219629031160096,77.09994733202679,1.9369395609819968,2.2377133297344103,1.1673159725054003,0.1202213399823252,0.8766744555232506,2018-04-19,3.44,bmo,2276325358.0,2025-04-25,2018-03-31,0.2151162790697673,261.80032786885243,1034737.5081967212
2017-12-31,GWW,USD,277135,2018-02-26,2018-02-26 17:02:16,2017,Q4,2632461000.0,1611232000.0,1021229000.0,0.3879369913,0,781290000.0,187000000.0,781290000.0,763000.0,781290000.0,2392522000.0,1205000.0,21809000.0,69726000.0,298992000.0,0.1135788906,239939000.0,0.0911462696,-32482000.0,207457000.0,0.0788072454,45642000.0,151059000.0,0.0573831863,2.64,2.63,56681000,56954000,https://www.sec.gov/Archives/edgar/data/277135/000027713518000007/0000277135-18-000007-index.htm,https://www.sec.gov/Archives/edgar/data/277135/000027713518000007/gww20171231-10k.htm,46.44344665761013,2.6650729521356364,5.922249078174344,5.108925389460313,5.766941303082161,32.245955434801786,12.60942820345442,32.245955434801786,41.7098675041019,13390886250.0,15406358250.0,22.16168227315155,5.086831770727088,39.89193917403233,46.24260132813498,7.326500232802056,7.326500232802056,5.852454509297574,51.52766043907529,45.896103867087305,53.202608787239406,0.0112807320725317,0.0216250810135886,1.2815591774072033,0.4035571151779367,6.740889388344839,2.127876808386226,11.001834105185932,2.0744615764916725,0.0058972198348708,0.5227692491013445,0.2967907216859053,0.0,0.1917590098572529,0.137333583572401,0.0175121302841713,0.6611593953475031,0.0020927185625921,43.972730549897406,0.0429915701945375,0.0322002559666578,-34.24703163317514,1699328000.0,714715000.0,-770532000.0,4204313000.0,1349254500.0,722517500.0,1410596000.0,45.30617547610392,40.8646178824651,79.83202294889874,1.986484161468654,2.2023942633908438,1.127367147612054,0.0826482861555818,0.8133236887140312,2018-01-24,2.2,bmo,1969897959.0,2025-04-25,2017-12-31,0.3363636363636362,206.80873015873016,1044623.9523809524
2017-09-30,GWW,USD,277135,2017-10-26,2017-10-26 17:14:21,2017,Q3,2635999000.0,1618819000.0,1017180000.0,0.3858802678,0,736010000.0,0.0,736010000.0,521000.0,736010000.0,2354829000.0,707000.0,21765000.0,66143000.0,337906000.0,0.1281889712,281170000.0,0.1066654426,-27740000.0,249998000.0,0.0948399449,79182000.0,162006000.0,0.0614590521,2.8,2.79,57317000,57521000,https://www.sec.gov/Archives/edgar/data/277135/000027713517000040/0000277135-17-000040-index.htm,https://www.sec.gov/Archives/edgar/data/277135/000027713517000040/gww2017093017-10q.htm,45.9898284976534,2.826491267861193,6.083709894097737,5.036271961198248,4.964931870125792,33.1679082994574,13.531116422701816,33.1679082994574,40.91194584503725,10302730750.0,12341340750.0,15.898687008505858,3.90847293568776,29.5461162890737,35.691082885292246,5.419395108582731,5.419395108582731,4.681845763219182,36.52299973957254,35.39243117292802,42.75330747859103,0.0157245689449857,0.0280182028439401,1.2220311032910154,0.3988259348401561,6.033068368126047,2.280077241094043,12.918447048012863,2.041377856875234,0.0071696525700237,0.4559522486821475,0.2792148251953054,0.0,0.1932206706883706,0.1721709205620877,0.0227754259390841,0.9076697458536808,0.0027018219657898,45.92763951681858,0.042828092919512,0.0344727503001358,-33.38296229739868,1782537000.0,775563000.0,-748915000.0,4303965000.0,1371474500.0,703071000.0,1394898500.0,46.88889108076293,39.66519419403899,77.38936224494525,1.9194311898948755,2.268991790629516,1.1629505320788251,0.0852176520250278,1.0474379328994887,2017-10-17,2.56,bmo,2326951724.0,2025-04-25,2017-09-30,0.1328124999999999,168.67222222222222,947513.6349206348
2017-06-30,GWW,USD,277135,2017-07-27,2017-07-27 17:21:47,2017,Q2,2615269000.0,1575313000.0,1039956000.0,0.3976478137,0,807891000.0,0.0,807891000.0,692000.0,807891000.0,2383204000.0,465000.0,19905000.0,65946000.0,293047000.0,0.1120523357,232065000.0,0.0887346579,-21884000.0,207196000.0,0.0792255022,100237000.0,97921000.0,0.0374420375,1.68,1.67,58013000,58287000,https://www.sec.gov/Archives/edgar/data/277135/000027713517000026/0000277135-17-000026-index.htm,https://www.sec.gov/Archives/edgar/data/277135/000027713517000026/gww2017063017-10q.htm,45.08074052367573,1.6879147777222347,3.2963646079327047,2.393480771551204,4.741437264061504,31.858324858221437,12.39625601158361,31.858324858221437,42.16425628738386,10473086890.0,12624191890.0,26.738612989042185,4.004592602137677,54.76639312458166,75.42571561291437,5.66665073582524,5.66665073582524,4.827110285787045,43.07906885243664,66.01505966574632,90.91767473515156,0.0093497744293039,0.0132580777242076,1.3127226156086176,0.4138893300631657,7.340477807314185,2.2588961822006173,11.6586284853052,1.7879000364625697,0.0075926993478806,0.8120729976205309,0.3089131557786216,0.0,0.1926093347851994,0.2739029032797858,0.020028150067928,0.7942710702696145,0.0050751949417058,34.78387686468431,0.02598855799113,0.0206897440599996,-34.6904573112923,1775770000.0,719144000.0,-827337000.0,4297019000.0,1347422000.0,682580000.0,1392947500.0,47.13333121755353,39.57436395179879,79.85864396472321,1.9094767476668808,2.274199532546352,1.126991337841357,0.052981906149615,0.9028838363815008,2017-07-19,2.62,bmo,2529395985.0,2025-04-25,2017-06-30,0.0458015267175572,188.7173015873016,1093734.0793650793
2017-03-31,GWW,USD,277135,2017-04-27,2017-04-27 16:46:29,2017,Q1,2541129000.0,1521937000.0,1019192000.0,0.4010784183,0,723704000.0,0.0,723704000.0,345000.0,723704000.0,2245641000.0,193000.0,16979000.0,62249000.0,349901000.0,0.1376950954,295488000.0,0.1162821722,-16593000.0,270673000.0,0.1065168278,87820000.0,174744000.0,0.0687662846,2.95,2.93,58720000,59203000,https://www.sec.gov/Archives/edgar/data/277135/000027713517000018/0000277135-17-000018-index.htm,https://www.sec.gov/Archives/edgar/data/277135/000027713517000018/gww2017033117-10q.htm,43.2753576294278,2.9758855585831063,3.0815054495912806,1.7400885558583106,4.066774523160763,32.63833446866485,13.557442098092643,32.63833446866485,39.27656675749319,13667667200.0,15718207200.0,19.55384333653802,5.378580623022287,75.53450863793618,133.76330716984086,7.131491351786542,7.131491351786542,6.185521160082782,44.92186990034324,86.86683983066771,153.83161933097145,0.0127852103393328,0.007475891716181,1.194528320296704,0.3959051622390057,5.860343354263063,1.8337645031182817,17.403145061546617,0.9895708574647394,0.0052765405350226,0.4127065879229044,0.2847962460780228,0.0,0.1937605716786835,0.4353121925878438,0.0309972457124372,1.2653697248148563,0.0026590543022412,46.74803562219338,0.0440097157054112,0.0374816687433332,-33.02564713896458,1407753000.0,796093000.0,-769843000.0,3938495000.0,1274157000.0,661281500.0,1397280500.0,46.93568095126221,39.766685480410814,82.0849943197386,1.9175177216125951,2.263200941007121,1.0964245139547768,0.0911776169657238,1.34141689373297,2017-04-18,2.99,bmo,2638155902.0,2025-04-25,2017-03-31,-0.0367892976588629,246.1861290322581,627639.0322580645
2016-12-31,GWW,USD,277135,2017-02-28,2017-02-28 17:20:59,2016,Q4,2470710000.0,1481017000.0,989693000.0,0.4005702814,0,815464000.0,180000000.0,815464000.0,-2341000.0,815464000.0,2296481000.0,243000.0,17777000.0,71462000.0,234548000.0,0.0949314165,174229000.0,0.0705177864,-28920000.0,145309000.0,0.058812649,76969000.0,60666000.0,0.0245540755,1.02,1.01,59171000,59566000,https://www.sec.gov/Archives/edgar/data/277135/000027713517000007/0000277135-17-000007-index.htm,https://www.sec.gov/Archives/edgar/data/277135/000027713517000007/gww20161231-10k.htm,41.75542072974937,1.025265755184127,5.620878470872555,4.427270115428166,4.633114194453364,32.20780449882544,13.393250071825726,32.20780449882544,38.27599668756655,13742464750.0,15715370750.0,56.63165838360861,5.562152073695415,41.31916411349608,52.45896318606231,7.210985151393034,7.210985151393034,6.36066990864974,67.00279153947166,47.25105684725776,59.990116083766594,0.0044144919491243,0.0190625193344592,1.179079510202711,0.3946137782876828,8.411523440830875,1.854110379959446,9.800810035439053,4.866739830260462,0.0059552635927263,1.3490258134704778,0.3300524950317924,0.0,0.195506845696939,0.2123526352027853,0.0285857101804744,0.9883154683608072,0.0033148366259091,27.257752613742703,0.0183253382800511,0.0132428704368077,-32.006151662131785,1391292000.0,792492000.0,-768310000.0,3925459000.0,1274727500.0,636918500.0,1393969000.0,44.5534441516811,39.505474954034966,85.46984943454397,2.020045850857169,2.278165244303884,1.0530029079895056,0.0318328358960796,1.19360835544439,2017-01-25,2.36,bmo,2379939591.0,2025-04-25,2016-12-31,0.0381355932203391,223.07698412698412,658168.5238095238
2016-09-30,GWW,USD,277135,2016-10-28,2016-10-27 18:26:46,2016,Q3,2596288000.0,1556536000.0,1039752000.0,0.4004763724,0,717165000.0,0.0,717165000.0,-1192000.0,717165000.0,2273701000.0,147000.0,18024000.0,63899000.0,375108000.0,0.1444785786,322587000.0,0.1242493129,-29402000.0,293185000.0,0.1129246832,99776000.0,185873000.0,0.0715918265,3.07,3.05,60017000,60416000,https://www.sec.gov/Archives/edgar/data/277135/000027713516000067/0000277135-16-000067-index.htm,https://www.sec.gov/Archives/edgar/data/277135/000027713516000067/gww2016093016-10q.htm,43.25920989053102,3.097005848342969,5.731609377343086,3.9337021177333087,4.764999916690271,36.00706466501158,19.101887798457103,36.00706466501158,38.26129263375377,13494222280.0,15486545280.0,18.14978813490932,5.1975059315453445,39.22807455943999,57.15735286269161,6.2443301638658495,6.2443301638658495,5.964879581926196,41.28556383761477,45.01981220602685,65.59621701985269,0.0137742654703031,0.0174955618116585,1.0542647137761705,0.3871039870978024,5.311331669812428,2.036821971592991,17.897636484687084,1.7785832096748342,0.0054579655256723,0.3962436717543699,0.2762270595557966,0.0,0.1723891680396716,0.3136827967929673,0.0415612597677915,1.6886805740308926,0.0024689094584268,50.09058815393465,0.0447692865240514,0.0381598021396818,-29.20820350900578,1592881000.0,1146438000.0,-595281000.0,4044417000.0,1318370500.0,626202000.0,1400073000.0,45.97806945916632,36.06537208262449,79.87744581558024,1.9574549575190427,2.495468500749505,1.1267260624205555,0.08601106136131,1.7979072596097772,2016-10-18,2.99,bmo,2536907516.0,2025-04-25,2016-09-30,0.0234113712374581,224.71484375,521538.0625
2016-06-30,GWW,USD,277135,2016-07-28,2016-07-28 15:04:58,2016,Q2,2563668000.0,1523609000.0,1040059000.0,0.4056917666,0,734470000.0,0.0,734470000.0,-538000.0,734470000.0,2258079000.0,162000.0,16806000.0,57202000.0,356988000.0,0.1392489199,305589000.0,0.119199912,-22609000.0,282980000.0,0.1103809074,103535000.0,172676000.0,0.0673550553,2.81,2.79,60891000,61302000,https://www.sec.gov/Archives/edgar/data/277135/000027713516000052/0000277135-16-000052-index.htm,https://www.sec.gov/Archives/edgar/data/277135/000027713516000052/gww2016063016-10q.htm,42.10257673547815,2.835821385754873,2.835525775566176,1.9500090325335435,5.189551822108357,36.82931796160352,19.95276806096139,36.82931796160352,37.57680116930253,13837479750.0,15792765750.0,20.0338781156617,5.397531876202379,80.14386677709692,116.53792172682714,6.170355916906198,6.170355916906198,6.160222677039305,44.238926098356245,91.46848538729743,133.00515209958058,0.0124788619835197,0.0085808978329308,1.0128018072090377,0.380780826997836,5.477175703384988,1.964721594010762,18.183327383077472,0.962177826074842,0.0054090774730853,0.4334591952558549,0.2864918546395243,0.0,0.172282274488818,0.3122936672497075,0.0210323645651465,0.9426243837628056,0.005335714296859,48.4760845026837,0.0401293446323872,0.0349746636436147,-28.150424529076545,1583440000.0,1214944000.0,-497446000.0,4029775000.0,1307471000.0,624534500.0,1419787500.0,46.0022046536447,37.13505892916096,83.80169715458494,1.956427972911716,2.423585759529411,1.073963929799433,0.0769990198762671,0.8855167430326321,2016-07-19,3.16,bmo,2812086159.0,2025-04-25,2016-06-30,-0.0854430379746835,227.90125,564030.171875
2016-03-31,GWW,USD,277135,2016-04-28,2016-04-28 15:00:13,2016,Q1,2506538000.0,1461485000.0,1045053000.0,0.4169308425,0,727961000.0,0.0,727961000.0,440000.0,727961000.0,2189446000.0,165000.0,13725000.0,56294000.0,367603000.0,0.1466576609,317092000.0,0.1265059616,-19508000.0,297584000.0,0.1187231153,105940000.0,186713000.0,0.0744903927,3.0,2.98,61669000,62100000,https://www.sec.gov/Archives/edgar/data/277135/000027713516000046/0000277135-16-000046-index.htm,https://www.sec.gov/Archives/edgar/data/277135/000027713516000046/gww2016033116-10q.htm,40.64502424232597,3.0276638181258004,2.492840811428757,1.652921240817915,4.5388444761549565,38.33692779192139,21.25027161134443,38.33692779192139,34.15086996708233,14395394670.0,16207813670.0,19.274762161713436,5.743138412423829,93.64015501102575,141.22269968803343,6.088907313256069,6.088907313256069,6.466215022473228,44.090536992353165,105.42970298768628,159.0030183255832,0.0129703286558103,0.0070810146117376,0.8850033838084764,0.3507764417446976,4.930370535604987,1.6692694263044818,23.10324225865209,0.8021696478887939,0.0050455025141731,0.3890034437880597,0.2904248808515969,0.0,0.1766547261376208,0.3369326941215499,0.0206647575261176,0.9201158205137316,0.0029746207717576,51.10386390879158,0.0426355323423163,0.0380183998687061,-26.46166631532861,1258521000.0,1310483000.0,-461678000.0,3754429000.0,1257100500.0,601942000.0,1417537000.0,46.84165969157459,38.20559225719046,87.50054225667728,1.921366591034525,2.3556760851694847,1.028565054328357,0.0789751290076981,0.8399195706108418,2016-04-18,2.86,bmo,2254273584.0,2025-04-25,2016-03-31,0.111888111888112,209.43229508196725,826082.4918032787
2015-12-31,GWW,USD,277135,2016-02-29,2016-02-29 12:10:31,2015,Q4,2478258000.0,1475883000.0,1002375000.0,0.4044675736,0,750749000.0,180000000.0,750749000.0,-1606000.0,750749000.0,2226632000.0,232000.0,13852000.0,63767000.0,312552000.0,0.1261176197,251626000.0,0.1015334158,-16693000.0,234933000.0,0.0947976361,85762000.0,145232000.0,0.0586024538,2.32,2.3,62100000,62550000,https://www.sec.gov/Archives/edgar/data/277135/000027713516000037/0000277135-16-000037-index.htm,https://www.sec.gov/Archives/edgar/data/277135/000027713516000037/gww20151231-10k.htm,39.90753623188406,2.338679549114332,4.440048309178744,2.496876006441224,3.868937198067633,37.88589371980677,28.50850241545894,37.88589371980677,31.446199677938807,12580839000.0,14279535000.0,21.6564514018949,5.076484772771842,45.62788192668835,81.13738907233515,5.347372863850004,5.347372863850004,5.7619243032807725,45.686909698226216,51.78867140323581,92.0927600350841,0.0115439041863583,0.0123247742062353,0.824136295359317,0.3338493563916609,5.434922828841281,1.6766620036297883,18.16531908749639,1.8483954656065853,0.006003256221624,0.5200369064668944,0.3029341577834107,0.0,0.1002665344325296,0.4376466577447983,0.0486918633975962,1.8923737983596527,0.0045330227926228,44.64937523588322,0.034584069894693,0.0277927044533545,-25.77432769726248,1210233000.0,1770378000.0,-456399000.0,3223810000.0,1250503000.0,582975500.0,1390855000.0,43.929118760032246,35.580503332581245,86.2371407489618,2.048754961182698,2.5294751779856512,1.0436338591279593,0.0617295599890169,1.94317230273752,2016-01-26,2.24,bmo,2229474698.0,2025-04-25,2015-12-31,0.1116071428571428,205.48296875,818575.78125
2015-09-30,GWW,USD,277135,2015-10-29,2015-10-29 13:59:04,2015,Q3,2532900000.0,1471021000.0,1061879000.0,0.4192344743,0,721150000.0,0.0,721150000.0,-1875000.0,721150000.0,2192171000.0,464000.0,13899000.0,57263000.0,390609000.0,0.1542141419,340729000.0,0.1345212997,-21282000.0,319447000.0,0.126119073,122825000.0,192201000.0,0.0758817956,2.94,2.92,64720000,65289000,https://www.sec.gov/Archives/edgar/data/277135/000027713515000029/0000277135-15-000029-index.htm,https://www.sec.gov/Archives/edgar/data/277135/000027713515000029/gww2015093015-10q.htm,39.136279357231146,2.9697311495673677,5.661696538936959,4.389694066749073,3.98873609394314,37.79437577255872,27.313674289245984,37.79437577255872,28.21554388133498,13915447200.0,15469507200.0,18.100123308411504,5.493879426744049,37.97624943712901,48.98063435186782,5.688941690528247,5.688941690528247,6.107429112874571,39.60356059384193,42.2173901889882,54.450731254025854,0.0138120605998203,0.0204162321136183,0.7408718212041281,0.3120653097998279,3.978556561676766,2.1842773813317917,24.51464134110368,1.8636012246849285,0.0055364372335802,0.4008407864683326,0.2847131746219748,0.0,0.1168061182476163,0.2246680766869072,0.0325018753207785,1.4376473464540802,0.0033890007501283,50.25316445488773,0.044176381149991,0.0374745410367486,-22.414396631644006,1683307000.0,1767741000.0,-256415000.0,3734610000.0,1244610500.0,540446500.0,1335255000.0,45.88528958900865,35.63710511270743,83.66839766393545,1.9614129235344,2.5254576575555774,1.075674956289903,0.0785760073784204,1.2720024721878862,2015-10-16,3.06,bmo,2557978217.0,2025-04-25,2015-09-30,-0.0098039215686275,224.55625,676478.4375
2015-06-30,GWW,USD,277135,2015-07-30,2015-07-30 13:43:18,2015,Q2,2522565000.0,1449133000.0,1073432000.0,0.4255319486,0,716715000.0,0.0,716715000.0,178000.0,716715000.0,2165848000.0,277000.0,4184000.0,54526000.0,407396000.0,0.1615006947,356717000.0,0.1414104295,-8031000.0,348686000.0,0.1382267652,123451000.0,220548000.0,0.0874300563,3.28,3.25,66652000,67317000,https://www.sec.gov/Archives/edgar/data/277135/000027713515000020/0000277135-15-000020-index.htm,https://www.sec.gov/Archives/edgar/data/277135/000027713515000020/gww2015063015-10q.htm,37.84680129628519,3.3089479685530816,3.200144031686971,2.129148412650783,12.2994958890956,46.50180039608714,39.201014223129086,46.50180039608714,21.148592690391887,15773195800.0,16358821800.0,17.87954980321744,6.25284018449475,73.94979652689221,111.1477239415976,5.089050272984974,5.089050272984974,6.484995153742322,40.15459601959764,76.6953988823044,115.27440808388296,0.0139824549695883,0.0089970353376327,0.4534409141270127,0.2411934011668965,1.4374858859684434,3.3652366245122254,85.25740917782026,0.9469931404977024,0.0051044189789364,0.3650588534015271,0.2841215191679897,0.0,0.0835111720467918,0.3346710674368014,0.0282981806217084,1.30917360525254,0.0070888163436819,58.839789717338405,0.0476416800336354,0.0412988266382937,-5.368248514673228,2476644000.0,2612826000.0,796275000.0,4287807000.0,1198004500.0,505983500.0,1315686000.0,42.737071195390406,30.95467427765429,80.92282074868214,2.1059000414073146,2.90747688677731,1.1121708211273107,0.0711574162799836,1.070995619036188,2015-07-17,3.05,bmo,2352883792.0,2025-04-25,2015-06-30,0.0852459016393443,242.4209523809524,554483.0952380953
2015-03-31,GWW,USD,277135,2015-04-30,2015-04-30 13:26:38,2015,Q1,2439661000.0,1345918000.0,1093743000.0,0.4483176146,0,742496000.0,0.0,742496000.0,-2164000.0,742496000.0,2088414000.0,192000.0,1636000.0,52411000.0,401686000.0,0.1646482852,351247000.0,0.1439736914,-3608000.0,347639000.0,0.1424947974,133493000.0,211015000.0,0.0864935743,3.11,3.07,67230000,67982000,https://www.sec.gov/Archives/edgar/data/277135/000027713515000013/0000277135-15-000013-index.htm,https://www.sec.gov/Archives/edgar/data/277135/000027713515000013/gww2015033115-10q.htm,36.2882790420943,3.1387029599881004,2.323501413059646,0.8436709802171649,3.62080916257623,47.7505429123903,40.58802617878923,47.7505429123903,9.365684962070503,15853506300.0,16238098300.0,18.7824399924176,6.49824147699209,101.48907105224411,279.5046949929478,4.93837317059723,4.93837317059723,6.655883050964868,40.42485498623303,103.9511058901856,286.2852309590973,0.0133103047368139,0.0035777574327516,0.1956281545253684,0.1205185903896624,0.9574443719721374,2.270935497420128,214.69865525672373,0.7294509353431771,0.0046294490702034,0.3478093974362012,0.3043439231926075,0.0,0.0924080958408527,0.6368967216997741,0.0407798460523818,1.898246551296484,0.0037550298996458,58.07049451790092,0.0518822599934267,0.044617370866209,-2.8925145024542616,1649096000.0,2728733000.0,945938000.0,3437594000.0,1185538500.0,533819500.0,1346947500.0,44.20030897735382,34.340569039124226,88.82825699634004,2.036184861198862,2.620806891623227,1.013191106560925,0.0657312518047553,1.479830432842481,2015-04-16,3.11,bmo,2447570000.0,2025-04-25,2015-03-31,-0.0032154340836012,238.51918032786887,627901.737704918
2014-12-31,GWW,USD,277135,2015-02-27,2015-02-27 14:22:14,2014,Q4,2510959000.0,1456158000.0,1054801000.0,0.420078942,0,788287000.0,169000000.0,788287000.0,-3089000.0,788287000.0,2244445000.0,384000.0,2096000.0,60575000.0,324384000.0,0.1291872946,266514000.0,0.1061403233,-4801000.0,261713000.0,0.1042283048,110599000.0,148839000.0,0.0592757588,2.17,2.14,67899000,68705000,https://www.sec.gov/Archives/edgar/data/277135/000027713515000005/0000277135-15-000005-index.htm,https://www.sec.gov/Archives/edgar/data/277135/000027713515000005/gww20141231-10k.htm,36.980795004344685,2.19206468431052,4.447355631158044,2.279518107777729,3.337957849158309,48.36744281948188,40.91217838259768,48.36744281948188,7.171416368429579,17306776110.0,17564968110.0,29.06962575333078,6.892496496358563,57.31270920055236,111.81749297376226,5.269867190442681,5.269867190442681,6.995322548078244,54.14868831385025,58.167731702713176,113.48564780296816,0.0086000419173389,0.0089431445242172,0.1476312695620506,0.0914654610522463,0.7959455460195324,2.3350873363641127,127.15362595419847,1.998299297219318,0.0043988550794281,0.5114922836084629,0.3139386186711929,0.0,0.0954967735728212,0.4874441585450259,0.0586206306036856,2.429946347503096,0.0040514401071463,48.84211987298852,0.0375072545339917,0.0310433721621424,-3.3515515692425515,1706534000.0,2777896000.0,968099000.0,3537085000.0,1203904000.0,526166000.0,1336002000.0,42.04097318992465,34.24622877462473,84.39674815507658,2.140768711357257,2.6280265950534933,1.0663917978762358,0.0453210787366162,2.167837523380315,2015-01-26,2.83,bmo,2537903571.0,2025-04-25,2014-12-31,-0.010600706713781,246.6771875,519184.734375
2014-09-30,GWW,USD,277135,2014-10-30,2014-10-30 15:40:33,2014,Q3,2562263000.0,1459479000.0,1102784000.0,0.430394538,0,717271000.0,0.0,717271000.0,-1131000.0,717271000.0,2176750000.0,630000.0,2377000.0,53955000.0,438967000.0,0.1713200401,385513000.0,0.1504580131,-2878000.0,382635000.0,0.1493347873,149585000.0,230322000.0,0.0898900698,3.33,3.3,68296000,69112000,https://www.sec.gov/Archives/edgar/data/277135/000027713514000033/0000277135-14-000033-index.htm,https://www.sec.gov/Archives/edgar/data/277135/000027713514000033/gww201493014-10q.htm,37.51702881574324,3.3724083401663347,4.82278610753192,3.5930508375307486,4.608527585802976,50.90204404357503,42.98932587560033,50.90204404357503,6.729076373433291,17186688400.0,17329136400.0,18.655065951146657,6.707620724336261,52.17938228838079,70.0379736828164,4.943809324917746,4.943809324917746,6.763215329573896,39.47708233192928,52.61185935872875,70.61846766996345,0.0134011855361269,0.0142779687563312,0.1315128325057545,0.0862462547210369,0.3245073092054756,2.627329035828108,162.18468657972235,1.413331903025102,0.0043277679951421,0.3229391894825505,0.279936524861031,0.0,0.1019442155047144,0.254984409961837,0.0327780559606878,1.5565934575108886,0.003852453865977,62.148256226072,0.0555922938338166,0.0483808763601226,1.0184783881925734,1870369000.0,2935999000.0,1195117000.0,3670040000.0,1206213500.0,506036500.0,1311985500.0,43.37554731891301,30.72463529793851,80.56666796850108,2.0749017721502585,2.9292455102319344,1.117087280253256,0.0662529060184569,1.2297352700011714,2014-10-16,3.29,bmo,2554535454.0,2025-04-25,2014-09-30,0.0030395136778114,245.29578125,415744.109375
2014-06-30,GWW,USD,277135,2014-07-31,2014-07-31 15:32:12,2014,Q2,2506104000.0,1425418000.0,1080686000.0,0.4312215295,0,739935000.0,0.0,739935000.0,18000.0,739935000.0,2165353000.0,413000.0,2757000.0,48020000.0,389202000.0,0.1553016156,340751000.0,0.1359684195,-2326000.0,338425000.0,0.1350402856,129348000.0,205915000.0,0.082165385,2.97,2.94,68454000,69342000,https://www.sec.gov/Archives/edgar/data/277135/000027713514000024/0000277135-14-000024-index.htm,https://www.sec.gov/Archives/edgar/data/277135/000027713514000024/gww201463014-10q.htm,36.61004470155141,3.008078417623514,2.351184737195781,1.0284570660589594,4.8456919975457975,50.36994185876648,42.26641248137435,50.36994185876648,8.329841937651562,17405798580.0,17641545580.0,21.132261588519533,6.945361637027035,108.14547916097123,247.2344333967785,5.048050297793751,5.048050297793751,7.039430757861605,45.32747925241905,109.61021932549644,250.5830172438283,0.0118302529501062,0.0040447440360992,0.1645736804616209,0.1068387622493274,0.6057188811979384,2.69885649911714,123.594849474066,0.7698025129497745,0.0043780237746494,0.3700701745866012,0.2952531100066078,0.0,0.1044410495937726,0.5625792181325645,0.0361301845414236,1.8855893377759267,0.0070731302451933,58.38772591522896,0.0487320303712384,0.043290439186199,0.1506084377830367,1913682000.0,2893305000.0,1176847000.0,3717489000.0,1168549500.0,503872000.0,1291963500.0,42.28829689430287,32.44284132794731,83.18404145310357,2.128248395175378,2.7741096746193774,1.0819382952286472,0.0597197119277592,1.322727671136822,2014-07-17,3.09,bmo,2506100000.0,2025-04-25,2014-06-30,0.0,255.48492063492063,386451.3174603175
2014-03-31,GWW,USD,277135,2014-05-01,2014-05-01 13:51:15,2014,Q1,2385627000.0,1309656000.0,1075971000.0,0.4510223099,0,721632000.0,0.0,721632000.0,-503000.0,721632000.0,2031288000.0,640000.0,2863000.0,45776000.0,400252000.0,0.1677764378,354339000.0,0.1485307636,-2726000.0,351613000.0,0.1473880871,132558000.0,216653000.0,0.0908159574,3.11,3.07,68700000,69677000,https://www.sec.gov/Archives/edgar/data/277135/000027713514000016/0000277135-14-000016-index.htm,https://www.sec.gov/Archives/edgar/data/277135/000027713514000016/gww2014033114-10q.htm,34.72528384279476,3.1536098981077147,2.43839883551674,1.4825909752547306,5.466724890829695,48.45110625909753,40.85193595342067,48.45110625909753,8.40703056768559,17357742000.0,17556878000.0,20.029427240795187,7.275966444041755,103.61717546771092,170.41787264123155,5.214741612892662,5.214741612892662,7.359439677703178,43.864560326994,104.80591936388926,172.37298486068295,0.0124816349960726,0.0058679291350222,0.1726556371750089,0.109796495338664,0.4975265582682909,2.568878270734914,123.76493188962628,0.7647303188696902,0.0037264063493972,0.2985511393795608,0.3024915462475903,0.0,0.0997401909622219,0.3919817571843025,0.027524839381848,1.434463474309682,0.004720771520443,58.63367194830602,0.0525012578193091,0.0459773700671835,-0.395589519650655,1829527000.0,2806528000.0,1090026000.0,3562368000.0,1130606000.0,502274500.0,1285990000.0,43.74532984410388,33.94200461800656,87.03155637816342,2.057362473222509,2.6515817498962373,1.034107670198822,0.0650885014109573,0.9558078602620088,2014-04-16,2.96,bmo,2300122475.0,2025-04-25,2014-03-31,0.0371621621621621,249.54573770491805,542357.5081967213
2013-12-31,GWW,USD,277135,2014-02-27,2014-02-27 11:26:35,2013,Q4,2377232000.0,1370835000.0,1006397000.0,0.423348247,0,749634000.0,1000.0,749635000.0,-63000.0,749635000.0,2120470000.0,719000.0,3123000.0,54449000.0,311867000.0,0.1311891309,256762000.0,0.1080088102,-2468000.0,254295000.0,0.1069710487,94902000.0,156749000.0,0.0659376115,2.24,2.2,69140000,70191000,https://www.sec.gov/Archives/edgar/data/277135/000027713514000008/0000277135-14-000008-index.htm,https://www.sec.gov/Archives/edgar/data/277135/000027713514000008/gww20131231-10k.htm,34.38287532542667,2.2671246745733296,3.5590107029216083,1.768672259184264,6.228579693375759,48.11738501590975,40.51734162568701,48.11738501590975,7.895892392247614,17659738800.0,17771893800.0,28.1656323166336,7.428698082475753,71.76713455520786,144.41341445463914,5.308268516993324,5.308268516993324,7.475876902212321,56.98548996848015,72.2229194944528,145.33056768558953,0.0088760655961683,0.0069245644788358,0.1631577270415493,0.1030158769622254,0.3596244552966489,2.547747806418808,82.21645853346142,1.5437942695099534,0.0037813696315825,0.426018666785753,0.3153390161330489,0.0,0.0997264987955205,0.5030438493111716,0.0520706435047147,2.27339345075208,0.0048636397288947,49.54273401846193,0.038614712203056,0.0330442148117448,-0.4714926236621348,1853736000.0,2801369000.0,1109190000.0,3587765000.0,1091882000.0,472899500.0,1281186000.0,41.70776768948088,33.524866231165674,85.71184715884844,2.1578714226582525,2.684574470168457,1.0500298731539923,0.0471165395589082,1.7903384437373444,2014-01-24,2.62,bmo,2404735135.0,2025-04-25,2013-12-31,-0.0114503816793894,260.0390625,378577.078125
2013-09-30,GWW,USD,277135,2013-10-31,2013-10-31 11:45:17,2013,Q3,2398530000.0,1347164000.0,1051366000.0,0.4383376485,0,704651000.0,0.0,704651000.0,58000.0,704651000.0,2051815000.0,822000.0,3734000.0,45351000.0,392946000.0,0.1638278446,346715000.0,0.1445531221,-2854000.0,343861000.0,0.1433632266,130786000.0,210789000.0,0.0878825781,2.99,2.95,69461000,70547000,https://www.sec.gov/Archives/edgar/data/277135/000027713513000038/0000277135-13-000038-index.htm,https://www.sec.gov/Archives/edgar/data/277135/000027713513000038/gww201309301310q.htm,34.53059990498265,3.034638142266884,5.090698377506802,4.152243705100704,7.774074660600912,48.50403823728424,40.31305336807705,48.50403823728424,7.952448136364291,18178638310.0,18187294310.0,21.560231214626945,7.579074812489316,51.40944927249331,63.02857408839223,5.395633219644544,5.395633219644544,7.5826836895932095,46.28446226707995,51.43392856435854,63.05858598081264,0.0115954229577275,0.0158658198200324,0.1628460565147356,0.1044741275383701,0.0220284721055819,2.8377102854185976,92.85350830208893,1.6595252398205336,0.0035832716889563,0.3090246644749014,0.2937845263557262,0.0,0.1083402249507716,0.1843469407955204,0.0271774795395513,1.437366320478049,0.0052765652295364,57.548454375411055,0.0502254647685219,0.0450154241398199,1.4049898504196598,1974605000.0,2800185000.0,1166687000.0,3679875000.0,1078850000.0,443672000.0,1239370000.0,40.60391990093933,29.07207288793347,83.96652523375032,2.21653476362803,3.0957544839313824,1.0718557157087707,0.0625646493065439,0.9384546724060984,2013-10-16,3.03,bmo,2463544067.0,2025-04-25,2013-09-30,-0.0264026402640262,260.216875,280280.765625
2013-06-30,GWW,USD,277135,2013-08-01,2013-08-01 12:18:27,2013,Q2,2381561000.0,1334577000.0,1046984000.0,0.4396209041,0,696912000.0,0.0,696912000.0,-147000.0,696912000.0,2031489000.0,796000.0,3201000.0,41868000.0,392589000.0,0.1648452423,350072000.0,0.1469926657,-2552000.0,347520000.0,0.1459210996,126767000.0,217660000.0,0.0913938379,3.08,3.03,69665000,70801000,https://www.sec.gov/Archives/edgar/data/277135/000027713513000029/0000277135-13-000029-index.htm,https://www.sec.gov/Archives/edgar/data/277135/000027713513000029/gww201306301310q.htm,34.185903968994474,3.12438096605182,3.020254073063949,2.4430201679466017,7.015588889686356,46.539797602813465,39.16816191774923,46.539797602813465,7.911562477571234,17731135800.0,17790352800.0,20.365634246071856,7.445173900647516,84.27105595848028,104.18252102025347,5.468867788643188,5.468867788643188,7.470038684711414,45.31546426415411,84.55249755235117,104.53046129981844,0.0122755813533389,0.0095985390851273,0.1690083415710652,0.108935048462914,0.1508371350190657,3.00154931932292,109.36332396126213,0.9531286098037172,0.0037788329386096,0.3078333180189286,0.2926282383697079,0.0,0.1020936813823088,0.1911209756375768,0.0168851438195368,0.9604710041081496,0.0083243721239976,57.19861274863251,0.053729654546535,0.0481912239100737,1.700122012488337,1975299000.0,2728650000.0,1174244000.0,3607594000.0,1053756000.0,442013500.0,1226251000.0,40.646987417076446,30.49363955770255,82.4005808582045,2.214186234185453,2.9514351617390457,1.0922253103394093,0.0671335314501441,0.5772339051173473,2013-07-17,2.96,bmo,2326579537.0,2025-04-25,2013-06-30,0.0236486486486485,247.7628125,350405.984375
2013-03-31,GWW,USD,277135,2013-04-25,2013-04-25 11:21:38,2013,Q1,2280435000.0,1248699000.0,1031736000.0,0.4524294707,0,688431000.0,0.0,688431000.0,887000.0,688431000.0,1937130000.0,898000.0,3166000.0,38945000.0,384035000.0,0.1684042737,343305000.0,0.1505436463,-1381000.0,341924000.0,0.1499380601,127397000.0,211838000.0,0.0928936804,2.99,2.94,69562000,70775000,https://www.sec.gov/Archives/edgar/data/277135/000027713513000018/0000277135-13-000018-index.htm,https://www.sec.gov/Archives/edgar/data/277135/000027713513000018/gww201303311310q.htm,32.78276932808142,3.0453120956844253,2.536111670164745,1.918504355826457,6.979615307207959,46.26362094246859,38.76557603289152,46.26362094246859,7.95049021017222,15290423220.0,15354793220.0,18.04494852198378,6.705046721349216,86.67205099281816,114.57362571653368,4.751249373094814,4.751249373094814,6.733273792061603,39.98279641178539,87.03692512626334,115.05596058596532,0.0138542927786926,0.0087280121733608,0.170868096663031,0.1096760733729472,0.1676149309307745,2.954682632890718,108.43493367024637,0.822353363446093,0.0036981317774145,0.266930390203835,0.3018858244150787,0.0,0.1040301747522003,0.2435252838445274,0.0188393880992003,1.1031454615483374,0.0050635076202566,56.30240847460102,0.0522842160905464,0.0471573850288581,1.1389120496822978,1934006000.0,2696611000.0,1127890000.0,3588991000.0,985970000.0,430315000.0,1266274500.0,40.725914134803226,31.125451369785672,88.69652334149383,2.2098951469106134,2.891524332635557,1.0146959160224085,0.0658251998794353,0.6176073143382882,2013-04-16,2.73,bmo,2117514285.0,2025-04-25,2013-03-31,0.0769230769230769,219.425,402853.88333333336
2012-12-31,GWW,USD,277135,2013-02-28,2013-02-27 18:32:43,2012,Q4,2226120000.0,1256595000.0,969525000.0,0.4355223438,0,711087000.0,173000000.0,711087000.0,-7000.0,711087000.0,1967682000.0,756000.0,5360000.0,45711000.0,304898000.0,0.1369638654,258438000.0,0.1160934721,-4611000.0,253827000.0,0.1140221551,95341000.0,156267000.0,0.0701970244,2.21,2.17,69557000,70809000,https://www.sec.gov/Archives/edgar/data/277135/000027713513000009/0000277135-13-000009-index.htm,https://www.sec.gov/Archives/edgar/data/277135/000027713513000009/gww20121231-10k.htm,32.004255502681254,2.2466035050390327,3.4516439754446,2.09021378150294,6.49917333985077,44.817430308955245,37.00125077274753,44.817430308955245,8.194775507856866,14076250090.0,14188831090.0,22.51955001695816,6.323221609796417,58.63003294652749,96.81784791146512,4.515430684109598,4.515430684109598,6.373794355200977,46.53632063837743,59.09895241705056,97.59219122492073,0.0111014651630134,0.0103286741192021,0.1811285553252329,0.1126000528855952,0.3692415168351383,2.6857703173046743,48.2160447761194,1.5148719760735965,0.0041260278574661,0.371665162830284,0.3194288717589348,0.0,0.1084174643710223,0.3944294960972318,0.0425390365299265,2.071645774540045,0.0056982552602734,47.59682143196311,0.040019196359453,0.0349518041891974,-1.2822073982489182,1820637000.0,2573696000.0,1003408000.0,3508880000.0,981102500.0,434188500.0,1285809000.0,38.00415071963776,30.710276580759917,93.24734699724256,2.36816237952384,2.930615091118564,0.9651749127260576,0.0501278964356447,1.361430193941659,2013-01-24,2.61,bmo,2400876446.0,2025-04-25,2012-12-31,-0.0727969348659003,199.3258064516129,666280.8870967742
2012-09-30,GWW,USD,277135,2012-11-01,2012-11-01 11:15:38,2012,Q3,2281205000.0,1287245000.0,993960000.0,0.4357170881,0,739634000.0,0.0,739634000.0,0.0,739634000.0,2026879000.0,707000.0,4751000.0,39896000.0,295367000.0,0.1294784993,254326000.0,0.1114875691,-3606000.0,250720000.0,0.1099068256,92916000.0,155394000.0,0.0681192615,2.19,2.15,69625000,70961000,https://www.sec.gov/Archives/edgar/data/277135/000027713512000038/0000277135-12-000038-index.htm,https://www.sec.gov/Archives/edgar/data/277135/000027713512000038/gww201209301210q.htm,32.76416517055655,2.231870736086176,4.852983842010772,4.008675044883304,6.043849192100539,42.63357989228008,29.71422621184919,42.63357989228008,8.14132854578097,14698533750.0,14839819750.0,23.64720283601684,6.44331997781874,43.50107209764153,52.66328590776198,4.951730549801355,4.951730549801355,6.50525478858761,50.24196931275328,43.919215334029815,53.16949864566613,0.0105720749186972,0.0189885606787139,0.1893599266666509,0.1127844849173633,0.4783405052020029,2.6541269810496853,53.53104609555883,2.141194139565537,0.0038532414840357,0.3644735317965945,0.324229519048047,0.0,0.1804888052034775,0.1739772528848231,0.0257692754487211,1.4734559855624625,-0.0080027880002016,46.270232169980176,0.0401898872931844,0.0380472813261923,-2.7733967684021543,1791752000.0,2068853000.0,859572000.0,3784459000.0,1018672000.0,456315500.0,1267756500.0,40.32809414322693,30.73505820570288,88.77212185714453,2.2316948497581164,2.9282521411754,1.013831798960843,0.0523500663497018,0.8443087971274685,2012-10-16,2.89,bmo,2346145195.0,2025-04-25,2012-09-30,-0.027681660899654,201.88317460317455,507884.98412698414
2012-06-30,GWW,USD,277135,2012-07-26,2012-07-26 13:57:33,2012,Q2,2249275000.0,1270932000.0,978343000.0,0.4349592647,0,664343000.0,0.0,664343000.0,0.0,664343000.0,1935275000.0,602000.0,2910000.0,36763000.0,350402000.0,0.1557844194,314000000.0,0.139600538,-3271000.0,310729000.0,0.1381462916,117628000.0,190704000.0,0.0847846528,2.68,2.63,69937000,71308000,https://www.sec.gov/Archives/edgar/data/277135/000027713512000031/0000277135-12-000031-index.htm,https://www.sec.gov/Archives/edgar/data/277135/000027713512000031/gww201206301210q.htm,32.161445300770694,2.726796974419835,1.8871555828817363,1.0901239687147004,3.571013912521269,41.38227261678367,28.864721106138383,41.38227261678367,7.885010795430173,13374751880.0,13673549880.0,17.53339190578069,5.946250182836692,101.33769665560456,175.4295891920252,4.621302502425581,4.621302502425581,6.079092098565093,39.022465282732405,103.60162658544348,179.34876547743966,0.0142585075006266,0.0057002926621768,0.1895353112068751,0.1152086779515208,0.8527291510893202,2.8026766724269714,107.90378006872852,0.6834868799229419,0.0043622491485053,0.3059400956456078,0.2953587267008258,0.0,0.1838654420171936,0.422345471352154,0.0247822076002267,1.5162527541277917,0.0220639983994842,50.38773416950207,0.0503774029091709,0.049076293893668,-3.1903820581380384,1735819000.0,2018712000.0,831575000.0,3688777000.0,996300500.0,460345500.0,1255124500.0,40.61944848895755,33.49765369036266,89.63870608340966,2.215687394782492,2.6867553420881287,1.004030557025825,0.0658928763934997,0.797031614167036,2012-07-18,2.62,bmo,2240747528.0,2025-04-25,2012-06-30,0.0038167938931296,197.86761904761903,709883.7619047619
2012-03-31,GWW,USD,277135,2012-04-26,2012-04-26 12:22:46,2012,Q1,2193445000.0,1219113000.0,974332000.0,0.444201701,0,669971000.0,0.0,669971000.0,0.0,669971000.0,1889084000.0,595000.0,3057000.0,36679000.0,342249000.0,0.1560326336,304361000.0,0.1387593489,-1848000.0,302513000.0,0.1379168386,113055000.0,187516000.0,0.0854892646,2.63,2.57,70133000,71656000,https://www.sec.gov/Archives/edgar/data/277135/000027713512000022/0000277135-12-000022-index.htm,https://www.sec.gov/Archives/edgar/data/277135/000027713512000022/gww201203311210q.htm,31.27550511171631,2.673719932128955,1.5148075798839349,0.9353941796301312,4.830179801234797,40.97285158199421,28.63740321959705,40.97285158199421,7.510658320619394,15065269730.0,15250202730.0,20.085312360011944,6.86831433202109,141.80678975507823,229.6465005640072,5.242739807116565,5.242739807116565,6.952625997004712,44.558794123576696,143.54753223893522,232.46551522819425,0.012446906252637,0.0043545187823198,0.1822443257449237,0.1102220276519034,0.5403463560156494,2.1986130090521634,99.56198887798496,0.5607469729438714,0.0031208867044957,0.2507359372000255,0.3054423520990952,0.0,0.1820845637216624,0.3824996705510269,0.0185261084732008,1.1078818942719266,0.0052169076498384,49.64749161736305,0.0494785871569014,0.0482531532996679,-2.6180970441874725,1475332000.0,2008427000.0,828537000.0,3412236000.0,933069500.0,462651500.0,1256533000.0,40.105760572979946,33.04775685272817,91.86819433473352,2.244066655617418,2.7233315834738807,0.9796644056382938,0.0652558908861481,0.5794134002538035,2012-04-17,2.52,bmo,2150726848.0,2025-04-25,2012-03-31,0.0198412698412697,204.56193548387097,362911.37096774194
2011-12-31,GWW,USD,277135,2012-02-28,2012-02-27 17:34:36,2011,Q4,2076904000.0,1171119000.0,905785000.0,0.4361227096,0,684292000.0,0.0,684292000.0,2458363000.0,684292000.0,1855411000.0,508000.0,2654000.0,45627000.0,274359000.0,0.1320999911,221493000.0,0.1066457573,4585000.0,226078000.0,0.1088533702,74370000.0,148484000.0,0.071492953,2.12,2.12,69898469,70133000,https://www.sec.gov/Archives/edgar/data/277135/000027713512000008/0000277135-12-000008-index.htm,https://www.sec.gov/Archives/edgar/data/277135/000027713512000008/gww20111231-10k.htm,29.7131543753841,2.1242811484182864,2.662962474900559,1.6171312707864889,4.799690247865086,38.9748021519613,26.67071291647317,37.608620583664,7.42817414212606,13084294412.11,13265367412.11,22.029805251929503,6.299903323461268,70.29389327275071,115.7543629151148,4.977316293310408,4.977316293310408,6.387087420559641,48.35040006746635,71.26668750495602,117.35628267448136,0.0113482619179351,0.0086389832298012,0.1965029471790199,0.109532911144934,0.6599856392536786,1.941675522812832,83.45629238884702,1.2269425475255096,0.003653846244529,0.321974084749872,0.3294769522327464,0.0,0.1823633785985002,0.3927322348592703,0.0351975825555731,1.602165384531089,0.006009907053961,42.3975693146152,0.0405028902103187,0.0385070117543325,-5.085172180237596,1306975000.0,1864242000.0,703117000.0,3227307000.0,916840500.0,462667500.0,1191469000.0,38.51055705993152,36.70704685006391,97.49498556508776,2.3370215045172875,2.4518452919304594,0.923124399458636,0.0564838889448927,1.04583120411407,2012-01-25,2.12,bmo,2067149295.0,2025-04-25,2011-12-31,0.0047169811320753,174.0904761904762,517062.49206349207
2011-09-30,GWW,USD,277135,2011-10-27,2011-10-27 10:56:57,2011,Q3,2114647000.0,1201648000.0,912999000.0,0.4317500746,0,609959000.0,0.0,609959000.0,0.0,609959000.0,1811607000.0,553000.0,2579000.0,37529000.0,340567000.0,0.1610514663,303040000.0,0.143305242,-2581000.0,300459000.0,0.1420847073,116412000.0,182121000.0,0.0861235942,2.56,2.51,69846000,71280000,https://www.sec.gov/Archives/edgar/data/277135/000027713511000052/0000277135-11-000052-index.htm,https://www.sec.gov/Archives/edgar/data/277135/000027713511000052/gww2011930-10q.htm,30.27584972654125,2.6074649944162878,3.5864902786129487,2.9559602554190647,0.1777052372362053,37.67581536523208,25.32827935744352,37.67581536523208,8.733570999055065,10444770840.0,10691533840.0,14.337680498130362,4.93925030513367,41.69535907896943,50.589313481415466,3.96912445159709,3.96912445159709,5.055942594674194,31.393334762322837,42.68043305043473,51.78451162925865,0.0174365721172682,0.0197670205658624,0.2308283662770923,0.1334812977061493,0.7245652103697657,2.10491357234315,117.50290810391624,1.3610762468282558,0.004493731908435,0.2577187693895816,0.2884448326363691,0.0,0.1895173101835014,0.1758069795849933,0.0208261709874035,1.173492499134003,0.0057338175118589,47.01450114880529,0.0512777869353337,0.0493791176717,-9.175106663230537,1353086000.0,1769079000.0,658554000.0,3223135000.0,907710000.0,420886500.0,1055445500.0,40.21879774733088,33.530476478968886,83.45721043100808,2.237759581114601,2.684125292894366,1.078396935809407,0.0692079247426852,0.6305300231938837,2011-10-18,2.33,bmo,1962955378.0,2025-04-25,2011-09-30,0.07725321888412,149.34046875,714848.84375
2011-06-30,GWW,USD,277135,2011-07-28,2011-07-28 11:11:40,2011,Q2,2003022000.0,1140628000.0,862394000.0,0.4305464443,0,597112000.0,0.0,597112000.0,0.0,597112000.0,1737740000.0,527000.0,1980000.0,33473000.0,299279000.0,0.1494137358,265282000.0,0.1324408818,-1456000.0,263826000.0,0.1317139802,92257000.0,169885000.0,0.0848143455,2.39,2.34,69609000,71123000,https://www.sec.gov/Archives/edgar/data/277135/000027713511000044/0000277135-11-000044-index.htm,https://www.sec.gov/Archives/edgar/data/277135/000027713511000044/gww2011630-10q.htm,28.77533077619273,2.4405608470169087,2.74501860391616,2.006507779166487,6.690298668275654,36.98948411843296,31.32511600511428,36.98948411843296,7.013561464753121,10695422850.0,10715944850.0,15.73921012743915,5.339643224088403,55.97411973120925,76.57583070215006,4.153883290397976,4.153883290397976,5.349888743109162,35.80586960662124,56.08152089722522,76.7227617042908,0.0158838974748903,0.0130589507267587,0.1888406133134172,0.1157563442833897,0.0685714667584427,2.323248727952961,133.9808080808081,1.1137093530882618,0.0044363837377406,0.2793007034170174,0.29810556249507,0.0,0.093869087368332,0.2690367284564419,0.0256647206071625,1.5357751023212738,0.0092500232149222,45.06871920238058,0.0506294654291424,0.0446344121504598,-0.1264491660561134,1427485000.0,2180510000.0,880624000.0,2803118000.0,840143000.0,378041500.0,988983500.0,39.11052399823866,31.094923147599392,78.63562879396262,2.3011709074532765,2.894363159310404,1.1445193658438693,0.0659798563073418,0.7385108247496732,2011-07-19,2.11,bmo,1903752252.0,2025-04-25,2011-06-30,0.0521327014218011,147.05634920634918,481571.1428571429
2011-03-31,GWW,USD,277135,2011-04-28,2011-04-28 15:41:55,2011,Q1,1883612000.0,1053998000.0,829614000.0,0.4404378396,0,567000000.0,0.0,567000000.0,0.0,567000000.0,1620998000.0,480000.0,1878000.0,32571000.0,295613000.0,0.1569394334,262614000.0,0.1394204327,-1450000.0,261164000.0,0.1386506351,102076000.0,157933000.0,0.0838458239,2.23,2.18,69403000,70907000,https://www.sec.gov/Archives/edgar/data/277135/000027713511000024/0000277135-11-000024-index.htm,https://www.sec.gov/Archives/edgar/data/277135/000027713511000024/form10q12011.htm,27.14021007737417,2.2755932740659626,1.705848450355172,1.2967450974741723,4.822500468279469,34.56960073772027,25.646268893275508,34.56960073772027,7.085832024552253,9555405040.0,9710609040.0,15.125725845770042,5.072915780957012,80.7105695534289,106.1735265228116,3.982689908529139,3.982689908529139,5.155312792655812,32.84905954744886,82.0215137975015,107.89805373452744,0.0165281324380154,0.009418543706233,0.2041901706961472,0.1245479765212191,0.5250242715983398,2.892324100633403,139.8370607028754,0.7441856079654028,0.004011760866183,0.2427231800826933,0.301017406981905,0.0,0.1574470486781999,0.2398239731060638,0.0150736988296952,0.8717263823646803,0.0057787909611958,42.07128350588789,0.0495571174693156,0.0476546097634423,-1.4613633416422922,1479735000.0,1779928000.0,727512000.0,3064171000.0,786372500.0,353146000.0,986472000.0,38.69507095941202,30.910618426220925,83.79810018614836,2.325877631660184,2.911620814537137,1.0740100288678955,0.0658264262677171,0.4091033528809993,2011-04-18,1.8,bmo,1555266055.0,2025-04-25,2011-03-31,0.2111111111111111,134.81532258064516,546860.3387096775
2010-12-31,GWW,USD,277135,2011-02-28,2011-02-28 16:12:08,2010,Q4,1826696000.0,1063564000.0,763132000.0,0.417766284,0,551730000.0,0.0,551730000.0,2145209000.0,551730000.0,1615294000.0,370000.0,1983000.0,40455000.0,252586000.0,0.1382747868,211402000.0,0.1157291635,-1254000.0,210148000.0,0.1150426781,76947000.0,132210000.0,0.072376575,1.9,1.9,69194877,69403000,https://www.sec.gov/Archives/edgar/data/277135/000027713511000011/0000277135-11-000011-index.htm,https://www.sec.gov/Archives/edgar/data/277135/000027713511000011/form10k123110.htm,26.39929542760803,1.91069058479575,1.5098516614170727,0.7041706281232352,4.530017446233773,33.06126261341573,24.21770328459432,31.86964260374363,7.171874877384347,9556504462.47,9737324462.47,18.070691442534606,5.231579016141712,91.4725621922201,196.13144099476656,4.333591114190175,4.333591114190175,5.330566477656928,38.550531155606414,93.20332774154336,199.84247229286817,0.0138345564028365,0.0050986215923773,0.2241385877845979,0.1265948447088997,0.715874989112619,2.5745580079673025,106.60716086737268,0.7843334509500679,0.0039983238798304,0.289009908478935,0.3020371205717864,0.0,0.1567289736621233,0.5336160192966671,0.0305190354607444,1.378049684835002,0.0063661386459487,37.01476849090124,0.0431006960284149,0.0401555316894906,-3.400443214892918,1368768000.0,1675741000.0,621364000.0,2944369000.0,773908500.0,373431500.0,963398000.0,37.587288744268335,29.134635997457604,83.90837786912682,2.3944264938163182,3.0891067253372837,1.0725984971414222,0.059953310696095,0.8056810332938377,2011-01-25,1.68,bmo,1714444692.0,2025-04-25,2010-12-31,0.0654761904761905,127.7546875,504178.484375
2010-09-30,GWW,USD,277135,2010-10-28,2010-10-28 16:50:51,2010,Q3,1899412000.0,1109688000.0,789724000.0,0.4157728813,0,538451000.0,0.0,538451000.0,0.0,538451000.0,1648139000.0,324000.0,1954000.0,37322000.0,289120000.0,0.1522155278,251273000.0,0.1322898876,-1429000.0,249844000.0,0.1315375495,98547000.0,150405000.0,0.079185032,2.1,2.06,69924000,71168000,https://www.sec.gov/Archives/edgar/data/277135/000027713510000058/0000277135-10-000058-index.htm,https://www.sec.gov/Archives/edgar/data/277135/000027713510000058/form10q32010.htm,27.163949430810597,2.150978204908186,3.0933012985527144,2.525999656770208,4.097420056060866,30.726631771637777,22.05490246553401,30.726631771637777,7.252173788684858,8328647640.0,8547286640.0,13.843701406203252,4.38485575536008,38.505786699707805,47.15360894082478,3.876441807394734,3.876441807394734,4.499964536393368,29.56311095738793,39.51661907756038,48.3914591118056,0.0180587541340625,0.0212072844997918,0.2351129540257543,0.1333110069388639,0.756222329828445,2.398808167459733,128.59416581371545,1.4296119552932312,0.0047426667218208,0.2626242478641002,0.2834829936843612,0.0,0.1600221891636759,0.1833968265709953,0.0208843578960225,1.0628583677187715,0.0058086397263995,38.56263856569239,0.0512050305178293,0.0472544476298943,-4.260325496253075,1252297000.0,1542167000.0,506849000.0,2801013000.0,755059000.0,375036500.0,901261000.0,37.192025742703535,32.64982589700889,75.84988753595606,2.4198735670550704,2.756523121559588,1.186554165388,0.0700037095147424,0.5673016417825067,2010-10-14,1.82,bmo,1737139698.0,2025-04-25,2010-09-30,0.0934065934065933,110.6425,727237.203125
2010-06-30,GWW,USD,277135,2010-07-29,2010-07-29 11:19:21,2010,Q2,1783696000.0,1036610000.0,747086000.0,0.4188415515,0,532171000.0,0.0,532171000.0,0.0,532171000.0,1568781000.0,280000.0,2220000.0,35977000.0,251068000.0,0.1407571694,214915000.0,0.120488581,-2119000.0,212796000.0,0.1193005983,83129000.0,129077000.0,0.0723649097,1.76,1.73,71692000,72931000,https://www.sec.gov/Archives/edgar/data/277135/000027713510000044/0000277135-10-000044-index.htm,https://www.sec.gov/Archives/edgar/data/277135/000027713510000044/form10q22010.htm,24.87998660938459,1.8004379847123808,2.414383752719969,2.2313368297718017,5.412835462813145,30.96881102494002,22.775818780338117,30.96881102494002,7.121729063214864,7129769400.0,7250063400.0,13.809139893242016,3.997188646495815,41.19063503801446,44.569694128237344,3.211295387475813,3.211295387475813,4.064629510858352,28.876891519429,41.88560649827837,45.321677324981714,0.0181039515808183,0.0224367705356641,0.2289646592944109,0.1362167222947495,0.479129160227508,2.658010544639391,96.80855855855856,1.3348963113205363,0.0056877014844266,0.3141690618777938,0.2983529704613342,0.0,0.1573910321956908,0.0758151734337808,0.0073571953965249,0.3647608194124023,0.0094169634287457,35.41951486808275,0.043233972487227,0.0410477663619283,-2.0379749483903367,1323938000.0,1632844000.0,610736000.0,2845965000.0,706912000.0,330772000.0,859912000.0,36.59123527776033,30.17089358582302,75.30051803474788,2.4596054032289203,2.983007438741889,1.1952109009192866,0.0581371362065672,0.1830469229481671,2010-07-15,1.5,bmo,1621545454.0,2025-04-25,2010-06-30,0.0999999999999999,106.59238095238096,802566.2380952381
2010-03-31,GWW,USD,277135,2010-04-29,2010-04-29 12:08:31,2010,Q1,1672354000.0,966612000.0,705742000.0,0.4220051496,0,522857000.0,0.0,522857000.0,0.0,522857000.0,1489469000.0,241000.0,2030000.0,35924000.0,218869000.0,0.1308748028,182885000.0,0.1093578273,-1895000.0,180990000.0,0.1082246941,81573000.0,99173000.0,0.0593014398,1.34,1.31,72577000,73855000,https://www.sec.gov/Archives/edgar/data/277135/000027713510000030/0000277135-10-000030-index.htm,https://www.sec.gov/Archives/edgar/data/277135/000027713510000030/form10q33110.htm,23.042479022279785,1.366452181820687,1.5596125494302602,1.3692078757733166,7.557063532524078,32.49933174421649,24.668655359135816,32.49933174421649,7.158907091778387,7847025240.0,7816098240.0,19.781153237272243,4.692203468882784,69.32491024100644,78.96536524005515,3.326837636261269,3.326837636261269,4.673710374717315,35.711307859952754,69.05168421796593,78.65414388214103,0.0126382924696696,0.0126637798351213,0.2194179515530562,0.1358101698473407,-0.1413037022145667,3.035561678030489,90.0911330049261,1.138557791926934,0.0043425373256477,0.3436015851088502,0.3126473222774604,0.0,0.1491368553640663,0.1220845996183475,0.0082632026472864,0.3846731989756152,0.005481494946644,31.610087192476644,0.0322796385513369,0.030585841314957,0.5391446325971038,1493915000.0,1790377000.0,775752000.0,3001680000.0,656769000.0,307415000.0,871100000.0,37.05945033168815,29.239767352360616,79.3771337413564,2.4285303531079188,3.0779998662586494,1.1338277884063852,0.0420455470461745,0.1904046736569436,2010-04-14,1.38,bmo,1672400000.0,2025-04-25,2010-03-31,0.0,103.22131147540983,702478.5409836066
2009-12-31,GWW,USD,277135,2010-02-25,2010-02-25 11:09:46,2009,Q4,1633815000.0,949617000.0,684198000.0,0.4187732393,0,518837000.0,0.0,518837000.0,1933302000.0,518837000.0,1468454000.0,310000.0,2032000.0,43438000.0,209293000.0,0.1281007948,165361000.0,0.1012115815,-1538000.0,163823000.0,0.1002702264,66459000.0,97058000.0,0.0594057467,1.34,1.34,72577000,72577000,https://www.sec.gov/Archives/edgar/data/277135/000027713510000011/0000277135-10-000011-index.htm,https://www.sec.gov/Archives/edgar/data/277135/000027713510000011/form10k123109.htm,22.51147057607782,1.3373107182716288,3.067872742053268,2.320225415765325,6.3363186684486825,30.687394078013696,22.99120933629111,29.812750595918818,7.267316091874837,7027630910.0,7093167910.0,18.101627145624263,4.301362706303958,31.56258689374239,41.733014103744175,3.2479391557133086,3.2479391557133086,4.341475570979578,33.89109005079004,31.85692751631433,42.12220024347516,0.0138109131289024,0.0239618446325036,0.2428262436914203,0.1409987086496855,0.3131351741338697,2.7439723789551738,81.37844488188976,2.286851402982622,0.004928403389927,0.3568484823507593,0.3175616578376377,0.0,0.1498970032729236,0.2437021966522498,0.0332118385496521,1.2491827432202218,0.0044295100730498,29.950801250456145,0.0323555489206769,0.0306392580765119,-1.7325047880182427,1354716000.0,1668633000.0,632382000.0,2866553000.0,631720500.0,290225500.0,870578500.0,34.42366485801636,28.50748249030925,84.31937296825984,2.6144804851898678,3.1570658696570044,1.0673703661657743,0.0448570055275174,0.7476473262879425,2010-01-26,1.24,bmo,1595206299.0,2025-04-25,2009-12-31,0.0241935483870967,96.1584375,772487.140625
2009-09-30,GWW,USD,277135,2009-10-29,2009-10-29 14:19:44,2009,Q3,1589665000.0,929720000.0,659945000.0,0.4151472166,0,473225000.0,0.0,473225000.0,0.0,473225000.0,1402945000.0,374000.0,2198000.0,35588000.0,271206000.0,0.1706057566,186720000.0,0.1174587099,46700000.0,233420000.0,0.1468359686,88856000.0,144564000.0,0.090939915,1.91,1.88,74048000,75203000,https://www.sec.gov/Archives/edgar/data/277135/000027713509000043/0000277135-09-000043-index.htm,https://www.sec.gov/Archives/edgar/data/277135/000027713509000043/form10qq32009.htm,21.46803424805531,1.9523012100259287,3.717291486603284,3.22777117545376,9.07566713483146,31.91477149956785,26.088591184096803,31.91477149956785,7.25205272255834,6616929280.0,6479696280.0,11.442906394399712,4.16246774005844,24.039008057894776,27.6847382117903,2.799957380274836,2.799957380274836,4.076139488508585,23.89215681069003,23.540446708179235,27.11056558303,0.0218475963521254,0.0361209845059731,0.2263017698272487,0.1429528364324152,-0.506010191514937,3.3895734002884006,84.94995450409463,1.904056334910489,0.0052705716691595,0.241242633020669,0.2976885066979521,0.0,0.1153179753164035,0.1316873624018193,0.0228022885324895,1.0185455771608407,0.0052394686930894,37.44212945155384,0.0372452992089132,0.043679002057896,2.68459985414866,1600780000.0,1931808000.0,892799000.0,2970482000.0,610481000.0,267516500.0,875660500.0,36.1508808459644,27.072021683947856,82.42591317816117,2.489565894216569,3.324465422298505,1.0918896319106306,0.0611723386473992,0.4895203111495246,2009-10-14,1.34,bmo,1410727152.0,2025-04-25,2009-09-30,0.126865671641791,87.37515625,772209.703125
2009-06-30,GWW,USD,277135,2009-07-31,2009-07-31 11:12:29,2009,Q2,1533263000.0,908295000.0,624968000.0,0.4076065228,0,471039000.0,0.0,471039000.0,0.0,471039000.0,1379334000.0,273000.0,2318000.0,34872000.0,188816000.0,0.1231465182,153929000.0,0.1003930832,-2303000.0,151626000.0,0.0988910578,59160000.0,92466000.0,0.0603066793,1.23,1.21,73443000,74559000,https://www.sec.gov/Archives/edgar/data/277135/000027713509000023/0000277135-09-000023-index.htm,https://www.sec.gov/Archives/edgar/data/277135/000027713509000023/form10qq22009.htm,20.876911346214072,1.259017197009926,2.5883201938918616,2.2683850060591206,5.668218890840516,28.7389812507659,25.75924186103509,28.7389812507659,7.315904851381343,6013512840.0,6132205840.0,16.258713581208227,3.92203610209077,31.634416867444525,36.09616523706909,2.849091945380558,2.849091945380558,3.9994481312077577,32.47715151258368,32.25880795816806,36.80862104359623,0.0153763702614793,0.0277037738893395,0.2534655942145577,0.1570818890909971,0.6286172781967629,3.481745562333652,66.40595340811043,2.05582592520494,0.0057468905312921,0.3737481885233491,0.3072134395729891,0.0,0.0642560482006245,0.1236072679832083,0.0153248333782266,0.6738070658407892,0.010196554668051,28.532693729007647,0.0324615533545279,0.029014184210229,0.1082165761202565,1443413000.0,1891836000.0,729937000.0,2591050000.0,570873000.0,254855000.0,928204000.0,34.18773556787061,25.3040807226727,89.16251878519644,2.6325229941400785,3.55673857455565,1.009392749624101,0.0438086926611698,0.319935187832741,2009-07-15,1.14,bmo,1444596694.0,2025-04-25,2009-06-30,0.0614035087719298,79.98539682539682,1056436.650793651
2009-03-31,GWW,USD,277135,2009-05-04,2009-05-01 17:38:35,2009,Q1,1465248000.0,835833000.0,629415000.0,0.4295620946,0,470201000.0,0.0,470201000.0,0.0,470201000.0,1306034000.0,401000.0,2218000.0,33633000.0,194319000.0,0.1326185055,159214000.0,0.108660104,-746000.0,158468000.0,0.1081509751,62090000.0,96378000.0,0.065775896,1.27,1.25,74260401,75142460,https://www.sec.gov/Archives/edgar/data/277135/000027713509000012/0000277135-09-000012-index.htm,https://www.sec.gov/Archives/edgar/data/277135/000027713509000012/form10qq12009.htm,19.73121583332145,1.2978383997684042,0.5725258607208437,0.1899935875649257,3.468470362825,26.755592122374885,22.53147003609636,26.755592122374885,7.171116676302354,5211594942.18,5484336942.18,13.51863221425014,3.5568005840513006,122.579615725374,369.380887531363,2.623003059659839,2.623003059659839,3.74294108722892,28.223369522177453,128.99465947360994,388.7119528088455,0.0184929951520148,0.0027072326526777,0.2669067749905505,0.1621498820518543,1.40357865159866,3.3362784105343013,71.78268710550046,0.4411380190499906,0.0058744012801566,0.3176554815414306,0.3209019906527768,0.0,0.0959133222545142,0.6681484617555744,0.0193871617637423,0.8446168941218446,0.0062835779335648,27.95174027608265,0.0352097500040289,0.0325951529007514,-1.7275054843832582,1333508000.0,1673196000.0,620667000.0,2574867000.0,574365500.0,272569500.0,983248500.0,34.35483276551137,27.38624820986967,103.00006101697348,2.6197187631299,3.286320904941082,0.8737858901381506,0.0485071828660095,0.3825322731559179,2009-04-14,1.06,bmo,1242489600.0,2025-04-25,2009-03-31,0.1792452830188678,70.85983606557377,1553524.6393442622
2008-12-31,GWW,USD,277135,2009-02-27,2009-02-26 18:07:55,2008,Q4,1592655000.0,912592000.0,680063000.0,0.4269995699,0,499506000.0,0.0,499506000.0,2025550000.0,499506000.0,1412098000.0,0.0,6909000.0,38805000.0,224393000.0,0.1408924092,180557000.0,0.1133685575,-6909000.0,173648000.0,0.1090305182,65733000.0,107915000.0,0.0677579262,1.45,1.45,74260401,74260401,https://www.sec.gov/Archives/edgar/data/277135/000027713509000005/0000277135-09-000005-index.htm,https://www.sec.gov/Archives/edgar/data/277135/000027713509000005/form10k123108.htm,21.446894691559773,1.4531971083754314,2.622514790891043,1.7689777893873748,5.336491517195012,27.3874766714497,23.04162079598789,27.3874766714497,7.222611146417052,5854690014.84,5987845014.84,13.563197921604967,3.676056656865423,30.06274751007707,44.56811186267271,2.878687983774256,2.878687983774256,3.7596623341778352,26.684633722264063,30.7464737423042,45.581738018802575,0.0184322312071972,0.0224375670901493,0.2603224006234619,0.1506065994446747,0.593400863663305,2.8147739237056504,26.133593863077145,1.804651809294352,0.0053153967026639,0.2883751100403095,0.3136310123661433,0.0,0.0918027647929107,0.3254650858284253,0.0397976962995752,1.6333977580208736,0.0288480556052629,29.92468116546326,0.0401476459829062,0.03380062968805,-1.8622845842160207,1382375000.0,1711080000.0,662497000.0,2635411000.0,655401500.0,302623500.0,985513000.0,33.30755248311781,28.678949629188068,99.59968967512316,2.702089865222525,3.1381902462844136,0.9036172732421588,0.0530606424903075,0.8535370015036682,2009-01-26,1.34,bmo,1535408633.0,2025-04-25,2008-12-31,0.0373134328358207,72.3959375,1393271.5
2008-09-30,GWW,USD,277135,2008-10-30,2008-10-30 11:44:46,2008,Q3,1839475000.0,1097127000.0,742348000.0,0.4035651477,0,510891000.0,0.0,510891000.0,0.0,510891000.0,1608018000.0,1602000.0,2767000.0,35870000.0,231457000.0,0.1258277498,231457000.0,0.1258277498,-2767000.0,228690000.0,0.1243235162,88667000.0,140023000.0,0.0761211759,1.84,1.79,75967774,78279422,https://www.sec.gov/Archives/edgar/data/277135/000027713508000027/0000277135-08-000027-index.htm,https://www.sec.gov/Archives/edgar/data/277135/000027713508000027/form10qq32008.htm,24.213885745816377,1.8431894555709896,2.8511431702605896,2.458713611906017,4.796994578253669,28.01307564968272,24.959873116724467,28.01307564968272,6.959306192122992,6606917304.78,6768416304.78,11.796128680252531,3.5917407438426725,30.503554120732243,35.37215541446491,3.104621609122918,3.104621609122918,3.679536990054227,29.242651139434106,31.2491807510792,36.23678977626443,0.0211933937630331,0.0282708245591125,0.2471304093668926,0.1487133533402649,0.6977494739843686,2.9547249559102093,83.64907842428623,1.5468530170043493,0.0046970468326503,0.2216278754204666,0.277737397898857,0.0,0.065587125587561,0.1376393730233846,0.0162067981353375,0.8311123501533315,0.0,34.084477805170664,0.0500602759550948,0.0423734814628312,-0.2941477527036661,1436457000.0,1896146000.0,762971000.0,2596898000.0,699541000.0,320513000.0,964693500.0,35.295304366735074,25.79468922011764,78.8408816846181,2.549914262386209,3.489090301960597,1.1415397453318823,0.0657974682473634,0.3924295583545728,2008-10-14,1.53,bmo,1572310055.0,2025-04-25,2008-09-30,0.1699346405228758,88.30625,882442.59375
2008-06-30,GWW,USD,277135,2008-07-31,2008-07-31 10:18:55,2008,Q2,1756856000.0,1050979000.0,705877000.0,0.40178421,0,521042000.0,0.0,521042000.0,0.0,521042000.0,1572021000.0,1236000.0,455000.0,33339000.0,184835000.0,0.1052078258,184835000.0,0.1052078258,-455000.0,184380000.0,0.1049488404,71201000.0,113179000.0,0.0644213299,1.48,1.43,76542071,79012567,https://www.sec.gov/Archives/edgar/data/277135/000027713508000021/0000277135-08-000021-index.htm,https://www.sec.gov/Archives/edgar/data/277135/000027713508000021/form10q22008.htm,22.952815060360727,1.4786508716232671,1.377203394457409,0.4835249362406199,3.3737524556919816,26.73316743676821,23.734058619866712,26.73316743676821,6.830204528957676,6261141407.8,6525250407.8,13.830174784633192,3.5638330106736125,59.39572929402166,169.17431526074034,3.0598693624121056,3.0598693624121056,3.714163487388835,35.30311038385587,61.90117449105432,176.31046765198596,0.0180764165235118,0.0059110627902276,0.2552731584019642,0.1540566231668756,1.4288906321854626,3.058281435238681,406.2307692307692,0.9313918659822052,0.0049970121998879,0.2764382085015771,0.2965763841771892,0.0,0.067704420851704,0.6489081146716755,0.0389354619843629,2.0517711988961875,1.4062028988147008,29.822860023170666,0.0413829295872097,0.035804434816087,-1.2245193888208226,1371577000.0,1816654000.0,693568000.0,2530649000.0,661314000.0,333062500.0,967309500.0,34.7168749174662,27.966581634837613,82.91923054599569,2.5923992356443533,3.2181265903405283,1.085393574052482,0.0553114731024937,0.893678458216789,2008-07-15,1.46,bmo,1733158108.0,2025-04-25,2008-06-30,0.0136986301369863,86.77390625,816729.6875
2008-03-31,GWW,USD,277135,2008-05-08,2008-05-08 17:28:03,2008,Q1,1661046000.0,981112000.0,679934000.0,0.4093408611,0,494111000.0,0.0,494111000.0,0.0,494111000.0,1475223000.0,0.0,0.0,31556000.0,185823000.0,0.111871074,185823000.0,0.111871074,677000.0,186500000.0,0.1122786485,72262000.0,114238000.0,0.0687747359,1.47,1.43,77933996,80131555,https://www.sec.gov/Archives/edgar/data/277135/000027713508000015/0000277135-08-000015-index.htm,https://www.sec.gov/Archives/edgar/data/277135/000027713508000015/form10q12008.htm,21.31349712903211,1.4658301365683857,0.1707598825036509,-0.2574871176886656,1.506775040766548,25.53734059780535,22.60556484233145,25.53734059780535,4.349860361324216,5953377954.44,6174950954.44,13.028453654738351,3.5841138381718505,447.3533178869853,-296.6750363502267,2.991305993959483,2.991305993959483,3.717507494939935,33.23028341184891,464.0029271445746,-307.7166967877609,0.0191887699511504,-0.0033706914215036,0.1703333338357885,0.1074207665614752,1.192387379387912,1.86663734299337,0.0,0.1164936360930688,0.0047139624285184,0.2456625641205203,0.2974697871100499,0.0,0.0724008526433433,2.507889990982868,0.0200927608266116,1.0576435543161364,0.0048668128396203,29.02157090444405,0.045594415786905,0.0390244002421304,-1.0433732924460848,861012000.0,1761742000.0,688915000.0,1975060000.0,623791500.0,318736500.0,956326500.0,34.944227914217905,31.14726962874779,88.6436410929639,2.575532652228991,2.889498857290955,1.0153012544420827,0.057399482571586,0.4282470001923166,2008-04-14,1.36,bmo,1579692307.0,2025-04-25,2008-03-31,0.051470588235294,76.93442622950819,1153800.6557377048
2007-12-31,GWW,USD,277135,2008-02-27,2008-02-27 15:16:41,2007,Q4,1611753000.0,940272000.0,671481000.0,0.4166153251,0,504320000.0,0.0,504320000.0,1932970000.0,504320000.0,1444592000.0,0.0,0.0,38400000.0,205561000.0,0.127538773,167161000.0,0.1037137824,1543000.0,168704000.0,0.1046711252,64312000.0,104392000.0,0.0647692295,1.34,1.34,77933996,77933996,https://www.sec.gov/Archives/edgar/data/277135/000027713508000006/0000277135-08-000006-index.htm,https://www.sec.gov/Archives/edgar/data/277135/000027713508000006/form10k2007.htm,20.68100036856829,1.3394924597476048,1.6824878323960188,0.8747145469096695,1.7131291458479814,26.92160171024722,23.931533037264,26.92160171024722,1.4312752550247776,6820783329.92,6818891329.92,16.334545103839375,4.231903604286761,52.018206797587,100.05549845855948,3.2509209868700752,3.2509209868700752,4.230729727148018,33.17210623571592,52.00377759752293,100.02774431450784,0.0153049869715219,0.0099944532325145,0.0531645654084537,0.0360517099392765,-0.0092040805405694,2.1791026896078547,0.0,1.256063683040846,0.0041530420524781,0.2713522108973867,0.3129015426060941,0.0,0.075315414081579,0.4801064649222485,0.0390587143315383,1.639401041666667,0.0220573499785637,28.484712674382,0.0435658086002421,0.0364879412792729,0.8050658662491783,974414000.0,1865080000.0,804897000.0,2085787000.0,638718500.0,337622000.0,917746500.0,33.65186849349745,28.51686533258461,90.57956633825108,2.6744428772919604,3.156027107129551,0.9936015774674082,0.0497553033494939,0.8077732854863492,2008-01-25,1.27,bmo,1599207812.0,2025-04-25,2007-12-31,0.0078740157480315,89.39984375,681353.15625
2007-09-30,GWW,USD,277135,2007-11-02,2007-11-02 11:00:28,2007,Q3,1658592000.0,999003000.0,659589000.0,0.3976800805,0,485257000.0,0.0,485257000.0,0.0,485257000.0,1484260000.0,0.0,0.0,32872000.0,174332000.0,0.1051084293,174332000.0,0.1051084293,2852000.0,177184000.0,0.1068279601,68034000.0,109150000.0,0.0658088306,1.33,1.29,82233231,84864258,https://www.sec.gov/Archives/edgar/data/277135/000027713507000025/0000277135-07-000025-index.htm,https://www.sec.gov/Archives/edgar/data/277135/000027713507000025/form10q32007.htm,20.16936437776597,1.32732228410191,1.9142869383303205,1.1997096404980123,1.3279181502670132,24.12936930570076,21.302069476024844,24.12936930570076,1.8690619124524,7685517769.259999,7749850769.259999,17.603109870041227,4.633760303474272,48.82235684140314,77.90218303255757,3.873288141763379,3.873288141763379,4.672548022214022,44.45455091010256,49.231033104600485,78.55427717787057,0.0142020359950985,0.0128366107478922,0.0774600400355602,0.0502293341873791,0.3690257669274717,2.0270128899256643,0.0,1.442217132386624,0.0039946560429273,0.2812734768666972,0.2925716511354209,0.0,0.0759811042355336,0.3732864094322123,0.0354288456715093,1.7876003893891457,0.0,26.844321849649656,0.0460669004143741,0.0386037297958193,-0.1925833365345939,901211000.0,1751738000.0,703009000.0,1994344000.0,656300000.0,382106000.0,867196500.0,36.61589468657753,33.99224026354275,80.1048044900766,2.4579489527806557,2.647663093171488,1.1235281151101144,0.0550085776087118,0.7145772978323082,2007-10-15,1.26,bmo,1620027906.0,2025-04-25,2007-09-30,0.0238095238095238,89.77047619047619,647115.873015873
2007-06-30,GWW,USD,277135,2007-08-02,2007-08-02 10:47:29,2007,Q2,1601011000.0,960546000.0,640465000.0,0.4000378511,0,473890000.0,0.0,473890000.0,0.0,473890000.0,1434436000.0,0.0,0.0,30804000.0,166575000.0,0.1040436324,166575000.0,0.1040436324,3677000.0,170252000.0,0.1063403062,65461000.0,104791000.0,0.0654530169,1.25,1.21,84130074,86775154,https://www.sec.gov/Archives/edgar/data/277135/000027713507000021/0000277135-07-000021-index.htm,https://www.sec.gov/Archives/edgar/data/277135/000027713507000021/form10q22007.htm,19.03018651808151,1.2455831193016662,1.163923854387671,0.6559604357414448,4.628428117155822,28.082977794599348,23.997447096028942,28.082977794599348,0.1866989918492167,7828303385.7,7454620385.7,18.675991701815995,4.88960000006246,79.94509232646726,141.85306754792882,3.313395063749062,3.313395063749062,4.656195607463034,44.75233609905448,76.12892419092942,135.08173061464865,0.0133861700086154,0.007049547939188,0.0066481194841496,0.0048493197460582,-2.2433318325078795,2.925581266186882,0.0,0.9344409348131042,0.0037742533144502,0.2819516943248943,0.2959942186530885,0.0,0.1061175772481167,0.4364232391417571,0.0266925086710834,1.3873198285936892,0.0,28.05428433083298,0.0399620783504099,0.0361935484985122,4.920657148120421,1317475000.0,2018907000.0,1125283000.0,2486496000.0,624469500.0,382664500.0,830559000.0,35.85432579788646,36.25097600739579,79.1949890999494,2.5101573658736966,2.4826917758473184,1.1364355374355055,0.0443536696290521,0.5079634186462263,2007-07-16,1.19,bmo,1574537190.0,2025-04-25,2007-06-30,0.0168067226890756,85.15587301587301,599443.5396825396
2007-03-31,GWW,USD,277135,2007-05-02,2007-05-02 12:31:43,2007,Q1,1546658000.0,914570000.0,632088000.0,0.4086798762,0,469503000.0,0.0,469503000.0,0.0,469503000.0,1384073000.0,0.0,0.0,29923000.0,162585000.0,0.1051202011,162585000.0,0.1051202011,3136000.0,165721000.0,0.1071477987,63934000.0,101787000.0,0.0658109291,1.21,1.17,83979114,86758949,https://www.sec.gov/Archives/edgar/data/277135/000027713507000014/0000277135-07-000014-index.htm,https://www.sec.gov/Archives/edgar/data/277135/000027713507000014/form10q12007.htm,18.41717453699261,1.2120513679151224,0.9813511488106436,0.5887178090495215,3.875630314461284,26.35720829348116,23.82994895611783,26.35720829348116,0.1129447495718995,6486546765.36,6170559765.36,15.931668006130447,4.193911495210965,78.70781024061738,131.20037955825242,2.9305076296378285,2.9305076296378285,3.9896084107540255,37.95282323313959,74.87362145972115,124.80905674271844,0.0156920166741988,0.0076219291694655,0.0042851560117553,0.0030865041183759,-1.943518774794723,2.771127794134652,0.0,0.8096613516460844,0.0037799773726967,0.2408853782899584,0.3035596751188692,0.0,0.0690638244145241,0.4000946452622765,0.0213188694591823,1.101928282591986,0.0046597243863866,26.810287824771617,0.0415548726128111,0.0355796714157728,3.955281071434024,1194693000.0,2001218000.0,1009630000.0,2209303000.0,588866500.0,356626000.0,821572500.0,35.56141047342076,37.24032058781723,80.28930535661569,2.5308332487899388,2.4167353712159647,1.120946302876242,0.0459855745881438,0.392633339761122,2007-04-16,1.09,bmo,1440942735.0,2025-04-25,2007-03-31,0.0733944954128438,75.65295081967213,515785.3278688525
2006-12-31,GWW,USD,277135,2007-02-27,2007-02-27 16:08:54,2006,Q4,1462158000.0,860727000.0,601431000.0,0.41133106,0,453634000.0,0.0,453634000.0,1776079000.0,453634000.0,1314361000.0,0.0,0.0,34196000.0,181993000.0,0.1244687647,147797000.0,0.1010814153,5186000.0,152983000.0,0.1046282276,54050000.0,98933000.0,0.0676623183,1.18,1.18,83979114,83979114,https://www.sec.gov/Archives/edgar/data/277135/000027713507000010/0000277135-07-000010-index.htm,https://www.sec.gov/Archives/edgar/data/277135/000027713507000010/form10k2006.htm,17.410971970959352,1.1780667274008154,1.4738307432012203,0.925646822137228,4.302236387014037,25.93043551281096,23.421823669156595,25.93043551281096,0.1129447495718995,5873499233.16,5534513233.16,14.84211343323259,4.017007213420164,47.45456716969241,75.55797559863639,2.697216557178381,2.697216557178381,3.785167699496224,30.410583006818943,44.71575113039403,71.19718573564032,0.0168439623591766,0.0132348702049932,0.0043556827079166,0.0031138299353137,-1.8626320792557955,2.636309450492197,0.0,1.2510587973679157,0.004215544944692,0.2502703850080357,0.31024964470324,0.0,0.069161166716129,0.3719449628749868,0.0314849694766229,1.3462393262369867,0.0230850564713252,26.21688624445587,0.0407699564681524,0.0348918695204268,3.94630562546778,1155763000.0,1966944000.0,993613000.0,2159369000.0,588684500.0,339898000.0,799687500.0,34.8762787605717,35.00970691055352,86.49997037388161,2.5805505403215987,2.570715608386596,1.040462784102585,0.0454318141636607,0.5481839210639922,2007-01-26,1.05,bmo,1421583333.0,2025-04-25,2006-12-31,0.0285714285714285,71.57333333333334,635330.1587301587
2006-09-30,GWW,USD,277135,2006-11-02,2006-11-02 16:10:22,2006,Q3,1519499000.0,920412000.0,599087000.0,0.3942661364,0,447774000.0,0.0,447774000.0,0.0,447774000.0,1368186000.0,0.0,0.0,29548000.0,151313000.0,0.0995808487,151313000.0,0.0995808487,5491000.0,156804000.0,0.1031945398,52310000.0,104494000.0,0.0687687192,1.2,1.16,87258559,89682032,https://www.sec.gov/Archives/edgar/data/277135/000027713506000040/0000277135-06-000040-index.htm,https://www.sec.gov/Archives/edgar/data/277135/000027713506000040/form10q32006.htm,17.413753073781564,1.1975214947109083,2.434821322226969,2.0352502039370144,5.049223881865847,26.089669897024084,23.82644205710525,26.089669897024084,0.1086999385355424,5848068624.179999,5430199624.179999,13.991398128552834,3.848682114420608,27.52563376547946,32.92961222672064,2.5688328087142502,2.5688328087142502,3.5736776557141527,35.88719821945239,25.558811931619744,30.57665349523911,0.0178681213773636,0.0303678036994481,0.0041663976188499,0.0030766286507596,-2.7616199533417487,2.766958577185413,0.0,2.033217218213486,0.0043469052149784,0.2432771259593852,0.2946852877165434,0.0,0.0640581007616156,0.1641069571070183,0.0229457209251207,1.1799783403276023,0.0,26.513509029567658,0.042274489820473,0.0362143095284799,5.48194934092368,1240882000.0,2079061000.0,1136779000.0,2232823000.0,609557500.0,332210500.0,777056000.0,36.17546309671806,33.73254585989753,75.49976532248601,2.4878741637495456,2.668046472798108,1.192056685415887,0.04590021642426,0.3995711182899548,2006-10-16,1.06,bmo,1505299065.0,2025-04-25,2006-09-30,0.0094339622641509,65.9563492063492,808747.619047619
2006-06-30,GWW,USD,277135,2006-08-02,2006-08-02 11:30:12,2006,Q2,1482880000.0,899575000.0,583305000.0,0.3933595436,0,438761000.0,0.0,438761000.0,0.0,438761000.0,1338336000.0,0.0,0.0,27707000.0,144544000.0,0.0974751834,144544000.0,0.0974751834,8325000.0,152869000.0,0.1030892587,59130000.0,93739000.0,0.0632141508,1.05,1.02,89342642,92104424,https://www.sec.gov/Archives/edgar/data/277135/000027713506000031/0000277135-06-000031-index.htm,https://www.sec.gov/Archives/edgar/data/277135/000027713506000031/form10q22006.htm,16.59767348272508,1.0492078351566994,0.824320820958037,0.5367313852214042,5.076422521733798,26.368886651012627,24.16509017049216,26.368886651012627,0.1061643106547039,6721246957.660001,6277190957.660001,17.925428470700563,4.532562956989103,91.26301081727702,140.16322143890895,2.852983555796467,2.852983555796467,4.23310784261707,43.42754426098628,85.23349162437032,130.90298745980442,0.0139466680201608,0.0071345392160229,0.0040261203311223,0.0030373120252899,-3.072116448970556,2.990858771469287,0.0,0.7856601841282711,0.0038867787725352,0.2786886994740716,0.2958843601640051,0.0,0.0630496021713658,0.3488804703518133,0.0173270932239965,0.9273468798498574,0.0,24.94984881253853,0.0360189017275234,0.0320372913401327,5.975201069160233,1327206000.0,2158973000.0,1226895000.0,2308688000.0,588976500.0,338660000.0,793791000.0,36.92258982520501,31.95959202956952,78.23604479893282,2.4375321564946666,2.8160559720765703,1.150364901897848,0.0397896145196713,0.2875894357366329,2006-07-17,1.02,bmo,1482900000.0,2025-04-25,2006-06-30,0.0,74.38761904761905,496303.1746031746
2006-03-31,GWW,USD,277135,2006-05-02,2006-05-02 14:18:39,2006,Q1,1419117000.0,848790000.0,570327000.0,0.4018886392,0,435910000.0,0.0,435910000.0,0.0,435910000.0,1284700000.0,0.0,0.0,27117000.0,134417000.0,0.0947187582,134417000.0,0.0947187582,5950000.0,140367000.0,0.0989115062,54134000.0,86233000.0,0.0607652505,0.96,0.93,89637735,92484701,https://www.sec.gov/Archives/edgar/data/277135/000027713506000021/0000277135-06-000021-index.htm,https://www.sec.gov/Archives/edgar/data/277135/000027713506000021/form10q12006.htm,15.831691865038758,0.9620167220869648,0.2998290842578742,-0.0367256044566498,5.509766617820051,26.250362082442177,24.110593602125267,26.250362082442177,0.1058148111395273,6754203332.249999,6269805332.249999,19.58126045785836,4.759440787651758,251.30984269422527,-2051.7021057867555,2.870436596773597,2.870436596773597,4.418103181238756,46.64443732749577,233.286401705983,-1904.5581203675576,0.012767308853178,-0.0004874001918599,0.0040309848225027,0.0030117497932894,-3.603695961076352,2.887279854643261,0.0,0.3116672271636148,0.0031966760457013,0.2503797850011016,0.3071698809893758,0.0,0.0609030740487189,1.122488465545468,0.0212582894856449,1.1125124460670428,0.0045979295576051,23.836924379904943,0.0336371870656428,0.0291571204059606,5.885573748600408,1319152000.0,2161219000.0,1221813000.0,2286776000.0,544112500.0,338564500.0,798401500.0,36.12387139326778,37.94666525288941,85.41946771286185,2.4914273174157304,2.3717499126790083,1.0536239853722298,0.0366477505744737,0.3365546887145241,2006-04-17,0.88,bmo,1342804301.0,2025-04-25,2006-03-31,0.0568181818181818,73.37967741935483,465501.6129032258
2005-12-31,GWW,USD,277135,2006-03-06,2006-03-03 19:12:50,2005,Q4,1390606000.0,803232000.0,587374000.0,0.4223870744,0,439622000.0,0.0,439622000.0,1642552000.0,439622000.0,1242854000.0,0.0,0.0,29433000.0,177185000.0,0.1274156735,147752000.0,0.1062500809,1263000.0,149015000.0,0.107158318,45181000.0,103834000.0,0.0746681663,1.16,1.16,89325386,89637735,https://www.sec.gov/Archives/edgar/data/277135/000027713506000013/0000277135-06-000013-index.htm,https://www.sec.gov/Archives/edgar/data/277135/000027713506000013/form10k2005.htm,15.567870034169234,1.1624243079117509,1.6676894069061174,1.2166194277626745,6.100102382988863,25.625145353416105,23.579523070854684,25.625145353416105,0.1061848196211545,6351034944.599999,5815625944.599999,15.291318220910298,4.5670987645673895,42.63383799499218,58.440625209109726,2.774618407794577,2.774618407794577,4.182080290607116,32.8223379213816,39.03969298300966,53.5139263363239,0.0163491463841315,0.0171113843567183,0.0041437743340253,0.0030518793753123,-3.02175127691396,2.748235125810907,0.0,1.4346649459714544,0.0033851175733617,0.2070516401178804,0.316136993512181,0.0,0.0587936437251783,0.2704760114656266,0.0289744183471091,1.368939625590324,0.0,25.888492939588264,0.0431573717266821,0.0354964369896707,5.715326547819228,1270904000.0,2106250000.0,1178923000.0,2224255000.0,533123500.0,327658000.0,771169500.0,33.56540242167803,35.77155790605952,88.65319110792399,2.681332369245601,2.5159653442086864,1.0151918828329196,0.0453626425091394,0.451069979143443,2006-01-26,1.02,bmo,1376972607.0,2025-04-25,2005-12-31,0.0098039215686274,67.9784126984127,357525.3968253968
2005-09-30,GWW,USD,277135,2005-11-02,2005-11-02 15:29:14,2005,Q3,1428342000.0,880180000.0,548162000.0,0.3837750343,0,412567000.0,0.0,412567000.0,0.0,412567000.0,1292747000.0,0.0,0.0,26553000.0,162435000.0,0.1137227639,135595000.0,0.094931746,3785000.0,139380000.0,0.0975816716,51271000.0,88109000.0,0.0616862068,0.98,0.97,89064690,91130323,https://www.sec.gov/Archives/edgar/data/277135/000119312505214280/0001193125-05-214280-index.htm,https://www.sec.gov/Archives/edgar/data/277135/000119312505214280/d10q.htm,16.037129865943506,0.9892697094662318,1.897519656779808,1.601397815453015,5.01231183760927,24.63412829483828,22.58076685609078,24.63412829483828,0.1064956269426189,5603950294.8,5167015294.8,15.90061825352688,3.9233953036457656,33.15907678489012,39.29067430518552,2.5541800889777764,2.5541800889777764,3.6174916755230897,31.809741095207315,30.57369317996237,36.227215517289736,0.0157226590824258,0.025451332095566,0.0043230929736179,0.0031764105054293,-2.689906731923539,2.6833340465899203,0.0,1.91810144253141,0.0038260510661373,0.2433463096845952,0.2888432882320901,0.0,0.0612449452877104,0.1560573247653874,0.0184647654413298,0.9932587654878922,0.0,23.41624289199149,0.0373564812575234,0.0314316566857865,4.947594832475137,1180034000.0,2011149000.0,1089000000.0,2131092000.0,539666000.0,320493500.0,739797500.0,34.50572761985575,34.36294848780931,76.80409688927264,2.6082626337144963,2.619100047015134,1.1718124897653792,0.0401585027741175,0.2961218413267929,2005-10-17,0.91,bmo,1339951546.0,2025-04-25,2005-09-30,0.0659340659340658,61.8959375,499175.0
2005-06-30,GWW,USD,277135,2005-08-02,2005-08-02 09:41:03,2005,Q2,1372808000.0,845679000.0,527129000.0,0.3839786773,0,400163000.0,0.0,400163000.0,0.0,400163000.0,1245842000.0,0.0,0.0,26362000.0,152555000.0,0.1111262464,126966000.0,0.0924863491,2017000.0,128983000.0,0.0939556005,47394000.0,81589000.0,0.0594322003,0.91,0.89,89489470,91080031,https://www.sec.gov/Archives/edgar/data/277135/000027713505000032/0000277135-05-000032-index.htm,https://www.sec.gov/Archives/edgar/data/277135/000027713505000032/form10q2q2005.htm,15.34044173018345,0.9117162052697372,1.1385250130546083,0.8178168895178394,3.643255457876776,23.44034443381998,21.46013380121705,23.44034443381998,0.1059901237542249,4903128061.3,4586580061.3,15.023863698844208,3.5716051052295734,48.12366823017883,66.99543712322028,2.3374229911463416,2.3374229911463416,3.341020784625381,30.06509168037757,45.01678406552421,62.67018365944307,0.0166401935621415,0.0149263896608475,0.0045216965157432,0.003370695877232,-2.07497623807807,2.7508975491348577,0.0,1.2487712804422164,0.0043825084173515,0.2633688364853105,0.2914923281332859,0.0,0.062974620454669,0.2816873760869992,0.0209060553260179,1.088688263409453,0.0,21.92820540404308,0.0366066049245552,0.0309430052363685,4.165344816546573,1102176000.0,1920456000.0,1015373000.0,2043121000.0,525969000.0,319940500.0,735111000.0,34.8584070022902,32.45114280950573,77.52601164271549,2.581873577702131,2.7734000163974746,1.160900684724655,0.038895171009275,0.3207081235367692,2005-07-15,0.82,bmo,1264826966.0,2025-04-25,2005-06-30,0.0853658536585366,55.93640625,592409.375
2005-03-31,GWW,USD,277135,2005-05-03,2005-05-03 14:23:14,2005,Q1,1334880000.0,836004000.0,498876000.0,0.3737234808,0,390200000.0,0.0,390200000.0,0.0,390200000.0,1226204000.0,0.0,0.0,26434000.0,108676000.0,0.0814125614,108676000.0,0.0814125614,6620000.0,115296000.0,0.0863718087,42504000.0,72792000.0,0.0545307443,0.81,0.79,90395437,92460093,https://www.sec.gov/Archives/edgar/data/277135/000027713505000024/0000277135-05-000024-index.htm,https://www.sec.gov/Archives/edgar/data/277135/000027713505000024/form10q1q2005.htm,14.76711706145079,0.8052618850661677,0.1403610671189077,-0.0469382099452652,4.087551454616011,23.471505536280556,21.497943530047877,23.471505536280556,0.1049278626751923,5628923861.990001,5268912861.990001,19.33222009970189,4.216801406860542,443.6415401946722,-1326.6377237779875,2.653004082066553,2.653004082066553,3.947106003528408,48.48276401404175,415.26740715558014,-1241.7895031793544,0.0129317791081767,-0.0007537852889877,0.0044704359723752,0.003324494885325,-3.3127001361846222,2.7541629303572503,0.0,0.1743048686668864,0.0032395179695241,0.2505082976151225,0.292310919333573,0.0,0.0625295953649846,1.3344104665825978,0.0126835370969675,0.6405008700915488,0.0,20.621977302223986,0.0309814738456413,0.0272153810721645,4.416107861727578,1136559000.0,1943316000.0,1053132000.0,2074355000.0,500560500.0,312172000.0,721156500.0,35.07470334412082,36.05968392495729,79.85351744728493,2.565951851880329,2.49586214308745,1.127063689579025,0.0343080627623759,0.187299277064173,2005-04-15,0.78,bmo,1318002531.0,2025-04-25,2005-03-31,0.0128205128205128,62.82049180327869,447113.1147540984
2004-12-31,GWW,USD,277135,2005-02-28,2005-02-28 16:22:08,2004,Q4,1264955000.0,744878000.0,520077000.0,0.4111426889,0,395856000.0,0.0,395856000.0,1467122000.0,395856000.0,1140734000.0,0.0,0.0,21917000.0,146138000.0,0.1155282204,124447000.0,0.0983805748,-154866000.0,127797000.0,0.1010288904,37741000.0,90056000.0,0.0711930464,1.0,1.0,90076399,90395437,https://www.sec.gov/Archives/edgar/data/277135/000027713505000008/0000277135-05-000008-index.htm,https://www.sec.gov/Archives/edgar/data/277135/000027713505000008/form10k2004.htm,14.043134650620305,0.9997735366841208,1.1231465858221086,0.3619594073692933,4.765354796210271,22.95795594581884,21.01984560905904,22.95795594581884,0.1052995024812215,6000889701.38,5581128701.38,16.658772600881676,4.743955082497006,59.31549883244868,184.053787921114,2.901826284414184,2.901826284414184,4.412116400488555,38.19081074997605,55.16639189257579,171.17926332290517,0.0150071080258799,0.005433194346582,0.0045866235970541,0.0033759578412805,-2.8723603717034583,2.648887285374845,0.0,1.123400994936484,0.002999888499177,0.1998978413431642,0.3129407765493634,0.0,0.0621368442820314,0.6777273670788483,0.0542035092157428,3.128393484509741,0.0,22.725250895144477,0.0406632411291059,0.0341769149467076,4.425046454177193,1092279000.0,1893392000.0,1013110000.0,2028430000.0,491375500.0,301267500.0,677926500.0,34.21494835784672,34.96535003047479,84.64514994401767,2.630429222301011,2.573976806225552,1.0632623376475072,0.0435480205225414,0.7611871784528154,2005-01-27,0.85,bmo,1235919540.0,2025-04-25,2004-12-31,0.0235294117647059,60.71890625,449657.8125
2004-09-30,GWW,USD,277135,2004-11-04,2004-11-04 10:13:08,2004,Q3,1301057000.0,821774000.0,479283000.0,0.3683797097,0,371839000.0,0.0,371839000.0,0.0,371839000.0,1193613000.0,0.0,0.0,25643000.0,107444000.0,0.0825820852,107444000.0,0.0825820852,1422000.0,108866000.0,0.0836750427,41177000.0,67689000.0,0.0520261603,0.75,0.74,90295071,91691179,https://www.sec.gov/Archives/edgar/data/277135/000027713504000029/0000277135-04-000029-index.htm,https://www.sec.gov/Archives/edgar/data/277135/000027713504000029/form10q3q2004.htm,14.408948191646031,0.7496422479140639,1.60829376832762,1.2754073807638957,4.359739636286459,21.682955429538342,19.91911607223832,21.682955429538342,0.1050444935139372,5205510843.15,4821332843.15,19.225837444599566,4.000986000728638,35.8454413834776,45.20124382961541,2.6587703962839093,2.6587703962839093,3.7057045488014735,44.87298353700532,33.19996999848507,41.86529391514635,0.013003334742655,0.022123285008914,0.0048445653017778,0.0035266830662696,-3.575611481329809,2.611521760493312,0.0,2.145415060054071,0.003496871017751,0.2689210950080515,0.2857976245468108,0.0,0.0592177865295207,0.2069810840030023,0.0231027541452834,1.1721717427758065,0.0,19.123946706065684,0.0327023659836928,0.0267521134442323,4.054169246957013,1049539000.0,1798598000.0,969179000.0,1935279000.0,493202500.0,313965000.0,654995000.0,34.71578877789367,34.29559708630354,71.76724987648673,2.592480343045244,2.6242435661207035,1.2540539055752076,0.0345728814667413,0.3328863875637243,2004-10-18,0.71,bmo,1248352702.0,2025-04-25,2004-09-30,0.0422535211267606,54.00953125,408418.75
2004-06-30,GWW,USD,277135,2004-08-06,2004-08-06 10:14:09,2004,Q2,1255974000.0,796147000.0,459827000.0,0.3661118781,0,352936000.0,0.0,352936000.0,0.0,352936000.0,1149083000.0,0.0,0.0,24343000.0,106891000.0,0.0851060611,106891000.0,0.0851060611,472000.0,107363000.0,0.0854818651,40744000.0,66619000.0,0.0530417031,0.74,0.72,90236332,91723607,https://www.sec.gov/Archives/edgar/data/277135/000027713504000022/0000277135-04-000022-index.htm,https://www.sec.gov/Archives/edgar/data/277135/000027713504000022/form10q2q2004.htm,13.91871735211932,0.7382724732206535,0.7461517828539396,0.526051967626521,5.387308961095626,21.461023038924058,19.76310384602069,21.461023038924058,1.6078335276305336,5188589090.0,4847543090.0,19.471130946126483,4.131127786084744,77.06206876578048,109.30479028418549,2.6792758153100027,2.6792758153100027,3.8595887255627903,45.350339036962886,71.99677840487153,102.12018559480924,0.0128395212734026,0.0091487298717655,0.0749187736630444,0.0527003647271339,-3.1905960277291823,2.416032015720164,0.0,1.0106726309311158,0.0035026863150575,0.2728050556147645,0.2810058169993965,0.0,0.0556531252803742,0.2949799495024506,0.0158132254330105,0.8158813621985787,0.0,18.880991963554703,0.030758956751555,0.0256246338664891,3.9943583921385457,1043457000.0,1783350000.0,963892000.0,1913829000.0,478759000.0,313552000.0,654401500.0,34.721443278284426,35.58447120946257,74.00974945581657,2.592058149157874,2.529193126693627,1.2160560015640849,0.034400618827986,0.2200998152274186,2004-07-16,0.69,bmo,1203666666.0,2025-04-25,2004-06-30,0.0434782608695652,53.29080645161291,483585.48387096776
2004-03-31,GWW,USD,277135,2004-05-07,2004-05-07 11:02:38,2004,Q1,1227799000.0,780334000.0,447465000.0,0.3644448318,0,346717000.0,0.0,346717000.0,0.0,346717000.0,1127051000.0,0.0,0.0,26353000.0,100748000.0,0.0820557762,100748000.0,0.0820557762,365000.0,101113000.0,0.0823530562,38554000.0,62559000.0,0.050952151,0.69,0.69,90219290,91273433,https://www.sec.gov/Archives/edgar/data/277135/000027713504000016/0000277135-04-000016-index.htm,https://www.sec.gov/Archives/edgar/data/277135/000027713504000016/form10q1q2004.htm,13.609051900098084,0.6934104668746562,1.0282390827948211,0.9197035356851068,4.818614733057642,20.59552896060255,18.87699404417836,20.59552896060255,1.6344287346974244,4330525920.0,4043250920.0,17.30576703591809,3.527064218166003,46.6817501913396,52.1907311840916,2.3306029231790943,2.3306029231790943,3.2930886244409714,40.13231945051018,43.58501320512682,48.72854377824646,0.014446051393222,0.019160490326773,0.0793584247252859,0.0549069883652606,-2.851421368166118,2.284507724899569,0.0,1.4828721686727728,0.0038942152319457,0.2695695263671094,0.2823890555375921,0.0,0.0577324508913909,0.1055547770220013,0.007975246762703,0.3715705991727697,0.0,17.92556820361054,0.0300093220604034,0.0247216693084026,3.203857512068649,964682000.0,1703069000.0,888231000.0,1838627000.0,452433500.0,285063500.0,657677000.0,34.66967313053684,36.021613821773755,75.44158014388711,2.5959287144454946,2.49849994076607,1.192976072722047,0.0336680096054386,0.1085355471097145,2004-04-16,0.58,bmo,1032063768.0,2025-04-25,2004-03-31,0.1896551724137931,46.9708064516129,497116.12903225806
2003-12-31,GWW,USD,277135,2004-03-10,2004-03-10 16:27:20,2003,Q4,1154415000.0,728405000.0,426010000.0,0.3690267365,0,317821000.0,0.0,317821000.0,1250816000.0,317821000.0,1046226000.0,3347000.0,4304000.0,18598000.0,126787000.0,0.1098279215,108753000.0,0.0942061564,-4304000.0,104449000.0,0.0904778611,42711000.0,61738000.0,0.0534799011,0.68,0.68,90219290,90219290,https://www.sec.gov/Archives/edgar/data/277135/000027713504000007/0000277135-04-000007-index.htm,https://www.sec.gov/Archives/edgar/data/277135/000027713504000007/form10k2003.htm,12.795656006603464,0.6843104174284679,1.7846626813400992,1.468887640326143,4.464943140208707,20.45166837380343,18.592797615676204,20.45166837380343,1.6995700143505896,4275492153.1,4021698153.1,17.31304930958243,3.703600657562488,26.55403763159039,32.26250851254886,2.317170371327843,2.317170371327843,3.483754241845437,31.72011446836032,24.97778507741707,30.347400077722945,0.0144399750459689,0.030995729907705,0.080769157812301,0.0567802983832683,-2.0017351936712755,2.3115207177629347,25.26789033457249,2.6079723994946384,0.0039527613184242,0.2737374064595549,0.2753091392610109,0.0,0.0638958378894477,0.1769382216121879,0.0246783002646362,1.5318313797182492,0.0,17.745253414496098,0.0311719822086749,0.02512767748269,3.0794578410005222,926773000.0,1677429000.0,853870000.0,1826471000.0,446968000.0,273357000.0,683527000.0,33.67128805498889,31.853899959500552,81.70211626773566,2.672900420471595,2.825399719168677,1.1015626535923793,0.0334598823392326,0.3157750410139561,2004-01-29,0.66,bmo,1136923863.0,2025-04-25,2003-12-31,0.0151515151515151,46.735625,639292.1875
2003-09-30,GWW,USD,277135,2003-11-12,2003-11-12 13:08:48,2003,Q3,1200669000.0,786530000.0,414139000.0,0.3449235385,0,319818000.0,0.0,319818000.0,0.0,319818000.0,1106348000.0,0.0,0.0,22182000.0,94321000.0,0.0785570378,94321000.0,0.0785570378,-37485000.0,94763000.0,0.0789251659,37927000.0,56836000.0,0.047336943,0.63,0.62,90650797,92524441,https://www.sec.gov/Archives/edgar/data/277135/000027713503000020/0000277135-03-000020-index.htm,https://www.sec.gov/Archives/edgar/data/277135/000027713503000020/form10q3q2003.htm,13.244991105814549,0.6269773888474472,1.5267378178704816,1.311328790633799,3.2392213826867957,19.939063525277117,17.57710966402204,19.939063525277117,1.5880941454932822,4310445397.349999,4160769397.35,18.96001388798473,3.590036385839894,31.144836686054912,36.26092886820388,2.384765961536759,2.384765961536759,3.4653758840696307,44.11286349116315,30.0633626976156,35.00180358323588,0.013185644350104,0.0275778925475036,0.0796473787989103,0.0554195152053161,-1.5868788498849673,2.7835213918352832,0.0,2.435076360053487,0.0039234924563473,0.2975578858469984,0.2663665006758732,0.0,0.0824247972322964,0.1410910404624277,0.0162634331360266,0.8803083581282121,0.0,16.771410038088227,0.0279201023413304,0.0238449649348622,2.23811049339147,1028209000.0,1593379000.0,814529000.0,1973588000.0,463251000.0,301725000.0,726461500.0,34.63369171686785,33.05877716043889,80.7631368161418,2.598625660116008,2.7224237473520985,1.1143697923086622,0.0314446758270576,0.2154090272366827,2003-10-16,0.64,bmo,1238189906.0,2025-04-25,2003-09-30,-0.03125,49.0446875,423637.5
2003-06-30,GWW,USD,277135,2003-08-12,2003-08-12 10:37:54,2003,Q2,1172661000.0,768589000.0,404072000.0,0.344576992,0,311292000.0,0.0,311292000.0,0.0,311292000.0,1079881000.0,0.0,0.0,24577000.0,92780000.0,0.0791191998,92780000.0,0.0791191998,-36787000.0,93834000.0,0.0800180103,37841000.0,55993000.0,0.0477486673,0.61,0.6,90834004,92369529,https://www.sec.gov/Archives/edgar/data/277135/000027713503000017/0000277135-03-000017-index.htm,https://www.sec.gov/Archives/edgar/data/277135/000027713503000017/form10q2q2003.htm,12.90993403747786,0.6164321458294407,0.4958825771899254,0.4260959364953239,2.055375649850248,19.34433056589689,16.94314829499314,19.34433056589689,1.603122108324103,4247398027.04,4206318027.04,18.963968831103887,3.622016957193938,94.2965172621717,109.74054431169904,2.417245706214078,2.417245706214078,3.5869855201460608,45.33647366932529,93.38449985658148,108.6791553079785,0.013182894478816,0.0091124024058024,0.0828729690522518,0.0572432675732994,-0.4427678378960983,2.688448364074681,0.0,0.8044398406943725,0.0039942100768509,0.3029843016091297,0.2654577921496494,0.0,0.085739893743526,0.1407321892413915,0.0054056543195348,0.2579240753550067,0.0,16.379881318505387,0.0280506825463317,0.0240753894681081,1.3417937626089895,973534000.0,1539014000.0,763397000.0,1922761000.0,459721500.0,307909000.0,726566000.0,35.64677259668395,36.83214305695241,87.48556120371225,2.5247727478243647,2.44351787678593,1.028741186107646,0.0318662950743914,0.0697866406946015,2003-07-17,0.61,bmo,1191884950.0,2025-04-25,2003-06-30,-0.0163934426229508,46.19015873015873,542612.6984126985
2003-03-31,GWW,USD,277135,2003-05-13,2003-05-13 10:09:55,2003,Q1,1139269000.0,745413000.0,393856000.0,0.3457093979,0,302449000.0,0.0,302449000.0,0.0,302449000.0,1047862000.0,0.0,3363000.0,24896000.0,116303000.0,0.1020856356,91407000.0,0.0802330266,-3363000.0,88044000.0,0.0772811338,35640000.0,52404000.0,0.0459979162,0.58,0.57,90865346,92584753,https://www.sec.gov/Archives/edgar/data/277135/000027713503000011/0000277135-03-000011-index.htm,https://www.sec.gov/Archives/edgar/data/277135/000027713503000011/form10q01q2003.htm,12.537992206621873,0.5767215149326566,0.5464569518064676,0.3295535792049919,2.405592556704731,18.90316909154784,17.57538016748431,18.90316909154784,1.5432175870435798,3898123343.4,3816400343.4,18.596497134760703,3.4216004678438545,78.5057264953478,130.1761009651027,2.269460733924337,2.269460733924337,3.349867628628533,32.81428977240484,76.85987721835099,127.44699760894974,0.0134433919564721,0.0076819016131699,0.0796801197920639,0.054904175841633,-0.7026731898575274,2.6385441002784558,27.180196253345223,0.9475230898404702,0.0042338321664303,0.31493779100832,0.2654763712520923,0.0,0.0484004969625829,0.3969267329923067,0.017299689537765,0.7916532776349614,0.0,15.661798973900696,0.0283059732219906,0.0220918825695282,1.515745617696762,950331000.0,1596993000.0,755216000.0,1809647000.0,439110500.0,296041500.0,713597000.0,35.942600035636886,36.37559312756821,85.24326782602395,2.50399247441102,2.474186460255712,1.055801851516113,0.0305092501759678,0.2169033726014756,2003-04-16,0.57,bmo,1120400000.0,2025-04-25,2003-03-31,0.0,46.68491803278688,398378.68852459016
2002-12-31,GWW,USD,277135,2003-03-20,2003-03-20 08:40:11,2002,Q4,1120441000.0,707380000.0,413061000.0,0.3686593047,0,306259000.0,0.0,306259000.0,0.0,306259000.0,1013639000.0,0.0,2897000.0,22522000.0,129324000.0,0.1154224096,108741000.0,0.0970519644,-2897000.0,105844000.0,0.0944663753,43266000.0,62578000.0,0.0558512229,0.69,0.69,90687015,90865346,https://www.sec.gov/Archives/edgar/data/277135/000027713503000003/0000277135-03-000003-index.htm,https://www.sec.gov/Archives/edgar/data/277135/000027713503000003/form10k2002.htm,12.35503230534162,0.690043662811043,0.3162415258678434,-0.1394907528933442,2.299425116153619,18.389600760373465,17.080758474628368,18.389600760373465,1.456239352458563,4674915623.25,4595552623.25,18.67635440270542,4.172388928332683,163.008320487116,-369.5585472924901,2.803214744666001,2.803214744666001,4.101556996977084,35.53518777063809,160.24103431953694,-363.28479235177866,0.013385910044831,-0.0027059311909475,0.0774510732758569,0.05299189972463,-0.6136757291763323,2.5328895074931856,37.53572661373835,0.4582920515197034,0.0035245555915606,0.2633033973600946,0.2733379089126513,0.0,0.0486964234724187,1.4410892987900554,0.0368863688494084,1.8350501731640176,0.0,16.897236992840547,0.0345527912529067,0.0269877817947836,1.2879131593426028,898681000.0,1549003000.0,715197000.0,1754183000.0,451491000.0,312008500.0,683815000.0,33.99697083559063,36.9993921230456,91.7555203709463,2.647294679141858,2.4324723957813945,0.9808674141474087,0.0375235804084432,0.4557322787611876,2003-01-29,0.66,bmo,1120441000.0,2025-04-25,2002-12-31,0.0,49.21609375,418709.375
2002-09-30,GWW,USD,277135,2002-11-12,2002-11-12 09:24:57,2002,Q3,1203400000.0,800840000.0,402560000.0,0.3345188632,0,302370000.0,0.0,302370000.0,0.0,302370000.0,1103210000.0,0.0,0.0,23186000.0,100190000.0,0.0832557753,100190000.0,0.0832557753,1100000.0,101290000.0,0.0841698521,41337000.0,59953000.0,0.0498196776,0.65,0.64,91871851,93589859,https://www.sec.gov/Archives/edgar/data/277135/000027713502000028/0000277135-02-000028-index.htm,https://www.sec.gov/Archives/edgar/data/277135/000027713502000028/form10q03q2002.htm,13.098680247554825,0.6525720266591777,1.810532804003263,1.3392459024255428,2.377986266979643,17.540410718403834,16.255795259856036,17.540410718403834,1.4433800838517992,3909147260.05,3823283260.05,16.300882608251463,3.248418863262423,23.50136926871351,31.77161111558124,2.425826891006348,2.425826891006348,3.177067691582184,38.16032797734304,22.9851642151175,31.07375108746007,0.0153365928709559,0.0314746393049481,0.0822888418648811,0.0548637446493719,-0.8570116778121569,2.3717719114004217,0.0,2.77445665771521,0.0042837987126086,0.2793187997264524,0.2512630879175669,0.0,0.0488290058030472,0.2603028790948496,0.0359797241150074,1.867419994824463,0.0,16.04816440737759,0.032813053520516,0.0260780187439157,1.0445691357628135,855581000.0,1493450000.0,673750000.0,1697431000.0,490233500.0,319903500.0,644812500.0,35.878992853581515,37.446805853853455,72.64956795364867,2.5084316153265718,2.403409261426728,1.2388236094868603,0.0372039194027813,0.4712869015777204,2002-10-16,0.63,bmo,1184596875.0,2025-04-25,2002-09-30,0.0158730158730158,45.40875,452026.5625
2002-06-30,GWW,USD,277135,2002-08-13,2002-08-13 14:55:56,2002,Q2,1194792000.0,795230000.0,399562000.0,0.3344197149,0,305298000.0,0.0,305298000.0,0.0,305298000.0,1100528000.0,917000.0,2299000.0,23596000.0,94264000.0,0.0788957408,94264000.0,0.0788957408,-2299000.0,91965000.0,0.0769715566,37466000.0,54499000.0,0.0456137972,0.59,0.57,92751999,95384343,https://www.sec.gov/Archives/edgar/data/277135/000027713502000019/0000277135-02-000019-index.htm,https://www.sec.gov/Archives/edgar/data/277135/000027713502000019/form10q02q2002.htm,12.881576816473787,0.5875776326933935,0.4251660387394993,0.0881274806810363,2.1486221553025504,17.89685416914842,16.578144046253925,17.896638540372592,1.5128083654563609,4603281710.37,4542009710.37,21.116358604607427,3.852789197090372,116.73086624496004,563.1614522106679,2.773146470385536,2.773146470385536,3.8015066307524656,48.183927165938215,115.17711957322176,555.6654894017616,0.0118391624560425,0.0017756897175304,0.0831453255491584,0.057144004614017,-0.6500042434015106,2.6041638174989745,41.00217485863419,1.2896526914775328,0.0036652112691673,0.3095836620855428,0.2555239740473655,0.0,0.0506419834973536,0.7927222010904019,0.0261643867719234,1.3248431937616545,0.0,15.381887120936534,0.0300476473617066,0.0237682168189604,1.521684184941394,914922000.0,1537656000.0,729984000.0,1737808000.0,492405000.0,324726000.0,646322500.0,37.71807143000623,34.69905561912906,72.79097871056173,2.386124120025962,2.5937305322622204,1.2364169515822336,0.0328317315772954,0.337038558058463,2002-07-16,0.6,bmo,1175213114.0,2025-04-25,2002-06-30,0.0166666666666666,53.51546875,359568.75
2002-03-31,GWW,USD,277135,2002-05-13,2002-05-13 11:03:57,2002,Q1,1125265000.0,742236000.0,383029000.0,0.3403900415,0,293069000.0,0.0,293069000.0,0.0,293069000.0,1035305000.0,0.0,0.0,24184000.0,114144000.0,0.1014374392,89960000.0,0.0799456128,8778000.0,98738000.0,0.0877464419,40280000.0,58458000.0,0.0519504295,0.63,0.61,92618855,95428131,https://www.sec.gov/Archives/edgar/data/277135/000027713502000006/0000277135-02-000006-index.htm,https://www.sec.gov/Archives/edgar/data/277135/000027713502000006/form10q01q2002.htm,12.1494160125387,0.6311673794714909,0.7451938376910403,0.5498772361200104,2.3924934075248503,17.82917743908624,17.82917743908624,17.827687461694488,1.4301083726418342,5131084567.0,5041949567.0,21.94346610814602,4.559889952144606,74.34307316825802,100.74976078462171,3.107525870589518,3.107525870589518,4.480677499966674,44.1718317826605,73.05161719236732,98.99957915922168,0.01139291298685,0.0099255818794225,0.0802183892731258,0.0544791300778431,-0.7808995654611719,2.477937219879433,0.0,1.1806596188716685,0.0031907484248641,0.2800643196825071,0.2604444286456968,0.0,0.0,0.262101740100552,0.0160762131586781,0.74801521667218,0.0,15.911496865090209,0.0289176390282663,0.0240439468958556,1.397228998350282,892646000.0,1651318000.0,716647000.0,1580606000.0,469132500.0,309374000.0,642063000.0,38.71767983541655,41.57296331624982,78.75187945612986,2.32451945422808,2.1648685304283157,1.1428298679542768,0.0354037718480117,0.19531660157103,2002-04-16,0.55,bmo,1085815789.0,2025-04-25,2002-03-31,0.0363636363636361,53.94566666666666,499815.0
2001-12-31,GWW,USD,277135,2002-03-20,2002-03-20 00:00:00,2001,Q4,1110499000.0,706890000.0,403609000.0,0.3634483237,0,298720000.0,0.0,298720000.0,0.0,298720000.0,1005610000.0,0.0,902000.0,27110000.0,131999000.0,0.1188645825,105819000.0,0.095289595,-902000.0,104917000.0,0.0944773476,43404000.0,61513000.0,0.0553922156,0.66,0.66,92612478,92618855,https://www.sec.gov/Archives/edgar/data/277135/000027713502000003/0000277135-02-000003-index.htm,https://www.sec.gov/Archives/edgar/data/277135/000027713502000003/form10k2001.htm,11.990814024002251,0.664197755295998,1.2495076527376796,0.8059065215812495,1.823145256949069,17.312224385141707,15.633368540252212,17.3107235074738,1.4702878374553372,4445398944.0,4411817944.0,18.06690839334775,4.003064337743663,38.41513086761148,59.56025756662245,2.772847707912168,2.772847707912168,3.972824778770625,33.42311641754862,38.12493902523333,59.11033326634243,0.0138374532353332,0.0167897191996093,0.0843724601403827,0.0580226196634761,-0.2544034424503216,2.514596134782444,117.3159645232816,1.881228358233219,0.0036770603057038,0.2657324467998634,0.2689961900010716,0.0,0.0666952350802961,0.3550207397165572,0.0369950805898969,1.515418664699373,0.0,16.08412985413913,0.0345736979107026,0.0282719211605308,1.0677826804288726,838800000.0,1447845000.0,664693000.0,1684001000.0,501234000.0,280445500.0,632545500.0,36.80885799987213,35.12621482833256,80.80303866230956,2.445063631159452,2.562188964562349,1.1138194984983945,0.0383691504869357,0.4436011311564301,2002-01-29,0.61,bmo,1055884295.0,2025-04-25,2001-12-31,0.0491803278688525,44.941875,390906.25
2001-09-30,GWW,USD,277135,2001-11-13,2001-11-13 00:00:00,2001,Q3,1199358000.0,803507000.0,395851000.0,0.3300524114,0,300474000.0,0.0,300474000.0,0.0,300474000.0,1103981000.0,0.0,981000.0,24841000.0,120218000.0,0.1002352925,95377000.0,0.0795233783,-981000.0,94396000.0,0.0787054407,38374000.0,56022000.0,0.0467099898,0.6,0.59,93360391,94905733,https://www.sec.gov/Archives/edgar/data/277135/000027713501500017/0000277135-01-500017-index.htm,https://www.sec.gov/Archives/edgar/data/277135/000027713501500017/form10q03q2001.htm,12.846540027879705,0.6000617542400823,2.420480436933903,2.179039717175135,1.483669878803314,16.795280988058416,16.795280988058416,16.794338404173992,1.5747684689966648,3613047131.7,3620571131.7,16.12334052559709,3.012484288844532,15.9885613655372,17.760116850999825,2.304347993272642,2.304347993272642,3.0187576450901235,30.116714066945057,16.021856789407774,17.797101455494605,0.0155054716857902,0.0563059358443187,0.0931421508413024,0.0613699569603465,0.0625863015521802,2.281986430544578,97.22426095820592,4.033718896147942,0.0045739785277099,0.29499125343615,0.2505290330326725,0.0,0.0,0.0997490895091093,0.0187942215752094,0.907411134817439,0.0,15.058117534820884,0.0320222002851341,0.0235419592497434,0.570889854135251,819106000.0,1568014000.0,646389000.0,1491214000.0,577336000.0,292164500.0,647796500.0,41.14361183233029,31.922335461918813,70.61460572216545,2.187459875102136,2.8193425918778376,1.2745238620195198,0.0357300025638965,0.2414407197587679,2001-10-15,0.57,bmo,1158742372.0,2025-04-25,2001-09-30,0.0350877192982456,41.010000000000005,383554.2372881356
2001-06-30,GWW,USD,277135,2001-08-13,2001-08-13 00:00:00,2001,Q2,1225040000.0,830124000.0,394916000.0,0.3223698818,0,301228000.0,0.0,301228000.0,0.0,301228000.0,1131352000.0,0.0,70526000.0,25786000.0,119474000.0,0.0975266114,53688000.0,0.0438255077,-30526000.0,23162000.0,0.0189071377,8342000.0,14820000.0,0.0120975642,0.16,0.15,93757352,95252754,https://www.sec.gov/Archives/edgar/data/277135/000027713501500015/0000277135-01-500015-index.htm,https://www.sec.gov/Archives/edgar/data/277135/000027713501500015/form10q02q2001.htm,13.06606867480643,0.1580676041277275,0.8029663636404748,0.5734163652574147,0.706941894007416,16.736223523036358,16.736223523036358,16.73523160082422,3.347268169433796,3859052608.32,4036076608.32,65.09872821052632,3.1501441653497024,51.25993050741193,71.78030222685167,2.4594819469348037,2.4594819469348037,3.2946488345849927,33.78204972060867,53.6113464789331,75.07303687214016,0.0038403207999933,0.0139313985728234,0.1550650679933284,0.0998043333798229,1.4816947620402765,2.1538300462554463,0.7612511697813572,5.079892037786775,0.0042945773696552,1.1182860998650472,0.2458923790243584,0.0,0.0,0.2858774772860103,0.0175684059296023,0.8346389513689599,0.0,7.714869032100329,0.0184225093640803,0.0060792019099031,-0.1602967626474775,798980000.0,1569144000.0,622763000.0,1475067000.0,600744500.0,277497500.0,675489500.0,44.5492065565206,32.45272995359729,72.11457565375775,2.020238001002665,2.773264379566433,1.2480139997233732,0.0094451996780219,0.2295499983830601,2001-07-17,0.51,bmo,1135909090.0,2025-04-25,2001-06-30,0.0784313725490196,40.07555555555556,442363.49206349207
2001-03-31,GWW,USD,277135,2001-05-14,2001-05-14 00:00:00,2001,Q1,1219420000.0,824509000.0,394911000.0,0.3238515032,0,311222000.0,0.0,311222000.0,0.0,311222000.0,1135731000.0,0.0,8884000.0,25472000.0,109161000.0,0.0895187876,83689000.0,0.0686301684,-8884000.0,74805000.0,0.0613447377,32630000.0,42175000.0,0.0345861147,0.45,0.45,93026308,94297365,https://www.sec.gov/Archives/edgar/data/277135/000027713501500007/0000277135-01-500007-index.htm,https://www.sec.gov/Archives/edgar/data/277135/000027713501500007/form10q1q2001.htm,13.108334902423517,0.4533663745958831,1.008456661528479,0.8439333097041753,0.7414461724096371,16.884266760323328,16.884266760323328,16.883256293477753,2.8626740728009974,3148940525.8,3337386525.8,18.66591894368701,2.582326455036001,33.56614249411062,40.10980442502675,2.0049449828630954,2.0049449828630954,2.73686385806367,30.57306662452708,35.57488328696449,42.5101457915117,0.0133933936365105,0.0249315601094291,0.1639005034423435,0.1049681470483774,1.7263125108784272,2.0918443922291674,9.420193606483569,2.2243746295198576,0.0050810740529737,0.3793716656787196,0.2552213347329058,0.0,0.0,0.1631437007664183,0.0125510488592937,0.6008558417085427,0.0,13.123329062620147,0.0251132037534969,0.0171976987093672,-0.2522700352678728,776939000.0,1570681000.0,606841000.0,1450411000.0,601701000.0,238294000.0,694947000.0,43.92206950845484,27.907227210376117,74.86160854520689,2.04908377513212,3.224971055760686,1.2022183566313758,0.0268530173750323,0.1645233518243033,2001-04-16,0.43,bmo,1165204444.0,2025-04-25,2001-03-31,0.0465116279069767,35.40193548387097,373464.5161290322
2000-12-31,GWW,USD,277135,2001-03-21,2001-03-21 00:00:00,2000,Q4,1298098000.0,992109000.0,305989000.0,0.2357210318,0,185848000.0,0.0,185848000.0,24277000.0,210125000.0,1202234000.0,0.0,11064000.0,24277000.0,120141000.0,0.0925515639,95864000.0,0.0738495861,-11064000.0,84800000.0,0.0653263467,36877000.0,47923000.0,0.0369178598,0.52,0.52,92945478,93026308,https://www.sec.gov/Archives/edgar/data/277135/000027713501000003/0000277135-01-000003-index.htm,https://www.sec.gov/Archives/edgar/data/277135/000027713501000003/0000277135-01-000003-0001.htm,13.966230826205445,0.5156033518919554,1.2177138945909771,0.5773061923464421,0.6819481847196482,16.54176225765389,14.829349739855015,16.540729394064766,3.5787647463602266,3392509947.0,3650691947.0,17.69771272144899,2.6134467097245357,29.974200148434807,63.22468125908532,2.206674151449278,2.206674151449278,2.812339243262065,30.386728485695976,32.25534274303991,68.03630301166648,0.0141261192299165,0.0158166080094915,0.2091641266409346,0.1307390914217387,2.148991601534864,1.9844163977070184,8.664497469269703,2.3617261022890887,0.0047080186202914,0.3332846441166037,0.143169467944639,0.0,0.0647100891567372,0.5259098258541628,0.0458540110222802,2.451826831980888,0.0,13.8524456022085,0.0283852147998015,0.020832101684895,-0.543079137212033,735678000.0,1378321000.0,560883000.0,1571236000.0,630018000.0,246329000.0,729290000.0,42.17457387654861,20.04130594521368,63.87039125741224,2.133987180604211,4.4907253173036885,1.4091036273330388,0.0311717421649475,0.6404077022445352,2001-01-30,0.5,bmo,1272136040.0,2025-04-25,2000-12-31,0.02,32.31269841269842,447312.6984126984
2000-09-30,GWW,USD,277135,2000-11-13,2000-11-13 00:00:00,2000,Q3,1241730000.0,767409000.0,474321000.0,0.3819840062,0,356037000.0,0.0,356037000.0,26706000.0,382743000.0,1150152000.0,0.0,7595000.0,26706000.0,118284000.0,0.0952574231,91578000.0,0.0737503322,-7595000.0,83983000.0,0.0676338657,35876000.0,48107000.0,0.0387419165,0.52,0.51,93097895,94074751,https://www.sec.gov/Archives/edgar/data/277135/000027713500000015/0000277135-00-000015-index.htm,https://www.sec.gov/Archives/edgar/data/277135/000027713500000015/0000277135-00-000015-0001.htm,13.337895556070306,0.5167356361816774,0.8524897367443163,0.7326911097184313,0.7762151872499373,16.218529967836545,16.218529967836545,16.217477312456957,4.395620330620794,2449405617.45,2778769617.45,12.728945982133576,1.972575050494069,30.86254164241164,35.90872012915616,1.622323835766416,1.622323835766416,2.237821118479862,23.492354142994824,35.01253219240219,40.73725469785375,0.0196402750354115,0.0278483888148396,0.2660117511241458,0.1571905556040436,2.784518616211829,1.7905306449767746,12.05766951942067,1.6497599102001788,0.006520765644617,0.332009894609932,0.286726583073615,0.0,0.0,0.1405279405279405,0.0089818237459028,0.4176215082752939,0.0,13.7314726182982,0.026849717518598,0.0188282840301067,-1.1472359283741056,697935000.0,1509911000.0,535676000.0,1366587000.0,653181000.0,303236500.0,762794500.0,47.23773284047257,31.868351817609646,88.48711703928414,1.9052565520860345,2.824118439356135,1.0170972115640768,0.0318628863309562,0.1197986270258849,2000-10-16,0.49,bmo,1273000000.0,2025-04-25,2000-09-30,0.0,30.386507936507936,434949.20634920633
2000-06-30,GWW,USD,277135,2000-08-11,2000-08-11 00:00:00,2000,Q2,1242022000.0,780601000.0,461421000.0,0.3715079121,0,361562000.0,0.0,361562000.0,26958000.0,388520000.0,1169121000.0,0.0,0.0,26958000.0,99859000.0,0.0804003472,72901000.0,0.0586954176,20648000.0,93549000.0,0.0753199219,37887000.0,55662000.0,0.0448156313,0.6,0.59,93054100,94447965,https://www.sec.gov/Archives/edgar/data/277135/000027713500000010/0000277135-00-000010-index.htm,https://www.sec.gov/Archives/edgar/data/277135/000027713500000010/0000277135-00-000010-0001.txt,13.347310865399804,0.598168162391555,0.4151455980983105,0.3840776494533825,0.6140406494716515,15.973503585548622,15.973503585548622,15.973503585548622,4.575531868020861,2866996821.0,3235629821.0,12.876813719413605,2.308330143105356,74.2149263803681,80.21815391717963,1.928819174515608,1.928819174515608,2.605130843898096,32.401985008862496,83.75734050374052,90.53245162283156,0.0194147407462367,0.0124660061490873,0.2864451022604951,0.1654813772624984,3.6915350644408615,1.7345977975889786,0.0,0.6940282418885415,0.0055681959195308,0.2868024864359886,0.2911075649223604,0.0,0.0,0.0748362713882633,0.0023276560318577,0.1072408932413383,0.0,14.662330270160233,0.0221282237842225,0.0216337016553112,-1.64295554951367,673289000.0,1486400000.0,503300000.0,1353007000.0,627798500.0,314946000.0,772147000.0,47.43560903107996,38.59399360236536,88.90226889281465,1.8973088327174568,2.331969086362808,1.0123476163303418,0.0374475242195909,0.031067948644928,2000-07-18,0.46,bmo,1360423255.0,2025-04-25,2000-06-30,-0.0652173913043478,41.50047619047619,549787.3015873015
2000-03-31,GWW,USD,277135,2000-05-11,2000-05-11 00:00:00,2000,Q1,1195194000.0,744695000.0,450499000.0,0.3769254196,0,346770000.0,0.0,346770000.0,28952000.0,375722000.0,1120417000.0,0.0,5514000.0,28952000.0,103729000.0,0.086788421,74777000.0,0.0625647384,-5514000.0,69263000.0,0.0579512615,28052000.0,41211000.0,0.0344805948,0.44,0.44,92917780,94416374,https://www.sec.gov/Archives/edgar/data/277135/000027713500000007/0000277135-00-000007-index.html,https://www.sec.gov/Archives/edgar/data/277135/000027713500000007/,12.86292031514313,0.4435211431009221,0.5013034103914235,0.2715734276044907,0.696153093627506,16.168939895034082,16.168939895034082,16.168939895034082,4.748370010562026,5040789565.0,5411798565.0,30.57915098517386,4.21754925560202,108.21789534134822,199.76181203931205,3.355198321731757,3.355198321731757,4.527966643908855,52.17247409114134,116.18288031343924,214.46455437108665,0.0081755049419524,0.0050059617991611,0.2900021432631647,0.1667744188939607,3.5767143228990927,1.7098755859599997,13.561298512876316,1.130280750285118,0.002966797127148,0.3628885491737643,0.2901369986797122,0.0,0.0,0.4582653499355947,0.0178598620809676,0.7372893064382426,0.0,12.702499787913853,0.0220156123890812,0.015774696408578,-2.239296935419679,640870000.0,1502382000.0,433569000.0,1328874000.0,581387000.0,277626500.0,767857000.0,45.254293445248216,35.670670542973966,93.4466593706148,1.9887615770399385,2.523081249385912,0.9631162912208004,0.0274304404605486,0.2297299827869327,2000-04-17,0.43,bmo,1194618181.0,2025-04-25,2000-03-31,0.0232558139534883,48.39825396825397,598742.8571428572
1999-12-31,GWW,USD,277135,2000-03-22,2000-03-22 00:00:00,1999,Q4,1121500000.0,686900000.0,434600000.0,0.3875167187,0,357900000.0,0.0,357900000.0,23500000.0,381400000.0,1068300000.0,0.0,6000000.0,23500000.0,76700000.0,0.0683905484,53200000.0,0.047436469,-6000000.0,47200000.0,0.0420864913,19100000.0,28100000.0,0.0250557289,0.3,0.3,92200443,92917780,https://www.sec.gov/Archives/edgar/data/277135/000027713500000004/0000277135-00-000004-index.html,https://www.sec.gov/Archives/edgar/data/277135/000027713500000004/,12.163715959586009,0.3047707699191857,-0.1290666249835697,-0.4934900367018844,0.6800401165100692,16.05740657883824,14.17780606542205,16.05740657883824,4.939238740967872,4408103179.83,4794803179.83,39.2179998205516,3.9305422914222015,-370.42883864117647,-96.88138856769233,2.977442201843972,2.977442201843972,4.275348354730272,62.51373115814863,-402.9246369605042,-105.3802896665934,0.0063746239263582,-0.0103218999519323,0.3035460992907801,0.1752183406113537,5.041720990873533,1.6899483055715103,8.866666666666667,-0.4234875444839858,0.0033801386655778,0.5302491103202847,0.3191261703076237,0.0,0.0675686213349968,-2.823529411764706,0.0299598751671868,1.4297872340425533,0.0,10.493385237072134,0.0156885446296339,0.0117499477315492,-2.3752597370925863,600600000.0,1307200000.0,386800000.0,1471700000.0,563650000.0,283100000.0,730900000.0,45.08426214890771,34.07919638957636,99.90537196098414,1.99626201495194,2.6409073433294887,0.9008524590163934,0.0189800742992232,0.3644234117183146,2000-01-31,0.3,bmo,1121500000.0,2025-04-25,1999-12-31,0.0,45.409375,415950.0
1999-09-30,GWW,USD,277135,1999-11-12,1999-11-12 00:00:00,1999,Q3,1175400000.0,726800000.0,448600000.0,0.3816573082,0,342400000.0,0.0,342400000.0,25900000.0,368300000.0,1095100000.0,0.0,3400000.0,25900000.0,106200000.0,0.0903522205,80300000.0,0.0683171686,-3400000.0,76900000.0,0.0654245363,31100000.0,45800000.0,0.0389654586,0.49,0.49,93469388,93469388,https://www.sec.gov/Archives/edgar/data/277135/000027713599000017/0000277135-99-000017-index.html,https://www.sec.gov/Archives/edgar/data/277135/000027713599000017/,12.575240141724262,0.4899999987161572,0.6772270724614138,0.5552620072787895,0.5092576405870979,14.824104764653,14.824104764653,14.824104764653,4.021637544048112,4492138787.280001,4817038787.280001,24.52040822751092,3.821795803369066,70.96585761895734,86.55373385895955,3.242017023152425,3.242017023152425,4.098212342419602,45.358180671186446,76.0985590407583,92.81384946589596,0.0101955888205609,0.0115535165892382,0.2688366050808314,0.1585511194347493,3.059322033898305,1.7528316133903852,23.61764705882353,1.3820960698689957,0.0033391666442885,0.3275109170305676,0.291305087629743,0.0,0.0,0.1800947867298578,0.0096988259315977,0.4401544401544401,0.0,12.784199411855376,0.0265768088303679,0.0194943389801651,-1.523760913038181,598200000.0,1385600000.0,429000000.0,1283700000.0,564050000.0,318750000.0,695400000.0,43.300153139356816,37.90451293340672,86.5946615299945,2.0785145888594165,2.374387455080039,1.0393250393250393,0.033054272517321,0.1219650651826242,1999-10-13,0.5,bmo,1199387755.0,2025-04-25,1999-09-30,-0.02,48.2209375,408734.375
1999-06-30,GWW,USD,277135,1999-08-13,1999-08-13 00:00:00,1999,Q2,1146200000.0,705600000.0,440600000.0,0.3844006282,0,328500000.0,0.0,328500000.0,24600000.0,353100000.0,1058700000.0,0.0,2500000.0,24600000.0,112075000.0,0.0977796196,87500000.0,0.0763392078,-2475000.0,85000000.0,0.0741580876,34400000.0,50600000.0,0.0441458733,0.54,0.53,93703704,95471698,https://www.sec.gov/Archives/edgar/data/277135/000027713599000013/0000277135-99-000013-index.html,https://www.sec.gov/Archives/edgar/data/277135/000027713599000013/,12.232173874364667,0.5399999982924901,-0.1963636357427236,-0.5282608678948273,0.4855731209942351,14.422055290365044,14.422055290365044,14.422055290365044,4.269841883731726,5042196312.24,5394296312.24,24.91203711581028,4.399054538684348,-274.03240827391306,-101.86255176242425,3.731090951783336,3.731090951783336,4.7062435109404985,48.13112926379656,-293.16827783913044,-108.97568307555557,0.0100353093903083,-0.0098171504905189,0.2942134083173006,0.1698129324335867,3.1416462190497434,1.6830335439961108,35.0,-0.3643564356435643,0.0029550614607824,0.2944664031620553,0.2865991973477578,0.0,0.0,-1.690217391304348,0.027133135578433,1.2642276422764227,0.0,13.237370253334108,0.0291190939703251,0.0216110019646365,-1.886798413006171,562000000.0,1351400000.0,394800000.0,1255500000.0,535350000.0,319400000.0,669050000.0,44.17553655557494,42.27040816326531,88.2015306122449,2.0373266974760043,2.1291490645745323,1.0203904555314534,0.0374426520645256,0.3318972321521036,1999-07-15,0.63,bmo,1362464150.0,2025-04-25,1999-06-30,-0.1587301587301587,51.65126984126984,305663.49206349207
1999-03-31,GWW,USD,277135,1999-05-12,1999-05-12 00:00:00,1999,Q1,1090800000.0,663800000.0,427000000.0,0.3914558122,0,306600000.0,0.0,306600000.0,24200000.0,330800000.0,994600000.0,0.0,1600000.0,24200000.0,120400000.0,0.1103777044,96200000.0,0.0881921525,-1600000.0,94600000.0,0.0867253392,38300000.0,56300000.0,0.0516134947,0.61,0.6,92295082,93833333,https://www.sec.gov/Archives/edgar/data/277135/000027713599000008/0000277135-99-000008-index.html,https://www.sec.gov/Archives/edgar/data/277135/,11.81861456063282,0.6099999997833038,-0.0357548845343677,-0.4474777973543595,0.3998046179752026,14.20985789903735,14.20985789903735,14.20985789903735,3.282948489064672,3974226230.92,4238726230.92,17.647540989875665,3.643405052181885,-1204.3109790666667,-96.22823803680387,3.0302906831261915,3.0302906831261915,3.885887633773377,35.20536736644518,-1284.4624942181815,-102.63259639031476,0.0141662796048143,-0.0103919599942953,0.2298131910026687,0.1368693519821988,2.196843853820598,1.7605498281786942,60.125,-0.0586145648312611,0.0035226983031509,0.2486678507992895,0.2810781078107811,0.0,0.0,-11.515151515151516,0.0348368170150348,1.5702479338842976,0.0,13.965324901161631,0.0346688990390881,0.025566504700059,-1.617908525180139,553300000.0,1311500000.0,390200000.0,1233900000.0,485750000.0,297250000.0,636650000.0,41.92244224422442,41.678216330219946,87.66797228080746,2.1468214918323163,2.159401431359792,1.026600680482524,0.0429279451010293,0.4117229128199918,1999-04-13,0.62,bmo,1108681967.0,2025-04-25,1999-03-31,-0.0161290322580645,42.712459016393446,247347.54098360657
1998-12-31,GWW,USD,277135,1999-03-26,1999-03-26 00:00:00,1998,Q4,1045200000.0,626200000.0,419000000.0,0.4008802143,0,291900000.0,0.0,291900000.0,13700000.0,305600000.0,931800000.0,0.0,2500000.0,13700000.0,127100000.0,0.1216035209,113400000.0,0.1084959816,-2500000.0,110900000.0,0.1061040949,44900000.0,66000000.0,0.0631458094,0.72,0.72,92295082,92295082,https://www.sec.gov/Archives/edgar/data/277135/000027713599000003/0000277135-99-000003-index.html,https://www.sec.gov/Archives/edgar/data/277135/,11.32454706524883,0.7150976906873543,0.945879218136455,0.4875666072868325,0.4669804616458329,13.854476016392724,11.897708699148238,13.854476016392724,2.5602664289306336,3842244263.66,4032944263.66,14.553955544166667,3.676085212074245,44.01196178304696,85.38320585911111,3.0048050861499966,3.0048050861499966,3.858538331094528,31.73048201148702,46.196383317983965,89.6209836368889,0.0171774607419494,0.0117119050513291,0.1828419488543051,0.1111269547031703,1.5003933910306846,1.815500376222724,45.36,1.3227272727272728,0.003695756705086,0.2151515151515151,0.2792766934557979,0.0,0.0858405817767004,0.4845360824742268,0.0404707233065442,3.0875912408759123,0.0,14.930315991720668,0.0435321078959266,0.0343160193417563,-1.3131793956258688,541900000.0,1098100000.0,381200000.0,1383000000.0,480000000.0,283200000.0,598500000.0,39.902411021814,41.26317470456723,90.07186202491216,2.255502805351748,2.1811215604319054,0.9992021700973353,0.0516149214045515,0.4583126108496225,1999-02-03,0.61,bmo,924017391.0,2025-04-25,1998-12-31,0.1311475409836064,42.614375,272546.875
1998-09-30,GWW,USD,277135,1998-11-12,1998-11-12 00:00:00,1998,Q3,1120000000.0,693700000.0,426300000.0,0.380625,0,309100000.0,0.0,309100000.0,21000000.0,330100000.0,1023800000.0,0.0,1900000.0,21000000.0,117200000.0,0.1046428571,96200000.0,0.0858928571,-1900000.0,94300000.0,0.0841964286,38200000.0,56100000.0,0.0500892857,0.58,0.57,96724138,98421053,https://www.sec.gov/Archives/edgar/data/277135/000027713598000013/0000277135-98-000013-index.html,https://www.sec.gov/Archives/edgar/data/277135/,11.579322629889964,0.5799999995864528,1.2923351149430766,0.955294116965922,0.4766131903910066,13.466131897706855,13.466131897706855,13.466131897706855,1.990196077012338,4074987933.94,4219487933.94,18.15948277156863,3.638382083875,32.59990347152,44.10160101666667,3.1285895845988487,3.1285895845988487,3.767399941017857,36.00245677423208,33.75590347152,45.66545383051948,0.0137669119294197,0.022674913766103,0.1463339731285988,0.0929031000194969,1.2329351535836175,2.022150281138184,50.63157894736842,2.228163992869875,0.0036073726446073,0.2620320855614973,0.2759821428571428,0.0,0.0,0.2608,0.0291071428571428,1.5523809523809524,0.0,13.256433198254149,0.0373444233201109,0.0273445116007018,-0.4693761137473254,599900000.0,1302500000.0,437700000.0,1234500000.0,506200000.0,281100000.0,577200000.0,39.90535714285714,36.236125126135214,73.99019749171111,2.255336286749899,2.4837092731829573,1.2163773452568822,0.0430710172744721,0.3370409979771543,1998-10-13,0.6,bmo,1178947368.0,2025-04-25,1998-09-30,-0.05,44.54328125,239426.5625
1998-06-30,GWW,USD,277135,1998-08-12,1998-08-12 00:00:00,1998,Q2,1119000000.0,692600000.0,426400000.0,0.381054513,0,301200000.0,0.0,301200000.0,24400000.0,325600000.0,1018200000.0,0.0,1200000.0,24400000.0,125200000.0,0.1118856122,100800000.0,0.090080429,-1200000.0,99600000.0,0.0890080429,40300000.0,59300000.0,0.0529937444,0.61,0.6,97213115,98833333,https://www.sec.gov/Archives/edgar/data/277135/000027713598000011/0000277135-98-000011-index.html,https://www.sec.gov/Archives/edgar/data/277135/,11.510792550984505,0.6099999984569984,0.7416694753583403,0.626458683069666,0.5040472162629497,14.08863402844359,14.08863402844359,14.08863402844359,1.6263237732892315,4842185258.150001,4950085258.150001,20.41393447786678,4.327243304870421,67.1592962295423,79.51043116830871,3.535474049466998,3.535474049466998,4.4236686846738165,39.53742218969649,68.65582882316228,81.28218814696224,0.0122465368090142,0.0125769661326975,0.1145589953271028,0.075738559567484,0.8618210862619808,2.287556053811659,84.0,1.2179054054054057,0.0030151675786105,0.2462057335581787,0.2691689008042895,0.0,0.0,0.1553398058252427,0.0100089365504915,0.4590163934426229,0.0,13.905628412670374,0.0383405467522681,0.0286252172234022,0.2664249571675591,689100000.0,1369600000.0,522300000.0,1305900000.0,499150000.0,278900000.0,595150000.0,41.48525469168901,36.7614784868611,75.90095293098469,2.169445521519969,2.448214916931778,1.1857558637219654,0.0432973130841121,0.1152107922886742,1998-07-15,0.63,bmo,1137048387.0,2025-04-25,1998-06-30,-0.0158730158730158,52.50904761904762,159371.42857142858
1998-03-31,GWW,USD,277135,1998-05-13,1998-05-13 00:00:00,1998,Q1,1057100000.0,652200000.0,404900000.0,0.3830290417,0,287600000.0,0.0,287600000.0,19800000.0,307400000.0,959600000.0,0.0,1400000.0,19800000.0,119500000.0,0.1130451235,97500000.0,0.0922334689,-1400000.0,96100000.0,0.0909090909,38900000.0,57200000.0,0.0541103018,0.59,0.58,96949153,98620690,https://www.sec.gov/Archives/edgar/data/277135/000027713598000009/0000277135-98-000009-index.html,https://www.sec.gov/Archives/edgar/data/277135/,10.90365379468555,0.5899999972150349,0.5177972003530552,0.0629195801225824,0.3713286695758961,13.737097837254955,13.737097837254955,13.737097837254955,1.6926398521501265,4984155955.73,5110855955.73,21.78389840791084,4.7149332662283605,99.285975213745,817.0747468409835,3.74242075066076,3.74242075066076,4.834789476615268,42.76866908560669,101.80987959621513,837.8452386442622,0.0114763664114964,0.001223878236191,0.1221654903138609,0.0798410050053979,1.060251046025105,2.2392523364485983,69.64285714285714,0.8776223776223776,0.0026483922488068,0.2307692307692307,0.2720650837196102,0.0,0.0,0.8784860557768924,0.0417179074827357,2.227272727272727,0.0,13.504072457180074,0.0378461579804633,0.0280694867013445,-0.0518312934616355,663000000.0,1331800000.0,492000000.0,1264900000.0,469000000.0,268350000.0,609150000.0,41.07936808248983,37.93468261269549,83.65225390984361,2.190880829015544,2.3724990905783923,1.0758825470141868,0.0429493918005706,0.4548776202304728,1998-04-13,0.57,bmo,1038874137.0,2025-04-25,1998-03-31,0.0175438596491228,49.18540983606557,181609.83606557376
1997-12-31,GWW,USD,277135,1998-03-24,1998-03-24 00:00:00,1997,Q4,1032900000.0,616800000.0,416100000.0,0.4028463549,0,289500000.0,0.0,289500000.0,19300000.0,308800000.0,925600000.0,0.0,1100000.0,19300000.0,126600000.0,0.1225675283,107300000.0,0.1038822732,-1100000.0,106200000.0,0.1028173105,43000000.0,63200000.0,0.0611869494,0.65,0.65,96949153,96949153,https://www.sec.gov/Archives/edgar/data/277135/000027713598000007/0000277135-98-000007-index.html,https://www.sec.gov/Archives/edgar/data/277135/,10.65403841124842,0.6518881088110177,1.1738111832704716,0.7880419543221796,0.4837587389752646,13.354423013886464,11.22134610087826,13.354423013886464,1.641066425820141,4710759344.27,4821859344.27,18.634332849169304,4.560711922035048,41.39507332398946,61.65915372081152,3.638494897868232,3.638494897868232,4.66827315739181,38.08735658981043,42.37134748919157,63.11334220248692,0.013416096085841,0.0162181921037699,0.1220359928941067,0.0790869956952648,0.8775671406003159,2.215770743584941,97.54545454545456,1.8006329113924051,0.0028233240180646,0.2104430379746835,0.2802788266047052,0.0,0.1035138652517769,0.3286467486818981,0.0362087326943557,1.9378238341968912,0.0,13.99556233820769,0.0428353216180115,0.035287548855388,-0.0879326918926254,649100000.0,1087900000.0,479900000.0,1448800000.0,474550000.0,265450000.0,594300000.0,39.689224513505664,38.20038910505837,89.31420233463035,2.26761800219539,2.3559969442322384,1.0076784839078583,0.0488143971576427,0.3857692289482921,1998-02-03,0.62,bmo,1016240322.0,2025-04-25,1997-12-31,0.0161290322580645,46.2775,202343.75
1997-09-30,GWW,USD,277135,1997-11-12,1997-11-12 00:00:00,1997,Q3,1066900000.0,674300000.0,392600000.0,0.3679820039,0,277300000.0,0.0,277300000.0,19500000.0,296800000.0,971100000.0,0.0,900000.0,19500000.0,115300000.0,0.1080701097,95800000.0,0.0897928578,-900000.0,94900000.0,0.0889492923,38400000.0,56500000.0,0.0529571656,0.57,0.56,99122807,100892857,https://www.sec.gov/Archives/edgar/data/277135/000027713597000013/0000277135-97-000013-index.html,https://www.sec.gov/Archives/edgar/data/277135/,10.76341593110857,0.5700000001008849,1.4820000002623008,1.19952212410611,0.5800884956778918,13.338000002360708,13.338000002360708,13.338000002360708,1.6474513277252123,4410964911.5,4515864911.5,19.51754385619469,4.134375209954072,30.026990547991836,37.09810690916737,3.336332283110204,3.336332283110204,4.232697451963633,39.166217792714654,30.74108176650783,37.98036090412111,0.012808988766312,0.0269555533506991,0.1228348838968308,0.0808523349596734,0.9098005203816132,1.872353673723537,106.44444444444444,2.604609929078014,0.0030378840613908,0.2371681415929203,0.2599118942731278,0.0,0.0,0.1906058543226685,0.0262442590683288,1.435897435897436,0.0,13.078985054680356,0.0374373660561287,0.028129045106044,0.2971061947428506,560400000.0,1322100000.0,516300000.0,1134700000.0,495700000.0,256100000.0,581950000.0,41.6383916018371,35.91724751594246,76.94646299866528,2.1614667747163696,2.505759940542549,1.1696444058976585,0.0427350427350427,0.2824778761561908,1997-10-13,0.56,bmo,1066900000.0,2025-04-25,1997-09-30,0.0,45.48484375,204784.375
1997-06-30,GWW,USD,277135,1997-08-12,1997-08-12 00:00:00,1997,Q2,1051200000.0,660200000.0,391000000.0,0.37195586,0,273000000.0,0.0,273000000.0,20000000.0,293000000.0,953200000.0,0.0,1200000.0,20000000.0,118600000.0,0.1128234399,98000000.0,0.0932267884,-1200000.0,96800000.0,0.0920852359,39200000.0,57600000.0,0.0547945205,0.57,0.57,101052632,101052632,https://www.sec.gov/Archives/edgar/data/277135/000027713597000007/0000277135-97-000007-index.html,https://www.sec.gov/Archives/edgar/data/277135/,10.40249995665625,0.569999997625,0.6323437473652344,0.3839583317335069,0.313697915359592,12.69140619711914,12.69140619711914,12.69140619711914,2.376979156762587,3950147384.88,4157447384.88,17.14473691354167,3.7577505563926943,61.81764295586855,101.80792229072163,3.080036947274854,3.080036947274854,3.9549537527397263,35.05436243575042,65.0617744112676,107.15070579587628,0.0145817343981836,0.0098224183098876,0.18635477582846,0.1198776144856297,1.7478920741989885,1.7889304412864622,81.66666666666667,1.109375,0.003544171555114,0.2430555555555555,0.259703196347032,0.0,0.0,0.3928012519561815,0.0238774733637747,1.255,0.0,12.758028209713911,0.0374023793129221,0.0288910066710136,-0.1232031244866536,527400000.0,1282500000.0,484700000.0,1088900000.0,481800000.0,248500000.0,607550000.0,42.61986301369863,33.13995758860951,80.07573462587095,2.111691442346324,2.7157548334018924,1.1239359891045284,0.0449122807017543,0.2483854156317274,1997-07-15,0.53,bmo,994885714.0,2025-04-25,1997-06-30,0.0566037735849057,38.615625,224759.375
1997-03-31,GWW,USD,277135,1997-05-13,1997-05-13 00:00:00,1997,Q1,985600000.0,611400000.0,374200000.0,0.3796672078,0,261300000.0,0.0,261300000.0,20900000.0,282200000.0,893600000.0,0.0,200000.0,20900000.0,112900000.0,0.114549513,92000000.0,0.0933441558,-200000.0,91800000.0,0.0931412338,37200000.0,54600000.0,0.0553977273,0.53,0.52,103018868,105000000,https://www.sec.gov/Archives/edgar/data/277135/000027713597000005/0000277135-97-000005-index.html,https://www.sec.gov/Archives/edgar/data/277135/,9.567179480170564,0.5299999996117216,0.9852564095346108,0.8124725268773095,0.9871978014745804,13.654780209776716,13.654780209776716,13.654780209776716,1.5909706948051496,3811698116.0,3873698116.0,17.4528302014652,3.867388510551948,37.55367601970443,45.54000138590203,2.7096737868770884,2.7096737868770884,3.930294354707792,34.310877909654565,38.16451345812808,46.28074212664277,0.0143243243138303,0.0219587169426299,0.1163716499609014,0.0792620926741877,0.5491585473870682,2.0559858018715715,460.0,1.858974358974359,0.0034630234604864,0.2417582417582417,0.2651176948051948,0.0,0.0,0.1753694581280788,0.0180600649350649,0.8516746411483254,0.0,12.760613381898834,0.0341225706213307,0.0264368372633515,1.031849816093883,654500000.0,1406700000.0,615700000.0,1206600000.0,449700000.0,247350000.0,657300000.0,42.53449675324675,37.37487733071639,92.39941118743867,2.115929583512237,2.40803465931469,0.9740321809781742,0.0388142461079121,0.1727838826573011,1997-04-11,0.54,bmo,1023507692.0,2025-04-25,1997-03-31,-0.037037037037037,39.31098360655738,207357.37704918036
1996-12-31,GWW,USD,277135,1997-03-24,1997-03-24 00:00:00,1996,Q4,904100000.0,547500000.0,356600000.0,0.3944253954,0,244300000.0,0.0,244300000.0,19000000.0,263300000.0,810800000.0,0.0,0.0,19000000.0,112300000.0,0.1242119235,93300000.0,0.1031965491,1600000.0,94900000.0,0.1049662648,38300000.0,56600000.0,0.0626036943,0.55,0.55,102984603,103018868,https://www.sec.gov/Archives/edgar/data/277135/000027713597000002/0000277135-97-000002-index.html,https://www.sec.gov/Archives/edgar/data/277135/,8.778982232907186,0.5495967198125724,0.579698306940116,0.3097550417318208,1.232223034350096,14.203094029502644,11.970721487366417,14.203094029502644,1.6138334776121823,4132772118.39,4172072118.39,18.25429380914311,4.571144915816835,69.22566362462312,129.55398490250784,2.8254407044438365,2.8254407044438365,4.614613558666077,37.151131953606416,69.88395508190955,130.78595982413793,0.0136954079195756,0.0077187899758739,0.1136254871128734,0.0784332232184993,0.3499554764024933,2.1428339555267004,0.0,1.0547703180212014,0.0030971947238616,0.2261484098939929,0.2702134719610662,0.0,0.1084945729117508,0.4656616415410385,0.0307488109722375,1.4631578947368422,0.0,13.252713402190292,0.0334630659389271,0.0299613572600709,1.3521438733904718,704100000.0,1232800000.0,663900000.0,1485000000.0,426300000.0,237350000.0,626400000.0,43.16336688419423,39.583561643835615,112.91506849315068,2.0851014760147604,2.273671096345515,0.7970592517105838,0.0386955629999316,0.2699432652082952,1997-02-04,0.55,bmo,920538181.0,2025-04-25,1996-12-31,-0.0181818181818181,37.85765625,215921.875
1996-09-30,GWW,USD,277135,1996-11-12,1996-11-12 00:00:00,1996,Q3,901900000.0,565200000.0,336700000.0,0.3733229848,0,233700000.0,0.0,233700000.0,17100000.0,250800000.0,816000000.0,0.0,0.0,17100000.0,103000000.0,0.1142033485,85900000.0,0.0952433751,1500000.0,87400000.0,0.0969065307,35100000.0,52300000.0,0.0579886905,0.51,0.51,102549020,102549020,https://www.sec.gov/Archives/edgar/data/277135/000027713596000018/0000277135-96-000018-index.html,https://www.sec.gov/Archives/edgar/data/277135/,8.794818322008343,0.5099999980497132,0.6026386210224145,0.5002485640525868,1.2832887140218403,12.634933030076738,12.634933030076738,12.634933030076738,0.3364244729008624,3602547072.6000004,3505447072.6000004,17.22058830114723,3.994397463798648,58.29364195145631,70.22508913450294,2.780386719611021,2.780386719611021,3.886735860516687,34.03346672427185,56.72244454045308,68.33230161013645,0.0145175063492659,0.0142399249659147,0.0266265339198888,0.019446479905304,-0.9427184466019416,2.7150353639060003,0.0,1.1839080459770115,0.0035252835685598,0.24282982791587,0.2591196363233174,0.0,0.0,0.1699029126213592,0.0116420889233839,0.6140350877192983,0.0,12.041007265411451,0.037696100576412,0.0294797362042725,2.4417590728804623,751700000.0,1295700000.0,711600000.0,1258800000.0,425600000.0,246650000.0,555850000.0,41.81173079055327,37.245222929936304,90.11146496815287,2.152505966587112,2.4164172723386064,0.9987630323378688,0.0403642818553677,0.1023900569698277,1996-10-14,0.51,bmo,,2025-04-25,1996-09-30,0.0,35.22296875,238896.875
1996-06-30,GWW,USD,277135,1996-08-14,1996-08-14 00:00:00,1996,Q2,888600000.0,560600000.0,328000000.0,0.369119964,0,227200000.0,0.0,227200000.0,18400000.0,245600000.0,806200000.0,0.0,0.0,18400000.0,100800000.0,0.113436867,82400000.0,0.0927301373,400000.0,82800000.0,0.0931802836,33300000.0,49500000.0,0.0557056043,0.49,0.48,101020408,103125000,https://www.sec.gov/Archives/edgar/data/277135/000027713596000013/0000277135-96-000013-index.html,https://www.sec.gov/Archives/edgar/data/277135/,8.796242438458574,0.4900000007919192,0.7434141426156188,0.6196767686782655,0.9344646479748924,12.441050525157252,12.441050525157252,12.441050525157252,0.348444445007587,3933734687.52,3874534687.52,19.867346906666665,4.426890262795409,52.37995589241011,62.83921226070287,3.1299607634627624,3.1299607634627624,4.360268610758497,38.437844122222224,51.59167360213049,61.89352535974441,0.012583461756341,0.0159136304231706,0.0280076384468491,0.0201684524150575,-0.5873015873015873,2.5862455197132617,0.0,1.5141129032258065,0.0032539052622457,0.2585858585858586,0.2556830970065271,0.0,0.0,0.166444740346205,0.0140670717983344,0.6793478260869565,0.0,11.711643021435362,0.0371247792337157,0.0283618862086747,2.009000003246869,708100000.0,1256800000.0,666000000.0,1218500000.0,410400000.0,232700000.0,552400000.0,43.7744767049291,41.644666428826255,87.62397431323582,2.055992596020361,2.1611410948342327,1.027116159765482,0.0393857415658816,0.1237373739373533,1996-07-12,0.48,bmo,,2025-04-25,1996-06-30,0.0,34.54714285714286,231133.3333333333
1996-03-31,GWW,USD,277135,1996-05-13,1996-05-13 00:00:00,1996,Q1,842600000.0,522400000.0,320200000.0,0.3800142416,0,216500000.0,0.0,216500000.0,19800000.0,236300000.0,758700000.0,0.0,100000.0,19800000.0,103700000.0,0.1230714455,83900000.0,0.099572751,-100000.0,83800000.0,0.0994540707,33700000.0,50100000.0,0.0594588179,0.49,0.49,102244898,102244898,https://www.sec.gov/Archives/edgar/data/277135/000027713596000010/0000277135-96-000010-index.html,https://www.sec.gov/Archives/edgar/data/277135/,8.240998000702197,0.4899999998043912,0.7315768460153386,0.6210578839836096,0.4264271455383524,11.922355284661734,11.922355284661734,11.922355284661734,0.3384031934776833,3444630613.62,3435530613.62,17.188775517065867,4.08809709662948,46.05121141203208,54.24615139559055,2.825783932420016,2.825783932420016,4.077297191573701,33.129514113982644,45.92955365802139,54.10284430897637,0.0145443751797088,0.0184344875032237,0.0283018867924528,0.0206031651239175,-0.0877531340405014,2.6191634241245136,839.0,1.493013972055888,0.0033965906108302,0.2335329341317365,0.256942796107287,0.0,0.0,0.1510695187165775,0.0134108711132209,0.5707070707070707,0.0,11.464901524257543,0.0388956150766625,0.0299193789190803,1.5555788416943797,665800000.0,1219000000.0,621500000.0,1179000000.0,379100000.0,205450000.0,580800000.0,41.507239496795634,35.49004594180705,96.30551301684534,2.1682964487905303,2.5359223300970872,0.934525939177102,0.0410992616899097,0.1105189620317289,1996-04-12,0.49,bmo,,2025-04-25,1996-03-31,0.0,33.77936507936508,237095.2380952381
1995-12-31,GWW,USD,277135,1996-03-25,1996-03-25 00:00:00,1995,Q4,806600000.0,487900000.0,318700000.0,0.3951152988,0,215600000.0,0.0,215600000.0,16500000.0,232100000.0,720000000.0,0.0,1000000.0,16500000.0,103100000.0,0.127820481,86600000.0,0.107364245,-1000000.0,85600000.0,0.1061244731,34400000.0,51200000.0,0.0634763204,0.5,0.5,100230467,102244898,https://www.sec.gov/Archives/edgar/data/277135/000027713596000004/0000277135-96-000004-index.html,https://www.sec.gov/Archives/edgar/data/277135/,8.047453275858727,0.5108227221968347,1.064546571453169,0.7353053637872404,0.1147355723684296,11.763888119966555,11.763888119966555,11.763888119966555,0.5637008555492413,3320635371.71,3364635371.71,16.214039900927734,4.116830364133399,31.121231225023436,45.056110878019,2.816245756687304,2.816245756687304,4.171380326940243,32.63467867807953,31.53360235904405,45.65312580339213,0.0154187359552319,0.0221945476543084,0.0470697989992367,0.0332494608195542,0.4267701260911736,2.392929520378293,86.6,2.083984375,0.0035234220835198,0.228515625,0.2672948177535333,0.0,0.0,0.3092783505154639,0.0409124721051326,2.0,0.0,11.627913847455924,0.0407250026268743,0.0306733764677689,0.996702928661402,618600000.0,1179100000.0,572600000.0,1137000000.0,382000000.0,206900000.0,600250000.0,41.23977188197372,37.79667964746874,111.15802418528388,2.1823593073593077,2.381161542215715,0.8096581480252241,0.0434229497074039,0.3292412076659285,1996-02-02,0.51,bmo,,2025-04-25,1995-12-31,-0.0196078431372549,32.04333333333334,180473.0158730159
1995-09-30,GWW,USD,277135,1995-11-09,1995-11-09 00:00:00,1995,Q3,850000000.0,532500000.0,317500000.0,0.3735294118,0,216900000.0,0.0,216900000.0,16500000.0,233400000.0,765900000.0,0.0,2000000.0,16500000.0,100600000.0,0.1183529412,84100000.0,0.0989411765,-2000000.0,82100000.0,0.0965882353,33000000.0,49100000.0,0.0577647059,0.48,0.48,102291667,102291667,https://www.sec.gov/Archives/edgar/data/277135/000027713595000013/0000277135-95-000013-index.html,https://www.sec.gov/Archives/edgar/data/277135/,8.309572274347627,0.4799999984358452,0.5670061081319556,0.3098981659962585,0.2238696530383066,11.10745413895738,11.10745413895738,11.10745413895738,1.3666802399456448,3088185426.73,3203085426.73,15.723958384572304,3.633159325564706,53.24457632293104,97.41909863501576,2.7179945667400105,2.7179945667400105,3.768335796152942,31.839815375049703,55.225610805689655,101.0437043132492,0.0158993043536219,0.010264927658041,0.1212814645308924,0.0813171249852472,1.1421471172962228,2.133398058252427,42.05,1.1812627291242364,0.0037886326056492,0.2382892057026476,0.2551764705882353,0.0,0.0,0.453448275862069,0.0309411764705882,1.593939393939394,0.0,10.952648278376774,0.0383062470024759,0.0289743892363979,0.5792260673589374,583700000.0,1136200000.0,540300000.0,1087400000.0,391300000.0,229050000.0,602700000.0,41.760000000000005,35.307042253521125,101.05352112676056,2.155172413793104,2.5490665390138822,0.8906171600602107,0.0432142228480901,0.2571079421356971,1995-10-13,0.43,bmo,,2025-04-25,1995-09-30,0.1162790697674418,29.67269841269841,288488.8888888889
1995-06-30,GWW,USD,277135,1995-08-14,1995-08-14 00:00:00,1995,Q2,813500000.0,508300000.0,305200000.0,0.3751690227,0,219100000.0,0.0,219100000.0,18800000.0,237900000.0,746200000.0,0.0,1300000.0,18800000.0,86100000.0,0.1058389674,67300000.0,0.082728949,-1300000.0,66000000.0,0.0811309158,26500000.0,39500000.0,0.0485556238,0.39,0.39,101282051,101282051,https://www.sec.gov/Archives/edgar/data/277135/000027713595000011/0000277135-95-000011-index.html,https://www.sec.gov/Archives/edgar/data/277135/,8.032025338823361,0.3900000010860759,-0.4502278493550649,-0.7503797489251082,0.1599493675340362,10.845949397292518,10.845949397292518,10.845949397292518,1.5205063333482456,2975666658.38,3112166658.38,18.833333280886077,3.6578569863306702,-65.25584777149123,-39.15350866289474,2.7088453876923078,2.7088453876923078,3.82565047127228,36.14595422044135,-68.24926882412281,-40.94956129447369,0.0132743363201523,-0.0255404951982678,0.1390077378243058,0.0908604069975008,1.5853658536585369,2.022937476877543,51.76923076923077,-1.1544303797468354,0.0038982861092092,0.2936708860759494,0.2693300553165335,0.0,0.0,-0.6666666666666666,0.0373693915181315,1.6170212765957446,0.0,9.755675590459184,0.0311821865007589,0.0235035106509579,0.2863291147214228,553000000.0,1098500000.0,511500000.0,1044600000.0,376850000.0,239450000.0,571500000.0,42.94775660725261,44.12354908518592,107.56443045445604,2.0955692941782584,2.0397271268057784,0.8367078189300412,0.0359581247155211,0.3001518995700433,1995-07-14,0.45,bmo,,2025-04-25,1995-06-30,-0.1333333333333333,29.853650793650797,272631.74603174604
1995-03-31,GWW,USD,277135,1995-05-15,1995-05-15 00:00:00,1995,Q1,806800000.0,496000000.0,310800000.0,0.3852255825,0,213500000.0,0.0,213500000.0,19100000.0,232600000.0,728600000.0,0.0,0.0,19100000.0,97300000.0,0.1205999008,78200000.0,0.0969261279,200000.0,78400000.0,0.0971740208,31500000.0,46900000.0,0.0581308875,0.46,0.46,101956522,101956522,https://www.sec.gov/Archives/edgar/data/277135/000027713595000009/0000277135-95-000009-index.html,https://www.sec.gov/Archives/edgar/data/277135/,7.913176952034515,0.4599999988230277,0.070618336706307,-0.1471215348048063,0.1382942427165179,10.493688672510816,10.493688672510816,10.493688672510816,0.6110447745559622,3224884790.86,3273084790.86,17.190217435287845,3.997130380342092,447.9006653972222,-214.9923193906667,3.0141927197495093,3.0141927197495093,4.056872571715419,33.63910370873587,454.5951098416666,-218.205652724,0.0145431551951636,-0.004651328953677,0.0582297410972988,0.0396184419713831,0.4953751284686536,2.166268721510745,0.0,0.1535181236673774,0.0031629036885004,0.2174840085287846,0.2646256817055032,0.0,0.0,3.083333333333333,0.027516113039167,1.162303664921466,0.0,10.421596685853585,0.0398775527600862,0.0298251192368839,0.5235074613471025,537300000.0,1069900000.0,495400000.0,1013600000.0,355650000.0,228100000.0,527750000.0,40.77218641546852,41.67943548387097,97.16733870967742,2.2073871409028727,2.1593382673051806,0.9262371615312792,0.0438358725114496,0.2177398715111133,1995-04-17,0.46,bmo,,2025-04-25,1995-03-31,0.0,30.28063492063492,186866.66666666663
1994-12-31,GWW,USD,277135,1995-03-27,1995-03-27 00:00:00,1994,Q4,768900000.0,467900000.0,301000000.0,0.3914683314,0,203800000.0,0.0,203800000.0,27100000.0,230900000.0,698800000.0,0.0,53900000.0,27100000.0,97200000.0,0.1264143582,70100000.0,0.0911692028,-53900000.0,16200000.0,0.0210690597,15200000.0,1000000.0,0.0013005592,0.0098,0.0098,101956522,101956522,https://www.sec.gov/Archives/edgar/data/277135/000027713595000007/0000277135-95-000007-index.html,https://www.sec.gov/Archives/edgar/data/277135/,7.541449874094371,0.0098081023203204,0.8533049018678766,0.3766311291003041,0.1500639655009024,10.129808076426931,10.129808076426931,10.129808076426931,0.9062686543976068,2944504355.36,2967704355.36,736.12608884,3.8295023479776304,33.84487764781609,76.67980092083333,2.850991823547637,2.850991823547637,3.8596753223566136,30.53193781234568,34.111544314482764,77.2839675875,0.000339615731313,0.0130412440824205,0.037277304415182,0.0250847015897836,0.2386831275720164,2.0988891309082987,1.300556586270872,87.0,0.0034640804593929,10.2,0.2650539732084796,0.0,0.0,0.5586206896551724,0.0632071790870074,1.7933579335793357,0.0,1.4951486104140548,0.0038871366275845,0.0006515506906437,0.3202345407584617,504500000.0,1032800000.0,461600000.0,973600000.0,351650000.0,230800000.0,523550000.0,40.47600468201326,43.56700149604616,100.021372088053,2.2235396182764604,2.065783664459161,0.8998076923076923,0.0009682416731216,0.4766737727675724,1995-02-09,0.45,bmo,,2025-04-25,1994-12-31,0.0666666666666666,27.46190476190476,301006.34920634923
1994-09-30,GWW,USD,277135,1994-11-14,1994-11-14 00:00:00,1994,Q3,779300000.0,492600000.0,286700000.0,0.3678942641,0,200300000.0,0.0,200300000.0,13200000.0,213500000.0,706100000.0,0.0,1100000.0,4600000.0,86400000.0,0.1108687283,73200000.0,0.0939304504,-1100000.0,72100000.0,0.0925189272,29100000.0,43000000.0,0.0551777236,0.42,0.42,102380952,102380952,https://www.sec.gov/Archives/edgar/data/277135/000027713594000009/0000277135-94-000009-index.html,https://www.sec.gov/Archives/edgar/data/277135/,7.611767470183321,0.4200000015627907,0.663209304793337,0.3819069781652353,0.1181860469513899,10.164000037819536,10.164000037819536,10.164000037819536,0.6700465141211033,3033547607.76,3088947607.76,17.636904696279068,3.8926570098293336,44.67669525419735,77.5843377943734,2.915190858889102,2.915190858889102,3.963746449069677,35.751708423148145,45.49260099793814,79.00121758976981,0.0141748228674583,0.0128891993980842,0.0648664232173746,0.0440974717449532,0.6412037037037037,2.181611288120164,66.54545454545455,1.5790697674418606,0.0033294351386355,0.2348837209302325,0.2570255357372,0.0,0.0,0.4241531664212076,0.0369562427819838,6.260869565217392,0.0,9.800500023712528,0.0378695639201086,0.0280917227412295,0.5242674438112277,519200000.0,1040600000.0,468500000.0,961100000.0,365150000.0,226300000.0,512600000.0,41.28705248299757,42.9537149817296,96.3032886723508,2.17986013986014,2.0952786048490006,0.9345475241889584,0.0413223140495867,0.2813023266281017,1994-10-15,0.43,bmo,,2025-04-25,1994-09-30,-0.0232558139534883,31.96515625,141084.375
1994-06-30,GWW,USD,277135,1994-08-12,1994-08-12 00:00:00,1994,Q2,768600000.0,482000000.0,286600000.0,0.3728857663,0,197600000.0,0.0,197600000.0,17800000.0,215400000.0,697400000.0,0.0,300000.0,17800000.0,89000000.0,0.1157949519,71200000.0,0.0926359615,-300000.0,70900000.0,0.0922456414,28600000.0,42300000.0,0.0550351288,0.42,0.42,100714286,100714286,https://www.sec.gov/Archives/edgar/data/277135/000027713594000007/0000277135-94-000007-index.html,https://www.sec.gov/Archives/edgar/data/277135/,7.631489340052513,0.4199999988085106,0.002978723395805,-0.2343262404699964,0.12411347482521,10.003546070911923,10.003546070911923,10.003546070911923,0.9690780114352396,3216814294.84,3301614294.84,19.011904815839245,4.185290521519646,10722.714316133332,-136.30569045932205,3.192867786441688,3.192867786441688,4.295620992505855,37.09678982966293,11005.3809828,-139.89891079830508,0.0131496555669539,-0.0073364508600499,0.096575682382134,0.0648969519108917,0.952808988764045,2.1317882299477398,237.33333333333337,0.0070754716981132,0.0031708389310385,0.2411347517730496,0.2570908144678636,0.0,0.0,79.66666666666667,0.031095498308613,1.3426966292134832,0.0,9.722834468504416,0.0369221942504914,0.0282131661442006,0.4899999986099291,498100000.0,1007500000.0,446400000.0,924700000.0,348200000.0,209300000.0,489850000.0,43.65339578454333,40.61203319502074,93.00622406639005,2.061695278969957,2.2160919540229886,0.967677173258382,0.041985111662531,0.2373049638658015,1994-07-15,0.41,bmo,,2025-04-25,1994-06-30,0.024390243902439,31.88,197809.67741935485
1994-03-31,GWW,USD,277135,1994-05-10,1994-05-10 00:00:00,1994,Q1,706400000.0,433500000.0,272900000.0,0.3863250283,0,185400000.0,0.0,185400000.0,17200000.0,202600000.0,636100000.0,0.0,800000.0,17200000.0,87500000.0,0.1238674972,70300000.0,0.0995186863,-800000.0,69500000.0,0.0983861835,28000000.0,41500000.0,0.0587485844,0.41,0.41,101219512,101219512,https://www.sec.gov/Archives/edgar/data/277135/000027713594000003/0000277135-94-000003-index.html,https://www.sec.gov/Archives/edgar/data/277135/,6.978891579718345,0.4100000007903615,0.3576385549062912,0.1689397593618115,0.1402891568969429,9.630554235432394,9.630554235432394,9.630554235432394,0.6560000012645784,3213719506.0,3265119506.0,19.35975606024096,4.5494330492638735,88.77678193370166,187.93681321637428,3.2967988366844483,3.2967988366844483,4.62219635617214,37.31565149714286,90.19667143646409,190.94266116959065,0.0129133858516649,0.0053209373027342,0.0672958555601149,0.0458100558659217,0.5874285714285714,2.1673257538309443,87.875,0.8722891566265061,0.0028316099096421,0.2192771084337349,0.2624575311438278,0.0,0.0,0.5276243093922652,0.0270385050962627,1.1104651162790695,0.0,9.425596161152104,0.0386179372968966,0.0289804469273743,0.4001204826990274,472300000.0,974800000.0,419700000.0,888400000.0,311750000.0,189600000.0,473900000.0,41.22876557191393,41.75086505190311,99.98615916955016,2.1829419035846724,2.1556439582297364,0.9001245847176079,0.0425728354534263,0.1886987955444796,1994-04-14,0.36,bmo,,2025-04-25,1994-03-31,0.1388888888888888,31.207142857142856,173761.90476190476
1993-12-31,GWW,USD,277135,1994-03-28,1994-03-28 00:00:00,1993,Q4,663000000.0,397000000.0,266000000.0,0.4012066365,0,0.0,0.0,183800000.0,12600000.0,196400000.0,593400000.0,0.0,900000.0,12600000.0,82200000.0,0.1239819005,69600000.0,0.1049773756,-1500000.0,68100000.0,0.1027149321,27100000.0,41600000.0,0.062745098,0.41,0.41,101842105,101842105,https://www.sec.gov/Archives/edgar/data/277135/000027713594000001/0000277135-94-000001-index.html,https://www.sec.gov/Archives/edgar/data/277135/,6.5100775362017504,0.4084754532518745,0.5744186061354486,0.2916279077303046,0.0255297158282421,9.248630514854344,9.248630514854344,9.248630514854344,0.6195865649084924,2927960518.75,2987560518.75,17.595916579026444,4.416230043363499,50.05060715811966,98.58452925084175,3.108568339261068,3.108568339261068,4.506124462669684,36.345018476277374,51.06941057692307,100.59126325757576,0.0142078418522391,0.0101435793993149,0.0660367342605372,0.0451805041040168,0.7250608272506083,2.1601992658626115,77.33333333333333,1.4268292682926829,0.0031421188711682,0.2211538461538461,0.0,0.0,0.0,0.4923076923076923,0.0434389140271493,2.2857142857142856,0.0,9.219618602961324,0.0398583503285841,0.0302171860245514,0.2535788120247514,442500000.0,941900000.0,389100000.0,851900000.0,307950000.0,179850000.0,457500000.0,40.710407239819006,40.37531486146096,105.68765743073048,2.2107369123041014,2.2290847838293093,0.8515658515658515,0.0441660473510988,0.2827906984051439,1994-02-11,0.37,bmo,,2025-04-25,1993-12-31,0.0810810810810811,27.7953125,152809.375
1993-09-30,GWW,USD,277135,1993-09-30,1993-09-30 00:00:00,1993,Q3,698800000.0,431900000.0,266900000.0,0.3819404694,0,0.0,0.0,184200000.0,15500000.0,199700000.0,631600000.0,0.0,400000.0,15800000.0,83000000.0,0.1187750429,67200000.0,0.096164854,-400000.0,66800000.0,0.0955924442,28100000.0,38700000.0,0.0553806525,0.38,0.38,101842105,101842105,,,6.8616020849137005,0.3800000009819121,0.4094573653991146,0.1060465119019289,0.0540051680982045,8.912816560498234,8.912816560498234,8.912816560498234,0.8709560746019537,2730386835.05,2813186835.05,17.638157849160205,3.907250765669719,65.47690251918465,252.81359583796296,3.0080278010906687,3.0080278010906687,4.025739603677732,33.893817289759035,67.462514029976,260.4802625046296,0.0141738157770202,0.0039554834726568,0.0972788366200286,0.0649790271543159,0.9975903614457832,2.0592369477911645,168.0,1.0775193798449612,0.003369485921152,0.2377260981912144,0.0,0.0,0.0,0.7410071942446043,0.0442186605609616,1.9556962025316456,0.0,8.729523571717472,0.037344591392754,0.0284789167709176,0.154160207116693,422000000.0,907700000.0,369200000.0,812600000.0,312950000.0,184550000.0,441000000.0,40.6983400114482,37.84209307710118,93.52164852975226,2.211392405063291,2.378303964757709,0.9623440285204992,0.0426352319048143,0.3034108534971856,1993-10-15,0.37,bmo,,2025-04-25,1993-09-30,0.027027027027027,27.9628125,249928.125
1993-06-30,GWW,USD,277135,1993-06-30,1993-06-30 00:00:00,1993,Q2,660400000.0,403300000.0,257100000.0,0.3893095094,0,0.0,0.0,182300000.0,15400000.0,197700000.0,601000000.0,0.0,800000.0,20400000.0,79800000.0,0.1208358571,59400000.0,0.0899454876,-800000.0,58600000.0,0.0887341005,23200000.0,35400000.0,0.0536038764,0.34,0.34,104117647,104117647,,,6.342824862340579,0.3400000001920903,0.1988135594343579,-0.0326553672500877,0.0259322034044814,8.799661021920713,8.799661021920713,8.799661021920713,0.4783050850159915,3227647057.0,3273947057.0,22.794117634180797,4.88741226075106,155.9249785990338,-949.3079579411764,3.522862974241432,3.522862974241432,4.957521285584495,41.02690547619048,158.16169357487922,-962.925605,0.0109677419416803,-0.0010533989435512,0.0534817725387469,0.0372623574144486,0.5802005012531328,2.320046893317702,74.25,0.5830985915492958,0.0028813559338312,0.2627118644067797,0.0,0.0,0.0,1.1642512077294689,0.0364930345245305,1.181372549019608,0.0,8.204718572609659,0.0353008130354274,0.0269201520912547,0.508319209326734,450400000.0,916200000.0,392800000.0,821100000.0,291850000.0,173950000.0,426400000.0,42.23349485160509,41.84230101661294,96.67245226878256,2.1310100032268475,2.150933333333333,0.9309787626962144,0.0386378519973804,0.2314689266844457,1993-07-16,0.38,bmo,,2025-04-25,1993-06-30,-0.1052631578947368,30.9931746031746,182847.61904761905
1993-03-31,GWW,USD,277135,1993-03-31,1993-03-31 00:00:00,1993,Q1,606200000.0,367400000.0,238800000.0,0.3939293962,0,0.0,0.0,172400000.0,10400000.0,182800000.0,550200000.0,0.0,900000.0,10400000.0,66400000.0,0.109534807,56000000.0,0.0923787529,500000.0,56500000.0,0.0932035632,22400000.0,32700000.0,0.0539425932,0.31,0.31,105483871,105483871,,,5.746850151147752,0.3099999999051988,0.3943730885644119,0.2559633026740173,0.3450764524938604,8.803241587521944,8.803241587521944,8.803241587521944,0.3128440366015767,3144474194.51,3140174194.51,24.04032258799694,5.187189367387001,75.58832198341346,116.46200720407408,3.386252632468232,3.386252632468232,5.180095998861761,47.2917800378012,75.48495659879806,116.3027479448148,0.0103991948978597,0.0085864912000676,0.0345681671333189,0.0248029670839128,-0.0647590361445783,2.544415414761594,62.22222222222222,1.219941348973607,0.0027349564563178,0.2629969418960244,0.0,0.0,0.0,0.3509615384615384,0.0240844605740679,1.4038461538461535,0.0,7.835981754329702,0.0333414521934453,0.0252665739452943,0.8148165135122886,472900000.0,928600000.0,413500000.0,829800000.0,269600000.0,156150000.0,425900000.0,40.64995051138238,39.29232444202504,102.78715296679368,2.214024835646457,2.2905236907730675,0.8755958055290753,0.0352143010984277,0.1384097858903945,1993-05-04,0.31,bmo,,2025-04-25,1993-03-31,0.0645161290322581,28.85322580645161,151100.0
1992-12-31,GWW,USD,277135,1992-12-31,1992-12-31 00:00:00,1992,Q4,598600000.0,345100000.0,253500000.0,0.423488139,0,0.0,0.0,170800000.0,22800000.0,193600000.0,538700000.0,0.0,600000.0,22800000.0,82700000.0,0.1381556966,59900000.0,0.1000668226,-600000.0,59300000.0,0.0990644838,23500000.0,35800000.0,0.0598062145,0.34,0.34,105215830,106000000,,,5.689257975724756,0.3402529828448818,0.8259213466262634,-0.9570803176670278,0.4257914422192934,8.850379263272456,8.850379263272456,8.850379263272456,0.3088888810742642,3156474900.0,3143574900.0,22.04242248603352,5.273095389241564,36.32307134637514,-31.345331678252236,3.389685244845361,3.389685244845361,5.251545105245573,38.01178839177751,36.1746248561565,-31.21722840119165,0.0113417660948293,-0.0319026772555675,0.0342568728522336,0.0243418542541014,-0.1559854897218863,2.5175911251980985,99.83333333333331,2.427374301675977,0.0027562392465088,0.2430167597765363,0.0,0.0,0.0,2.158803222094362,0.3133979284998329,8.228070175438596,0.0,8.231389842051655,0.035453162715339,0.0273178176268599,0.7665196387273664,478800000.0,931200000.0,415000000.0,831500000.0,274350000.0,150550000.0,433900000.0,39.903107250250585,39.614604462474645,112.71515502752824,2.2554634513941223,2.271889400921659,0.7984729291994447,0.0384450171821305,1.783001664293291,1992-12-31,,bmo,,2025-04-25,1992-12-31,,28.041875,184950.0
1992-09-30,GWW,USD,277135,1992-09-30,1992-09-30 00:00:00,1992,Q3,627200000.0,399900000.0,227300000.0,0.3624043367,0,0.0,0.0,165400000.0,0.0,165400000.0,565300000.0,0.0,500000.0,4300000.0,66200000.0,0.1055484694,61900000.0,0.098692602,-500000.0,61400000.0,0.0978954082,24300000.0,37100000.0,0.0591517857,0.35,0.35,106000000,106000000,,,5.916981132075471,0.35,0.7632075471698113,0.6367924528301887,0.0481132075471698,8.647169811320754,8.647169811320754,8.647169811320754,0.3660377358490566,2703000000.0,2736200000.0,18.214285714285715,4.309630102040816,33.41161928306551,40.04444444444445,2.948941741217544,2.948941741217544,4.362563775510204,41.33232628398792,33.82200247218788,40.5362962962963,0.0137254901960784,0.0249722530521642,0.0417848570805149,0.0299101913315111,0.5015105740181269,2.6664362253715868,123.8,2.1805929919137466,0.0032186459489456,0.2345013477088948,0.0,0.0,0.0,0.1656365883807169,0.0213647959183673,3.116279069767442,0.0,8.252058062335173,0.0367227464544365,0.0289730573994533,0.6742924528301887,482100000.0,916600000.0,407500000.0,824200000.0,285300000.0,152600000.0,445300000.0,40.65210459183673,33.578394598649666,98.0345086271568,2.213907518531592,2.68029490616622,0.9180440771349864,0.0404756709578878,0.1264150943396226,1993-02-10,0.35,bmo,,2025-04-25,1992-09-30,-0.0285714285714284,23.379375,236487.5
1992-06-30,GWW,USD,277135,1992-06-30,1992-06-30 00:00:00,1992,Q2,606300000.0,378100000.0,228200000.0,0.3763813294,0,0.0,0.0,154400000.0,13100000.0,167500000.0,545600000.0,0.0,600000.0,13100000.0,73800000.0,0.1217219198,60700000.0,0.1001154544,-600000.0,60100000.0,0.0991258453,24100000.0,36000000.0,0.0593765463,0.34,0.34,105882353,105882353,,,5.726166663485463,0.3399999998111111,0.313555555381358,0.2417777776434568,0.1161666666021296,8.511333328604815,8.511333328604815,8.511333328604815,0.8537777773034568,2441647060.18,2519147060.18,16.95588236236111,4.027126934158007,73.54358615,95.37683828828123,2.709328739658233,2.709328739658233,4.154951443476826,34.13478401327913,75.87792349939758,98.40418203828123,0.0147441456986605,0.0104847258301585,0.0996449178872614,0.0686334454295322,1.0501355013550135,2.4045112781954887,101.16666666666669,0.9222222222222224,0.0035631685438429,0.2416666666666666,0.0,0.0,0.0,0.2289156626506024,0.0125350486557809,0.5801526717557252,0.0,8.069182110205078,0.0344769590350238,0.0275145215530418,0.4540416664144213,467000000.0,901200000.0,392300000.0,805400000.0,264850000.0,150200000.0,448550000.0,42.647204354280056,37.13303358899762,108.30468130124306,2.11033762617473,2.4237179487179485,0.830989010989011,0.0399467376830892,0.0717777777379012,1992-06-30,,bmo,,2025-04-25,1992-06-30,,25.6768253968254,183228.57142857145
1992-03-31,GWW,USD,277135,1992-03-31,1992-03-31 00:00:00,1992,Q1,532300000.0,336900000.0,195400000.0,0.3670862296,0,0.0,0.0,140600000.0,8900000.0,149500000.0,486400000.0,0.0,0.0,8900000.0,54800000.0,0.1029494646,45900000.0,0.0862295698,500000.0,46400000.0,0.0871688897,18100000.0,28300000.0,0.0531655082,0.27,0.27,104814815,104814815,,,5.0784805563984445,0.2699999995229682,-0.0438869257175142,-0.1259363955372148,1.0437455811947958,8.335653695520046,8.335653695520046,8.335653695520046,0.3196113068558104,3053255560.95,2977355560.95,26.972222269876323,5.73596761403344,-663.751208902174,-231.30723946590908,3.494626943973904,3.494626943973904,5.593378848299831,54.33130585675182,-647.2512089021739,-225.55723946590908,0.0092687950402666,-0.0043232542237286,0.0383426805539658,0.0278031371898082,-1.385036496350365,3.285993740219092,0.0,-0.1625441696113074,0.0026856579268617,0.2897526501766784,0.0,0.0,0.0,-1.8695652173913044,0.0161563028367461,0.9662921348314608,0.0,7.116115240130384,0.0288133420167232,0.023487426342435,1.727332152425208,584300000.0,873700000.0,508700000.0,896400000.0,234750000.0,148500000.0,442700000.0,40.98440728912268,38.57524487978628,118.10329474621548,2.195957095709571,2.3331024930747923,0.7620447862474553,0.0323909808858876,0.0820494698197005,1992-03-31,,bmo,,2025-04-25,1992-03-31,,27.09253968253968,141965.07936507938
1991-12-31,GWW,USD,277135,1991-12-31,1991-12-31 00:00:00,1991,Q4,519700000.0,322900000.0,196800000.0,0.3786800077,0,0.0,0.0,133500000.0,8000000.0,141500000.0,464400000.0,0.0,0.0,8000000.0,63300000.0,0.1218010391,55300000.0,0.1064075428,1600000.0,56900000.0,0.1094862421,22200000.0,34700000.0,0.06676929,0.32,0.32,104825093,108965517,,,4.9577823889934445,0.33102760996358,0.4140230049688579,0.3214879093882607,1.3450977811200224,8.207958375004733,8.207958375004733,8.207958375004733,0.2928688076623028,2843904773.09,2733604773.09,20.48922747182997,5.472204681720223,65.52775974861751,84.3888656703264,3.305328653056718,3.305328653056718,5.259966852203194,43.18490952748815,62.986285094239626,81.11586863768545,0.0122015337251596,0.011849904511178,0.0356810785681078,0.0252342594114746,-1.7424960505529226,3.048893647394718,0.0,1.2507204610951008,0.0029185224760468,0.239193083573487,0.0,0.0,0.0,0.2235023041474654,0.0186646142005002,1.2125,0.0,7.818815062403206,0.0352837968984841,0.0285221108005918,1.6863805692020708,574100000.0,860400000.0,498100000.0,885700000.0,237150000.0,150550000.0,425000000.0,39.32845872618819,42.53329204087953,123.5583772065655,2.288419198590929,2.115989515072084,0.7284006316264381,0.0403300790330079,0.0925350955805972,1991-12-31,,bmo,,2025-04-25,1991-12-31,,22.82484375,234565.625
1991-09-30,GWW,USD,277135,1991-09-30,1991-09-30 00:00:00,1991,Q3,541200000.0,346700000.0,194500000.0,0.3593865484,0,0.0,0.0,136300000.0,7700000.0,144000000.0,490700000.0,0.0,0.0,7700000.0,58200000.0,0.1075388027,50500000.0,0.0933111604,1000000.0,51500000.0,0.0951589061,19900000.0,31600000.0,0.0583887657,0.29,0.29,108965517,108965517,,,4.966708871761697,0.290000000642405,0.6910443053282627,0.6212974697307222,1.3554746865469376,7.898829131421457,7.898829131421457,7.898829131421457,0.3147784817099523,2520372408.21,2406972408.21,19.939655128243672,4.657007406152993,33.471081118326694,37.2285436958641,2.928282105507145,2.928282105507145,4.44747303808204,41.35691423041237,31.965105022709164,35.553506768242244,0.0125378296862259,0.0268611098024523,0.0398512838387359,0.0284034448492878,-1.9484536082474224,3.13030638612034,0.0,2.382911392405063,0.0032931641264454,0.2626582278481013,0.0,0.0,0.0,0.1009296148738379,0.0140428677014042,0.987012987012987,0.0,7.179126701535194,0.0323111655547344,0.0261676051672739,1.7395411430939205,577100000.0,860700000.0,501100000.0,887800000.0,256450000.0,147800000.0,408700000.0,41.10864745011087,38.54917796365734,105.57542543986156,2.1893203883495147,2.3346801346801347,0.8524711089254979,0.0367143023120715,0.0697468355975404,1991-09-30,,bmo,,2025-04-25,1991-09-30,,23.63125,171659.375
1991-06-30,GWW,USD,277135,1991-06-30,1991-06-30 00:00:00,1991,Q2,540300000.0,345900000.0,194400000.0,0.359800111,0,0.0,0.0,132900000.0,8200000.0,141100000.0,487000000.0,0.0,0.0,8200000.0,61500000.0,0.1138256524,53300000.0,0.0986488988,1100000.0,54400000.0,0.1006848047,21300000.0,33100000.0,0.0612622617,0.31,0.31,106774194,106774194,,,5.060211458959831,0.3099999986888218,0.1638972802735462,0.0842900298549666,0.8766163104916531,7.902658576846761,7.902658576846761,7.902658576846761,0.3231117811107054,2509193559.0,2450093559.0,18.951612983383686,4.644074697390339,143.3824890857143,278.79928433333333,2.9736828146480208,2.9736828146480208,4.534691021654636,39.83891965853658,140.00534622857143,272.23261766666667,0.0131914893059073,0.0035868097810624,0.0408864659872007,0.0294067507671326,-0.9609756097560976,3.2082180956143818,0.0,0.5287009063444109,0.0033078356869797,0.2507552870090634,0.0,0.0,0.0,0.4857142857142857,0.0157320007403294,1.0365853658536586,0.0,7.424354742357466,0.0344092292089249,0.0282134333446982,1.5811404766960826,558900000.0,843800000.0,482600000.0,869700000.0,244400000.0,144900000.0,414800000.0,44.25874514158801,38.27406764960971,106.86036426712924,2.0334964245389537,2.351461590754589,0.8422205989773557,0.0392273050485897,0.0796072504185796,1991-06-30,,bmo,,2025-04-25,1991-06-30,,21.171875,204400.0
1991-03-31,GWW,USD,277135,1991-03-31,1991-03-31 00:00:00,1991,Q1,475900000.0,300100000.0,175800000.0,0.3694053373,0,0.0,0.0,121600000.0,9100000.0,130700000.0,430800000.0,0.0,0.0,9100000.0,54200000.0,0.1138894726,45100000.0,0.0947678084,1400000.0,46500000.0,0.0977096029,18200000.0,28300000.0,0.0594662744,0.27,0.27,104814815,104814815,,,4.540388684557617,0.2699999995229682,0.1373851587678707,0.0706007065890446,1.2565017645644845,7.839540622191624,7.839540622191624,7.839540622191624,0.3386925789069036,2086862966.65,1990662966.65,18.43518521775618,4.385087133116201,144.92103935069446,282.00850900675675,2.539689627175368,2.539689627175368,4.182943825698676,36.72809901568266,138.24048379513889,269.00850900675675,0.0135610245867889,0.0035459922947787,0.0432031154922721,0.0308883668319846,-1.7749077490774907,3.235363924050633,0.0,0.508833922261484,0.0037376675539559,0.2756183745583039,0.0,0.0,0.0,0.4861111111111111,0.0147089724732086,0.7692307692307693,0.0,6.9011020276236055,0.0298639505921524,0.0246236839815539,1.7256625411207376,565100000.0,821700000.0,490300000.0,874600000.0,221800000.0,140400000.0,417800000.0,42.19163689850809,42.79573475508164,125.62812395868043,2.1331241595697,2.1030133146461107,0.7164000954881833,0.034440793476938,0.066784452178826,1991-03-31,,bmo,,2025-04-25,1991-03-31,,17.67311475409836,213429.5081967213
1990-12-31,GWW,USD,277135,1990-12-31,1990-12-31 00:00:00,1990,Q4,488600000.0,299900000.0,188700000.0,0.3862054851,0,0.0,0.0,127200000.0,7000000.0,134200000.0,434100000.0,0.0,0.0,7000000.0,61500000.0,0.1258698322,54500000.0,0.1115431846,1900000.0,56400000.0,0.1154318461,22100000.0,34300000.0,0.0702005731,0.32,0.32,106884236,108620690,,,4.57130086049359,0.3209079400633036,0.7568936545516404,0.6015854386609453,1.3799977014384048,7.6288144118839005,7.6288144118839005,7.6288144118839005,0.3471045065990835,1773209475.24,1662809475.24,12.924267312244895,3.6291638871060177,21.91853492262052,27.577130252566096,2.17464983473142,2.17464983473142,3.403212188374949,27.03755244292683,20.553887209394315,25.86017846407465,0.019343456302791,0.0362619312031914,0.0454991415256315,0.0319167240192704,-1.7951219512195122,3.0860335195530726,0.0,2.358600583090379,0.0044551983904387,0.2303206997084548,0.0,0.0,0.0,0.2051915945611866,0.0339746213671715,2.371428571428571,0.0,7.421813131301905,0.0361642155440254,0.0295079146593255,1.630034573105804,560100000.0,815400000.0,481600000.0,871700000.0,226450000.0,134600000.0,410000000.0,40.61604584527221,41.44381460486829,125.05168389463157,2.215873015873016,2.171614771904417,0.7197024238060955,0.042065244051999,0.155308215890695,1990-12-31,,bmo,,2025-04-25,1990-12-31,,15.13515625,205043.75
1990-09-30,GWW,USD,277135,1990-09-30,1990-09-30 00:00:00,1990,Q3,503500000.0,324800000.0,178700000.0,0.3549155909,0,0.0,0.0,119600000.0,8500000.0,128100000.0,452900000.0,0.0,0.0,8500000.0,59100000.0,0.1173783515,50600000.0,0.1004965243,1200000.0,51800000.0,0.1028798411,20300000.0,31500000.0,0.0625620655,0.29,0.29,108620690,108620690,,,4.63539681068128,0.2899999990793651,0.8258095211879063,0.7411111087583774,0.9988888857178132,7.318126960894835,7.318126960894835,7.318126960894835,0.2679047610542706,1592379315.4,1512979315.4,12.637931074603175,3.1626202887785504,17.752277763656632,19.781109508074536,2.0032448300415147,2.0032448300415147,3.0049241616683218,25.60032682571912,16.867104965440358,18.794774104347827,0.0197817189003659,0.0505532816342685,0.0366083784123789,0.0264281173372082,-1.343485617597293,3.394122731201383,0.0,2.838607594936709,0.0050239286096167,0.2539682539682539,0.0,0.0,0.0,0.1025641025641025,0.0182720953326713,1.0823529411764703,0.0,6.910193793827277,0.0345267844145761,0.0286077558804831,1.6410317408221216,554000000.0,794900000.0,479200000.0,853200000.0,235150000.0,124850000.0,412900000.0,41.54121151936445,36.32697044334975,111.75184729064038,2.1665232358003443,2.477498093058734,0.8053558145301265,0.0396276261164926,0.0846984124295288,1990-09-30,,bmo,,2025-04-25,1990-09-30,,16.193492063492062,202425.39682539683
1990-06-30,GWW,USD,277135,1990-06-30,1990-06-30 00:00:00,1990,Q2,495700000.0,319500000.0,176200000.0,0.3554569296,0,0.0,0.0,115200000.0,8800000.0,124000000.0,443500000.0,0.0,0.0,8800000.0,61000000.0,0.1230583014,52200000.0,0.1053056284,600000.0,52800000.0,0.1065160379,20700000.0,32100000.0,0.0647569094,0.29,0.29,110689655,110689655,,,4.478286611336895,0.2900000004517133,0.1011838007806601,0.0469781932195922,0.562834891842422,7.132554528243855,7.132554528243855,7.132554528243855,0.2610903430858105,2047758617.5,2014358617.5,15.948275837227415,4.13104421525116,182.83559084821428,393.7997341346154,2.593741124129195,2.593741124129195,4.063664751866048,33.022272418032784,179.85344799107142,387.3766572115385,0.0156756757000926,0.0025393617956536,0.0366054464851171,0.026806418699564,-0.5475409836065573,3.5507448789571696,0.0,0.35,0.0039067104548517,0.249221183800623,0.0,0.0,0.0,0.5357142857142857,0.0121040952188823,0.6818181818181818,0.0,6.822017177439766,0.0356735918083714,0.0297746034690659,1.475973522548245,547900000.0,789500000.0,474100000.0,845000000.0,223350000.0,130300000.0,434050000.0,43.1934637885818,33.40845070422535,119.01408450704226,2.083648591845314,2.693929173693086,0.7562130177514793,0.0406586447118429,0.0542056075610679,1990-06-30,,bmo,,2025-04-25,1990-06-30,,18.16873015873016,163028.57142857142
1990-03-31,GWW,USD,277135,1990-03-31,1990-03-31 00:00:00,1990,Q1,447400000.0,281800000.0,165600000.0,0.3701385785,0,0.0,0.0,110400000.0,8800000.0,119200000.0,401000000.0,0.0,0.0,8800000.0,55200000.0,0.1233795262,46400000.0,0.1037103263,1100000.0,47500000.0,0.1061689763,18600000.0,28900000.0,0.0645954403,0.27,0.27,107037037,107037037,,,4.179861593141821,0.2700000000934256,0.0093425605568659,-0.020553633225105,0.6455709344794364,7.110622839830666,7.110622839830666,7.110622839830666,0.273737024316172,1973762962.28,1933962962.28,17.07407406816609,4.411629330084936,1973.76296228,-897.1649828545455,2.5933030643542243,2.5933030643542243,4.322670903620922,35.03556091086957,1933.9629622800005,-879.0740737636364,0.0146420824345675,-0.0011146221922508,0.0384969123636841,0.0270945071203994,-0.7210144927536232,3.0965656565656565,0.0,0.0346020761245674,0.0035971898022639,0.245674740484429,0.0,0.0,0.0,3.2,0.0071524362986142,0.3636363636363636,0.0,6.572445037192655,0.0328073641395761,0.0267246162382097,1.1977162633902132,518900000.0,761100000.0,446100000.0,815600000.0,214550000.0,138600000.0,429000000.0,42.00268216361198,45.35131298793471,142.31369765791342,2.14272030651341,1.9845070422535207,0.6324057450628366,0.0379713572460911,0.029896193781971,1990-03-31,,bmo,,2025-04-25,1990-03-31,,16.800317460317462,163352.38095238095
1989-12-31,GWW,USD,277135,1989-12-31,1989-12-31 00:00:00,1989,Q4,448600000.0,278600000.0,170000000.0,0.3789567543,0,0.0,0.0,109400000.0,7400000.0,116800000.0,395400000.0,0.0,0.0,7400000.0,60600000.0,0.1350869371,53200000.0,0.1185911725,700000.0,53900000.0,0.1201515827,21000000.0,32900000.0,0.0733392778,0.31,0.31,106666667,106666667,,,4.205624986857422,0.3084374990361328,0.327187498977539,0.2278124992880859,0.7631249976152343,6.859687478563477,6.859687478563477,6.859687478563477,0.2756249991386719,1753600005.48,1701600005.48,13.325228005167174,3.9090503911725367,50.24641849512894,72.16460927901235,2.3966106402624026,2.3966106402624026,3.793134207489969,28.079208011221123,48.75644714842407,70.0246915835391,0.0187614050508596,0.0138572079858933,0.040180401804018,0.0276004506196019,-0.858085808580858,2.886850152905198,0.0,1.060790273556231,0.0040488138559605,0.21580547112462,0.0,0.0,0.0,0.3037249283667622,0.0236290682122157,1.4324324324324325,0.0,6.899649203133148,0.039114342655658,0.0308862185505069,1.1186718715041504,493600000.0,731700000.0,421700000.0,795900000.0,215750000.0,123000000.0,390800000.0,44.19750334373608,43.67552045944006,133.2232591529074,2.036314117113028,2.0606508875739644,0.6755577109602328,0.044963782971163,0.0993749996894531,1989-12-31,,bmo,,2025-04-25,1989-12-31,,,
1989-09-30,GWW,USD,277135,1989-09-30,1989-09-30 00:00:00,1989,Q3,438400000.0,281700000.0,156700000.0,0.3574361314,0,0.0,0.0,102000000.0,8100000.0,110100000.0,391800000.0,0.0,0.0,8100000.0,54700000.0,0.1247718978,46600000.0,0.1062956204,800000.0,47400000.0,0.108120438,18600000.0,28800000.0,0.0656934307,0.27,0.27,106666667,106666667,,,4.10999998715625,0.26999999915625,0.4274999986640625,0.3374999989453125,0.5184374983798828,6.612187479336914,6.612187479336914,6.612187479336914,0.2165624993232422,1543466671.49,1511266671.49,13.39814819001736,3.5206812762089417,33.847953322149124,42.87407420805555,2.1883832007514536,2.1883832007514536,3.447232371099453,27.62827552998172,33.14181297127193,41.97962976361112,0.0186592950349861,0.0233241187937327,0.0327520204168439,0.0234517766497461,-0.5886654478976234,3.1526538280883045,0.0,1.5833333333333333,0.004600034539875,0.2465277777777778,0.0,0.0,0.0,0.2105263157894736,0.0218978102189781,1.1851851851851851,0.0,6.337904922878183,0.0359496242389955,0.029238578680203,1.111874996525391,458300000.0,705300000.0,391500000.0,756900000.0,217750000.0,124150000.0,376850000.0,43.35766423357664,35.39936102236422,117.9552715654952,2.075757575757576,2.542418772563177,0.7630010834236186,0.0408336877924287,0.08999999971875,1989-09-30,,bmo,,2025-04-25,1989-09-30,,,
1989-06-30,GWW,USD,277135,1989-06-30,1989-06-30 00:00:00,1989,Q2,446900000.0,286300000.0,160600000.0,0.3593645111,0,0.0,0.0,102800000.0,8900000.0,111700000.0,398000000.0,0.0,0.0,8900000.0,57800000.0,0.1293354218,48900000.0,0.109420452,1000000.0,49900000.0,0.1116580891,19600000.0,30300000.0,0.0678004028,0.28,0.28,108214286,108214286,,,4.1297689659940096,0.279999999260726,,,0.2421122105818819,6.267194702924899,6.267194702924899,6.267194702924899,0.1931353130214249,1683814290.16,1678514290.16,13.892857179537955,3.7677652498545537,0.0,0.0,2.482769522500737,2.482769522500737,3.755905773461625,29.04003962214533,0.0,0.0,0.017994858564314,,0.0308168681804777,0.0214932126696832,-0.0916955017301038,2.885430177258971,0.0,0.0,0.0041773778920308,0.2321428577557755,0.0,0.0,0.0,0.0,,0.0,,6.283575934464424,0.0392554013367825,0.0311600164541341,0.8545544531892951,436100000.0,678200000.0,373200000.0,733200000.0,,,,45.17117923472812,43.223891023402025,120.86971707998605,1.9924208649130628,2.082181818181818,0.7446033810143043,0.0446770864051902,,1989-06-30,,bmo,,2025-04-25,1989-06-30,,,
1989-03-31,GWW,USD,277135,1989-03-31,1989-03-31 00:00:00,1989,Q1,393600000.0,0.0,393600000.0,1.0,0,0.0,0.0,0.0,0.0,0.0,0.0,0.0,0.0,0.0,393600000.0,1.0,393600000.0,1.0,-393600000.0,0.0,0.0,0.0,0.0,0.0,0.26,0.26,110316000,110316000,,,3.5679321222669422,0.0,,,,,,,,1492575480.0,,0.0,3.7921125,0.0,0.0,0.0,0.0,,,0.0,0.0,0.0,,0.0,0.0,,0.0,0.0,0.0,0.0040650406504065,0.0,0.0,0.0,0.0,0.0,,0.0,,,0.0,0.0,,,,,,,,,,0.0,0.0,0.0,0.0,0.0,0.0,,1989-03-31,,bmo,,2025-04-25,1989-03-31,,,
1988-12-31,GWW,USD,277135,1988-12-31,1988-12-31 00:00:00,1988,Q4,384600000.0,0.0,384600000.0,1.0,0,0.0,0.0,0.0,-1357700000.0,-1357700000.0,-1357700000.0,0.0,0.0,0.0,-973100000.0,-2.5301612064,-973100000.0,-2.5301612064,973100000.0,0.0,0.0,0.0,0.0,0.0,0.23,0.23,108688000,110700000,,,3.5385691152657146,0.0,,,0.7286912998675107,5.847011629618725,5.847011629618725,5.847011629618725,0.2944207272191962,1464027360.0,1416827360.0,0.0,3.806623400936038,0.0,0.0,2.3037409284028323,2.3037409284028323,3.6838984919396776,-1.4559935875038537,0.0,0.0,0.0,,0.050354051927616,0.0341807306131168,0.0485047785428013,2.616554054054054,0.0,0.0,0.0037119524870081,0.0,0.0,0.0,0.0,0.0,,0.0,,0.0,,0.0,0.7411121742970705,382800000.0,635500000.0,318900000.0,691400000.0,,,,42.77691107644306,0.0,0.0,2.103938730853392,0.0,0.0,0.0,,1988-12-31,,bmo,,2025-04-25,1988-12-31,,,
1988-09-30,GWW,USD,277135,1988-09-30,1988-09-30 00:00:00,1988,Q3,408100000.0,0.0,408100000.0,1.0,0,0.0,0.0,0.0,0.0,0.0,0.0,0.0,0.0,0.0,408100000.0,1.0,408100000.0,1.0,-408100000.0,0.0,0.0,0.0,0.0,0.0,0.27,0.27,110700000,110700000,,,3.686540198735321,0.0,,,,,,,,1553121000.0,,0.0,3.8057363391325656,0.0,0.0,0.0,0.0,,,0.0,0.0,0.0,,0.0,0.0,,0.0,0.0,0.0,0.0035637918745545,0.0,0.0,0.0,0.0,0.0,,0.0,,,0.0,0.0,,,,,,,,,,0.0,0.0,0.0,0.0,0.0,0.0,,1988-09-30,,bmo,,2025-04-25,1988-09-30,,,
1988-06-30,GWW,USD,277135,1988-06-30,1988-06-30 00:00:00,1988,Q2,395900000.0,0.0,395900000.0,1.0,0,0.0,0.0,0.0,0.0,0.0,0.0,0.0,0.0,0.0,395900000.0,1.0,395900000.0,1.0,-395900000.0,0.0,0.0,0.0,0.0,0.0,0.27,0.27,110848000,110848000,,,3.5715574480369514,0.0,,,,,,,,1687106560.0,,0.0,4.261446223793888,0.0,0.0,0.0,0.0,,,0.0,0.0,0.0,,0.0,0.0,,0.0,0.0,0.0,0.0032851511169513,0.0,0.0,0.0,0.0,0.0,,0.0,,,0.0,0.0,,,,,,,,,,0.0,0.0,0.0,0.0,0.0,0.0,,1988-06-30,,bmo,,2025-04-25,1988-06-30,,,
1988-03-31,GWW,USD,277135,1988-03-31,1988-03-31 00:00:00,1988,Q1,346900000.0,0.0,346900000.0,1.0,0,0.0,0.0,0.0,0.0,0.0,0.0,0.0,0.0,0.0,346900000.0,1.0,346900000.0,1.0,-346900000.0,0.0,0.0,0.0,0.0,0.0,0.22,0.22,112604000,112604000,,,3.080707612518206,0.0,,,,,,,,1664287120.0,,0.0,4.7975990775439605,0.0,0.0,0.0,0.0,,,0.0,0.0,0.0,,0.0,0.0,,0.0,0.0,0.0,0.003382949932341,0.0,0.0,0.0,0.0,0.0,,0.0,,,0.0,0.0,,,,,,,,,,0.0,0.0,0.0,0.0,0.0,0.0,,1988-03-31,,bmo,,2025-04-25,1988-03-31,,,
1987-12-31,GWW,USD,277135,1987-12-31,1987-12-31 00:00:00,1987,Q4,337700000.0,0.0,337700000.0,1.0,0,0.0,0.0,0.0,-1163500000.0,-1163500000.0,-1163500000.0,0.0,0.0,0.0,-825800000.0,-2.4453657092,-825800000.0,-2.4453657092,825800000.0,0.0,0.0,0.0,0.0,0.0,0.21,0.21,110848000,115584000,,,3.046514145496536,0.0,,,0.5268475750577367,5.243215935334873,5.243215935334873,5.243215935334873,0.3852121824480369,1628357120.0,1612657120.0,0.0,4.821904412200178,0.0,0.0,2.801715622849277,2.801715622849277,4.775413443885105,-1.952842237829983,0.0,0.0,0.0,,0.0734686854783207,0.0513159476024516,0.0190118672802131,2.8581383773021405,0.0,0.0,0.0034036759700476,0.0,0.0,0.0,0.0,0.0,,0.0,,0.0,,0.0,0.823875938221709,373300000.0,581200000.0,323300000.0,623800000.0,,,,40.05626295528576,0.0,0.0,2.246839654025283,0.0,0.0,0.0,,1987-12-31,,bmo,,2025-04-25,1987-12-31,,,
1987-09-30,GWW,USD,277135,1987-09-30,1987-09-30 00:00:00,1987,Q3,351100000.0,0.0,351100000.0,1.0,0,0.0,0.0,0.0,0.0,0.0,0.0,0.0,0.0,0.0,351100000.0,1.0,351100000.0,1.0,-351100000.0,0.0,0.0,0.0,0.0,0.0,0.2,0.2,115584000,115584000,,,3.0376176633444074,0.0,,,,,,,,1957992960.0,,0.0,5.576738706921105,0.0,0.0,0.0,0.0,,,0.0,0.0,0.0,,0.0,0.0,,0.0,0.0,0.0,0.0029515938606847,0.0,0.0,0.0,0.0,0.0,,0.0,,,0.0,0.0,,,,,,,,,,0.0,0.0,0.0,0.0,0.0,0.0,,1987-09-30,,bmo,,2025-04-25,1987-09-30,,,
1987-06-30,GWW,USD,277135,1987-06-30,1987-06-30 00:00:00,1987,Q2,345300000.0,0.0,345300000.0,1.0,0,0.0,0.0,0.0,0.0,0.0,0.0,0.0,0.0,0.0,345300000.0,1.0,345300000.0,1.0,-345300000.0,0.0,0.0,0.0,0.0,0.0,0.21,0.21,115584000,115584000,,,2.987437707641196,0.0,,,,,,,,1546513920.0,,0.0,4.478754474370113,0.0,0.0,0.0,0.0,,,0.0,0.0,0.0,,0.0,0.0,,0.0,0.0,0.0,0.0037369207772795,0.0,0.0,0.0,0.0,0.0,,0.0,,,0.0,0.0,,,,,,,,,,0.0,0.0,0.0,0.0,0.0,0.0,,1987-06-30,,bmo,,2025-04-25,1987-06-30,,,
1987-03-31,GWW,USD,277135,1987-03-31,1987-03-31 00:00:00,1987,Q1,286800000.0,0.0,286800000.0,1.0,0,0.0,0.0,0.0,0.0,0.0,0.0,0.0,0.0,0.0,286800000.0,1.0,286800000.0,1.0,-286800000.0,0.0,0.0,0.0,0.0,0.0,0.17,0.17,115588000,115588000,,,2.481226424888397,0.0,,,,,,,,1264532720.0,,0.0,4.40910990237099,0.0,0.0,0.0,0.0,,,0.0,0.0,0.0,,0.0,0.0,,0.0,0.0,0.0,0.0041133455210237,0.0,0.0,0.0,0.0,0.0,,0.0,,,0.0,0.0,,,,,,,,,,0.0,0.0,0.0,0.0,0.0,0.0,,1987-03-31,,bmo,,2025-04-25,1987-03-31,,,
1986-12-31,GWW,USD,277135,1986-12-31,1986-12-31 00:00:00,1986,Q4,295400000.0,0.0,295400000.0,1.0,0,0.0,0.0,0.0,-1030300000.0,-1030300000.0,-1030300000.0,0.0,0.0,0.0,-734900000.0,-2.4878131347,-734900000.0,-2.4878131347,734900000.0,0.0,0.0,0.0,0.0,0.0,0.19,0.19,115588000,115840000,,,2.55562861196664,0.0,,,1.5615807869328997,5.035989895144825,5.035989895144825,5.035989895144825,0.3728760771014292,1257597440.0,1120197440.0,0.0,4.257269600541639,0.0,0.0,2.1604491324514687,2.1604491324514687,3.792137576167908,-1.5242855354469995,0.0,0.0,0.0,,0.0740422607799347,0.052560975609756,0.1869642128180705,3.265695067264574,0.0,0.0,0.0041360294117647,0.0,0.0,0.0,0.0,0.0,,0.0,,0.0,,0.0,1.480257466172959,404200000.0,582100000.0,344700000.0,632000000.0,,,,39.79011509817197,0.0,0.0,2.261868300153139,0.0,0.0,0.0,,1986-12-31,,bmo,,2025-04-25,1986-12-31,,,
1986-09-30,GWW,USD,277135,1986-09-30,1986-09-30 00:00:00,1986,Q3,305100000.0,0.0,305100000.0,1.0,0,0.0,0.0,0.0,0.0,0.0,0.0,0.0,0.0,0.0,305100000.0,1.0,305100000.0,1.0,-305100000.0,0.0,0.0,0.0,0.0,0.0,0.16,0.16,115840000,115840000,,,2.6338052486187844,0.0,,,,,,,,1176934400.0,,0.0,3.857536545394952,0.0,0.0,0.0,0.0,,,0.0,0.0,0.0,,0.0,0.0,,0.0,0.0,0.0,0.0044291338582677,0.0,0.0,0.0,0.0,0.0,,0.0,,,0.0,0.0,,,,,,,,,,0.0,0.0,0.0,0.0,0.0,0.0,,1986-09-30,,bmo,,2025-04-25,1986-09-30,,,
1986-06-30,GWW,USD,277135,1986-06-30,1986-06-30 00:00:00,1986,Q2,298500000.0,0.0,298500000.0,1.0,0,0.0,0.0,0.0,0.0,0.0,0.0,0.0,0.0,0.0,298500000.0,1.0,298500000.0,1.0,-298500000.0,0.0,0.0,0.0,0.0,0.0,0.17,0.17,115860000,115860000,,,2.5763852925945105,0.0,,,,,,,,1296473400.0,,0.0,4.343294472361809,0.0,0.0,0.0,0.0,,,0.0,0.0,0.0,,0.0,0.0,,0.0,0.0,0.0,0.0040214477211796,0.0,0.0,0.0,0.0,0.0,,0.0,,,0.0,0.0,,,,,,,,,,0.0,0.0,0.0,0.0,0.0,0.0,,1986-06-30,,bmo,,2025-04-25,1986-06-30,,,
1986-03-31,GWW,USD,277135,1986-03-31,1986-03-31 00:00:00,1986,Q1,260600000.0,0.0,260600000.0,1.0,0,0.0,0.0,0.0,0.0,0.0,0.0,0.0,0.0,0.0,260600000.0,1.0,260600000.0,1.0,-260600000.0,0.0,0.0,0.0,0.0,0.0,0.14,0.14,115676000,115676000,,,2.2528441509042496,0.0,,,,,,,,1200716880.0,,0.0,4.60750913277053,0.0,0.0,0.0,0.0,,,0.0,0.0,0.0,,0.0,0.0,,0.0,0.0,0.0,0.0040944123314065,0.0,0.0,0.0,0.0,0.0,,0.0,,,0.0,0.0,,,,,,,,,,0.0,0.0,0.0,0.0,0.0,0.0,,1986-03-31,,bmo,,2025-04-25,1986-03-31,,,
1985-12-31,GWW,USD,277135,1985-12-31,1985-12-31 00:00:00,1985,Q4,248500000.0,0.0,248500000.0,1.0,0,0.0,0.0,0.0,-960600000.0,-960600000.0,-960600000.0,0.0,0.0,0.0,-712100000.0,-2.8655935614,-712100000.0,-2.8655935614,712100000.0,0.0,0.0,0.0,0.0,0.0,0.18,0.18,115628000,115628000,,,2.1491334278894385,0.0,,,0.8708963226900058,4.481613450029404,4.481613450029404,4.481613450029404,0.364098661223925,1108872520.0,1050272520.0,0.0,4.462263661971831,0.0,0.0,2.139854341952914,2.139854341952914,4.226448772635815,-1.4748947057997472,0.0,0.0,0.0,,0.0812427634118101,0.0586514349400947,0.0822918129476197,3.4062268346923648,0.0,0.0,0.0044316996871741,0.0,0.0,0.0,0.0,0.0,,0.0,,0.0,,0.0,0.9221382364133256,324600000.0,518200000.0,259900000.0,542800000.0,,,,42.845070422535215,0.0,0.0,2.100591715976331,0.0,0.0,0.0,,1985-12-31,,bmo,,2025-04-25,1985-12-31,,,
1985-09-30,GWW,USD,277135,1985-09-30,1985-09-30 00:00:00,1985,Q3,286600000.0,0.0,286600000.0,1.0,0,0.0,0.0,0.0,0.0,0.0,0.0,0.0,0.0,0.0,286600000.0,1.0,286600000.0,1.0,-286600000.0,0.0,0.0,0.0,0.0,0.0,0.16,0.16,115628000,115628000,,,2.478638392084962,0.0,,,,,,,,889179320.0,,0.0,3.1025098394975577,0.0,0.0,0.0,0.0,,,0.0,0.0,0.0,,0.0,0.0,,0.0,0.0,0.0,0.0055266579973992,0.0,0.0,0.0,0.0,0.0,,0.0,,,0.0,0.0,,,,,,,,,,0.0,0.0,0.0,0.0,0.0,0.0,,1985-09-30,,bmo,,2025-04-25,1985-09-30,,,
