date,symbol,reportedCurrency,cik,fillingDate,acceptedDate,calendarYear,period,revenue,costOfRevenue,grossProfit,grossProfitRatio,researchAndDevelopmentExpenses,generalAndAdministrativeExpenses,sellingAndMarketingExpenses,sellingGeneralAndAdministrativeExpenses,otherExpenses,operatingExpenses,costAndExpenses,interestIncome,interestExpense,depreciationAndAmortization,ebitda,ebitdaratio,operatingIncome,operatingIncomeRatio,totalOtherIncomeExpensesNet,incomeBeforeTax,incomeBeforeTaxRatio,incomeTaxExpense,netIncome,netIncomeRatio,eps,epsdiluted,weightedAverageShsOut,weightedAverageShsOutDil,link,finalLink,revenuePerShare,netIncomePerShare,operatingCashFlowPerShare,freeCashFlowPerShare,cashPerShare,bookValuePerShare,tangibleBookValuePerShare,shareholdersEquityPerShare,interestDebtPerShare,marketCap,enterpriseValue,peRatio,priceToSalesRatio,pocfratio,pfcfRatio,pbRatio,ptbRatio,evToSales,enterpriseValueOverEBITDA,evToOperatingCashFlow,evToFreeCashFlow,earningsYield,freeCashFlowYield,debtToEquity,debtToAssets,netDebtToEBITDA,currentRatio,interestCoverage,incomeQuality,dividendYield,payoutRatio,salesGeneralAndAdministrativeToRevenue,researchAndDdevelopementToRevenue,intangiblesToTotalAssets,capexToOperatingCashFlow,capexToRevenue,capexToDepreciation,stockBasedCompensationToRevenue,grahamNumber,roic,returnOnTangibleAssets,grahamNetNet,workingCapital,tangibleAssetValue,netCurrentAssetValue,investedCapital,averageReceivables,averagePayables,averageInventory,daysSalesOutstanding,daysPayablesOutstanding,daysOfInventoryOnHand,receivablesTurnover,payablesTurnover,inventoryTurnover,roe,capexPerShare,report_date,epsEstimated,time,revenueEstimated,updatedFromDate,fiscalDateEnding,surprise(%),QuarterAvgPrice,QuarterAvgVolume
2025-03-31,HBAN,USD,49196,2025-04-29,2025-04-29 11:58:13,2025,Q1,1920000000.0,0.0,1920000000.0,1.0,0,708000000.0,29000000.0,737000000.0,-737000000.0,0.0,0.0,2489000000.0,1063000000.0,209000000.0,0.0,0.0,0.0,0.0,653000000.0,653000000.0,0.3401041667,122000000.0,527000000.0,0.2744791667,0.3437612152096462,0.3374094646054097,1454498000,1481879000,https://www.sec.gov/Archives/edgar/data/49196/000004919625000038/0000049196-25-000038-index.htm,https://www.sec.gov/Archives/edgar/data/49196/000004919625000038/hban-20250331.htm,1.3200430664050415,0.3623243208309671,0.352699006805097,0.352699006805097,20.23859778425271,14.084584509569623,9.810257559652884,14.04883334318782,13.538004177386288,21832014980.0,38862014980.0,10.35674334914611,11.370841135416669,42.55753407407407,42.55753407407408,1.0684161192130763,1.0684161192130763,20.240632802083333,59.5130397856049,75.75441516569201,75.75441516569201,0.0241388621472996,0.0234976020523049,0.9116178917490456,0.0888757419034714,26.079632465543646,44.33283132530121,0.6142991533396049,0.9661016949152542,0.0115884860024037,0.4800759013282732,0.0,0.0,0.0296618256073589,0.0,0.0,0.0,0.0109375,10.701881376169537,0.0144533057513813,0.0025912213158684,-109.77876903233968,28773000000.0,14269000000.0,-159673000000.0,36075000000.0,3790000000.0,0.0,0.0,0.0,0.0,0.0,0.0,0.0,0.0,0.0257903494176372,0.0,2025-04-17,0.31,bmo,1977017270.0,2025-05-11,2025-03-31,0.0967741935483871,16.111166666666666,22298296.633333333
2024-12-31,HBAN,USD,49196,2025-02-14,2025-02-14 13:01:14,2024,Q4,1954000000.0,0.0,1954000000.0,1.0,0,735000000.0,28000000.0,763000000.0,1191000000.0,1954000000.0,1954000000.0,2510000000.0,1115000000.0,130000000.0,0.0,0.0,0.0,0.0,669000000.0,669000000.0,0.3423746162,135000000.0,530000000.0,0.2712384852,0.34,0.34,1451421000,1476442000,https://www.sec.gov/Archives/edgar/data/49196/000004919625000020/0000049196-25-000020-index.htm,https://www.sec.gov/Archives/edgar/data/49196/000004919625000020/hban-20241231.htm,1.3462668653684906,0.3651593851818321,1.02244627850913,1.0038438192640178,11.858034298800968,13.629401806918874,9.331544741325914,13.600464648093144,12.088842589434767,23614619670.0,26713619670.0,11.138971542452827,12.085271069600818,15.91281648921833,16.207700528483183,1.1962826580547112,1.1962826580547112,13.671248551688844,0.0,18.001091421832886,18.334673761153056,0.0224437237358225,0.0616990669492328,0.8323708206686931,0.0804534103706605,0.0,174.5845070422535,0.0,2.7790262172284645,0.0110948219222367,0.4943396226415094,0.3761514841351074,0.0,0.0305439945159868,0.0181940700808625,0.0138178096212896,0.2076923076923077,0.0127942681678608,10.570836743343028,0.0,0.002676875833367,-111.30609244319876,24649000000.0,13544000000.0,-159657000000.0,31953000000.0,7252000000.0,0.0,0.0,349.12998976458545,0.0,0.0,0.2577836411609499,0.0,0.0,0.0268490374873353,0.0186024592451122,2025-01-17,0.3,bmo,1895045600.0,2025-04-25,2024-12-31,0.1333333333333334,16.44234375,14061413.84375
2024-09-30,HBAN,USD,49196,2024-10-29,2024-10-29 12:56:38,2024,Q3,1874000000.0,-1177000000.0,3051000000.0,1.6280683031,0,699000000.0,33000000.0,732000000.0,1142000000.0,1874000000.0,1874000000.0,2555000000.0,1204000000.0,144000000.0,786000000.0,0.4194236926,642000000.0,0.3425827108,-4000000.0,638000000.0,0.3404482391,116000000.0,517000000.0,0.2758804696,0.33,0.33,1452682000,1476982000,https://www.sec.gov/Archives/edgar/data/49196/000004919624000095/0000049196-24-000095-index.htm,https://www.sec.gov/Archives/edgar/data/49196/000004919624000095/hban-20240930.htm,1.2900276867201494,0.3558934439884297,-0.3015112736304298,-0.3304233135675943,12.407395424463166,14.216463066245744,9.952625557417246,14.184797498695517,12.105884150832736,21354425400.0,24896425400.0,10.326124468085103,11.395104268943436,-48.75439589041096,-44.48838625,1.0363207512375037,1.0363207512375037,13.285178975453576,31.674841475826973,-56.84115388127854,-51.86755291666667,0.0242104383665598,-0.0224777764331696,0.7950111617975347,0.0816914753035629,4.506361323155216,0.2303097743376589,0.5332225913621262,-0.8471953578336557,0.0122691196364384,0.5067698259187621,0.3729989327641408,0.0,0.0308873762684818,-0.0958904109589041,0.0224119530416221,0.3181818181818182,0.0149413020277481,10.657683602312805,-0.0059922965077086,0.002660272407778,-107.84603925704316,-94070000000.0,14458000000.0,-151735000000.0,-86783000000.0,3462000000.0,0.0,0.0,332.5293489861259,0.0,0.0,0.2706528018486424,0.0,0.0,0.0250897796758225,0.0289120399371645,2024-10-17,0.3,bmo,1856509540.0,2025-04-25,2024-09-30,0.1,14.20109375,15197494.453125
2024-06-30,HBAN,USD,49196,2024-07-30,2024-07-30 15:06:27,2024,Q2,1803000000.0,0.0,1803000000.0,1.0,0,688000000.0,27000000.0,715000000.0,0.0,998000000.0,998000000.0,2476000000.0,1164000000.0,170000000.0,756000000.0,0.4193011647,703000000.0,0.3899057127,-117000000.0,586000000.0,0.3250138658,106000000.0,474000000.0,0.2628951747,0.3,0.3,1451207000,1474259000,https://www.sec.gov/Archives/edgar/data/49196/000004919624000076/0000049196-24-000076-index.htm,https://www.sec.gov/Archives/edgar/data/49196/000004919624000076/hban-20240630.htm,1.2424140732507492,0.3266246648479507,0.3307591542764058,0.3018177282772202,8.808529727323531,13.480502781477764,9.184768265312943,13.447426866050122,12.18227310094287,19097884120.0,22829884120.0,10.07272369198312,10.59228181919024,39.78725858333333,43.60247515981735,0.9786258836792212,0.9786258836792212,12.662165346644482,30.19825941798942,47.56225858333333,52.12302310502283,0.0248195034078989,0.0229344778326155,0.846272098385857,0.084127145840762,4.936507936507937,0.1131144622739872,0.6039518900343642,1.0126582278481011,0.0136140735992694,0.5485232067510548,0.3815862451469772,0.0,0.0317558962864856,0.0875,0.0232945091514143,0.2470588235294117,0.0183028286189683,9.941120615745309,0.0073453176538606,0.0024937393463667,-112.98457077453456,-104625000000.0,13329000000.0,-163403000000.0,-97296000000.0,0.0,0.0,0.0,0.0,0.0,0.0,0.0,0.0,0.0,0.0242890084550345,0.0289414259991855,2024-07-19,0.28,bmo,1808349416.0,2025-04-25,2024-06-30,0.0714285714285712,13.446666666666667,16278999.984126983
2024-03-31,HBAN,USD,49196,2024-04-30,2024-04-30 14:47:23,2024,Q1,1754000000.0,0.0,1754000000.0,1.0,0,693000000.0,28000000.0,721000000.0,0.0,982000000.0,982000000.0,2380000000.0,1093000000.0,190000000.0,700000000.0,0.3990877993,663000000.0,0.3779931585,-153000000.0,510000000.0,0.2907639681,86000000.0,419000000.0,0.2388825542,0.26,0.26,1448492000,1473335000,https://www.sec.gov/Archives/edgar/data/49196/000004919624000047/0000049196-24-000047-index.htm,https://www.sec.gov/Archives/edgar/data/49196/000004919624000047/hban-20240331.htm,1.210914523518252,0.2892663542497991,0.3203331464723312,0.2982412053363084,8.564079056011355,13.374599238380329,9.068051463176875,13.339390207194793,11.162643632136042,19887795160.0,22558795160.0,11.866226229116943,11.338537719498287,42.8616275,46.03656287037037,1.029282432460408,1.029282432460408,12.861342736602053,32.22685022857143,48.61809301724138,52.21943324074074,0.0210681976875308,0.0217218649188862,0.7802504916675292,0.0779044951658493,3.815714285714286,0.1107112870337051,0.6065873741994511,1.107398568019093,0.0131739088165467,0.6252983293556086,0.395096921322691,0.0,0.0322345609475038,0.0689655172413793,0.0182440136830102,0.1684210526315789,0.0114025085518814,9.317688951445575,0.0071600223425951,0.0022372798094841,-111.66164535254596,-103796000000.0,13135000000.0,-161224000000.0,-96463000000.0,0.0,0.0,0.0,0.0,0.0,0.0,0.0,0.0,0.0,0.0216851257633785,0.0220919411360228,2024-04-19,0.25,bmo,1743434390.0,2025-04-25,2024-03-31,0.04,12.944098360655738,17801855.573770493
2023-12-31,HBAN,USD,49196,2024-02-16,2024-02-16 14:05:33,2023,Q4,1721000000.0,-57000000.0,1778000000.0,1.0331202789,0,879000000.0,29000000.0,1923000000.0,509000000.0,2432000000.0,2432000000.0,2350000000.0,1034000000.0,240000000.0,487000000.0,0.2829750145,247000000.0,0.1435212086,0.0,247000000.0,0.1435212086,-1000000.0,243000000.0,0.1411969785,0.15,0.15,1448000000,1469000000,https://www.sec.gov/Archives/edgar/data/49196/000004919624000020/0000049196-24-000020-index.htm,https://www.sec.gov/Archives/edgar/data/49196/000004919624000020/hban-20231231.htm,1.1885359116022098,0.167817679558011,0.6201657458563536,0.5787292817679558,9.324585635359115,13.396408839779005,9.091850828729282,13.365331491712707,9.274861878453038,18418560000.0,20685560000.0,18.949135802469137,10.702242882045322,20.51064587973274,21.979188544152745,0.9517160130212372,0.9517160130212372,12.019500290528764,42.47548254620124,23.035144766146992,24.684439140811456,0.0131932138017304,0.0454975850446506,0.6405208494807006,0.0654598453804233,4.655030800821355,43.32741935483871,0.2388781431334622,3.620967741935484,0.0142790750199798,1.0823045267489713,0.5107495642068565,0.0,0.0329147480038866,0.066815144766147,0.0348634514816966,0.25,0.0139453805926786,7.103951410511887,0.007384248920649,0.0013268899991809,-108.05801104972376,26243000000.0,13165000000.0,-143107000000.0,33585000000.0,0.0,0.0,0.0,0.0,0.0,0.0,0.0,0.0,0.0,0.0125561928383196,0.0414364640883977,2024-01-19,0.26,bmo,1768950000.0,2025-04-25,2023-12-31,0.0384615384615384,10.938571428571429,15795472.61904762
2023-09-30,HBAN,USD,49196,2023-10-27,2023-10-27 13:56:41,2023,Q3,1877000000.0,0.0,1877000000.0,1.0,0,647000000.0,29000000.0,676000000.0,0.0,957000000.0,957000000.0,2313000000.0,945000000.0,214000000.0,902000000.0,0.4805540757,683000000.0,0.3638785296,5000000.0,688000000.0,0.3665423548,136000000.0,547000000.0,0.2914224827,0.35,0.35,1447993000,1467611000,https://www.sec.gov/Archives/edgar/data/49196/000004919623000097/0000049196-23-000097-index.htm,https://www.sec.gov/Archives/edgar/data/49196/000004919623000097/hban-20230930.htm,1.296276984764429,0.3777642571476519,0.689920462322677,0.6740364076345673,23.17414517887863,12.797023190029234,8.46067626017529,12.764564469579618,9.52490792427864,15059127200.0,16213127200.0,6.882599268738574,8.022976664890782,15.0742014014014,15.429433606557376,0.8147555699832278,0.8147555699832278,8.637787533297816,17.974642128603104,16.229356556556557,16.611810655737706,0.0363234862641973,0.0648111930417853,0.6950711464589082,0.0688293597642646,1.2793791574279378,49.27459618208517,0.7227513227513227,1.809782608695652,0.0175973013894191,0.4844606946983547,0.3446989877464038,0.0,0.0336405036163943,0.023023023023023,0.0122535961640916,0.1074766355140186,0.0133191262653169,10.41608922916568,0.0069277923147032,0.0030326382844248,-92.93138848046917,32875000000.0,12251000000.0,-134564000000.0,40250000000.0,0.0,0.0,0.0,0.0,0.0,0.0,0.0,0.0,0.0,0.029594762754964,0.0158840546881096,2023-10-20,0.32,bmo,1820100000.0,2025-04-25,2023-09-30,0.0937499999999999,11.22063492063492,12401459.0
2023-06-30,HBAN,USD,49196,2023-07-28,2023-07-28 13:54:54,2023,Q2,1745000000.0,0.0,1745000000.0,1.0,0,636000000.0,32000000.0,668000000.0,0.0,940000000.0,940000000.0,2225000000.0,879000000.0,202000000.0,901000000.0,0.5163323782,805000000.0,0.4613180516,-106000000.0,699000000.0,0.4005730659,134000000.0,559000000.0,0.3203438395,0.36,0.35,1446372000,1465720000,https://www.sec.gov/Archives/edgar/data/49196/000004919623000082/0000049196-23-000082-index.htm,https://www.sec.gov/Archives/edgar/data/49196/000004919623000082/hban-20230630.htm,1.2064669393489365,0.3864842516309774,0.4355725912835702,0.4134482691866269,23.86799523220859,13.02431186444428,8.70246381981952,12.989742611167804,11.493585329362018,15591890160.0,20047890160.0,6.9731172450805,8.935180607449857,24.749032,26.07339491638796,0.8298855737704918,0.8298855737704918,11.488762269340974,22.25071049944506,31.822047873015872,33.52489993311037,0.0358519713943392,0.0383532717241769,0.8380349159037683,0.0835256359247765,4.945615982241954,20.548809523809524,0.9158134243458476,1.1270125223613596,0.0161622482851046,0.4508050089445438,0.3644699140401146,0.0,0.0331609241134187,0.0507936507936507,0.0183381088825214,0.1584158415841584,0.0131805157593123,10.628144072179987,0.0079187959230749,0.0030671480461334,-93.4372346809811,32842000000.0,12587000000.0,-135145000000.0,40221000000.0,0.0,0.0,0.0,0.0,0.0,0.0,0.0,0.0,0.0,0.0297530338513945,0.0221243220969432,2023-07-21,0.34,bmo,1839810000.0,2025-04-25,2023-06-30,0.0294117647058822,10.68532258064516,15544455.14516129
2023-03-31,HBAN,USD,49196,2023-04-28,2023-04-28 11:54:36,2023,Q1,1835000000.0,-86000000.0,1921000000.0,1.046866485,0,669000000.0,25000000.0,694000000.0,1227000000.0,1921000000.0,1921000000.0,2028000000.0,619000000.0,142000000.0,0.0,0.0,0.0,0.0,750000000.0,750000000.0,0.408719346,144000000.0,602000000.0,0.3280653951,0.4,0.39,1443268000,1469279000,https://www.sec.gov/Archives/edgar/data/49196/000004919623000044/0000049196-23-000044-index.htm,https://www.sec.gov/Archives/edgar/data/49196/000004919623000044/hban-20230331.htm,1.2714201381863937,0.4171089499663264,0.0900733612884093,0.0727515610406383,7.52805438768129,13.033615378432836,8.70593680452972,12.99689316190756,13.98631439206024,16164601599.999998,25362601600.0,6.712874418604651,8.80904719346049,124.34308923076922,153.94858666666664,0.861744407719373,0.861744407719373,13.821581253405997,0.0,195.0969353846154,241.5485866666667,0.0372418705327077,0.0064956750929141,1.0431282652734832,0.1034907706140582,0.0,0.0,0.0,0.2145214521452145,0.0157133473676208,0.4219269102990033,0.3645776566757493,0.0,0.0330353837203152,0.1923076923076923,0.0136239782016348,0.176056338028169,0.0136239782016348,11.044238785028384,0.0,0.0032927843171574,-110.43964114772862,10369000000.0,12565000000.0,-159890000000.0,17751000000.0,3386500000.0,0.0,0.0,0.0,0.0,0.0,0.0,0.0,0.0,0.0320929736645697,0.017321800247771,2023-04-20,0.37,bmo,1900430000.0,2025-04-25,2023-03-31,0.0540540540540541,13.915645161290325,20118081.887096774
2022-12-31,HBAN,USD,49196,2023-02-17,2023-02-17 15:08:18,2022,Q4,1865000000.0,-96000000.0,1961000000.0,1.0514745308,0,644000000.0,22000000.0,666000000.0,1295000000.0,1961000000.0,1961000000.0,1854000000.0,392000000.0,129000000.0,0.0,0.0,0.0,0.0,793000000.0,793000000.0,0.4252010724,144000000.0,645000000.0,0.345844504,0.43,0.42,1443000000,1468000000,https://www.sec.gov/Archives/edgar/data/49196/000004919623000020/0000049196-23-000020-index.htm,https://www.sec.gov/Archives/edgar/data/49196/000004919623000020/hban-20221231.htm,1.2924462924462925,0.446985446985447,0.9404019404019404,0.9064449064449064,5.1483021483021485,12.313929313929314,7.959805959805959,12.287595287595288,8.213444213444214,20346300000.0,24888300000.0,7.886162790697674,10.909544235924931,14.993588798820928,15.555275229357798,1.1474987310360385,1.1474987310360385,13.344932975871314,0.0,18.340677966101698,19.027752293577983,0.0317010955308827,0.0642868727975111,0.6463256443517004,0.0626551343312958,0.0,18.9549929676512,0.0,2.090909090909091,0.0124346932857571,0.3922480620155039,0.3453083109919571,0.0,0.0343509780980394,0.0361090641120117,0.0262734584450402,0.3798449612403101,0.0123324396782841,11.116585182512036,0.0,0.0036518460223187,-105.77148302148302,12766000000.0,11486000000.0,-151660000000.0,20484000000.0,3386500000.0,0.0,0.0,326.84718498659515,0.0,0.0,0.2753580392735863,0.0,0.0,0.0363769668941402,0.0339570339570339,2023-01-20,0.41,bmo,1947609939.0,2025-04-25,2022-12-31,0.024390243902439,14.472857142857142,17453144.968253966
2022-09-30,HBAN,USD,49196,2022-10-28,2022-10-28 14:21:53,2022,Q3,1795000000.0,0.0,1795000000.0,1.0,0,629000000.0,24000000.0,653000000.0,0.0,935000000.0,935000000.0,1589000000.0,185000000.0,0.0,0.0,0.0,860000000.0,0.4791086351,-117000000.0,743000000.0,0.4139275766,146000000.0,594000000.0,0.3309192201,0.39,0.39,1443000000,1465000000,https://www.sec.gov/Archives/edgar/data/49196/000004919622000113/0000049196-22-000113-index.htm,https://www.sec.gov/Archives/edgar/data/49196/000004919622000113/hban-20220930.htm,1.243936243936244,0.4116424116424116,0.5862785862785863,0.5571725571725572,17.31878031878032,11.8995148995149,7.543312543312544,11.875259875259877,7.46985446985447,19018740000.0,27927740000.0,8.0045202020202,10.595398328690807,22.48078014184397,23.655149253731345,1.1098704481792716,1.1098704481792716,15.558629526462395,0.0,33.01151300236407,34.73599502487562,0.0312323529318977,0.042274093867417,0.6182306255835668,0.0590517385536393,0.0,7.414677804295943,4.648648648648648,1.4170854271356783,0.0132500891226232,0.4242424242424242,0.3504178272980501,0.0,0.0350386283319026,0.0496453900709219,0.0233983286908078,0.2837837837837837,0.0105849582172701,10.487521814684232,0.0035215157154549,0.0034312253055754,-95.10741510741512,21502000000.0,10885000000.0,-137377000000.0,28959000000.0,0.0,0.0,0.0,0.0,0.0,0.0,0.0,0.0,0.0,0.0346638655462184,0.0291060291060291,2022-10-21,0.38,bmo,1839247838.0,2025-04-25,2022-09-30,0.0263157894736842,13.3646875,14069146.0625
2022-06-30,HBAN,USD,49196,2022-07-29,2022-07-29 12:59:23,2022,Q2,1746000000.0,0.0,1746000000.0,1.0,0,597000000.0,24000000.0,621000000.0,0.0,903000000.0,903000000.0,1331000000.0,70000000.0,0.0,0.0,0.0,800000000.0,0.4581901489,-139000000.0,661000000.0,0.3785796105,120000000.0,539000000.0,0.3087056128,0.35,0.35,1441200000,1463000000,https://www.sec.gov/Archives/edgar/data/49196/000004919622000093/0000049196-22-000093-index.htm,https://www.sec.gov/Archives/edgar/data/49196/000004919622000093/hban-20220630.htm,1.2114904246461282,0.3739938939772412,0.6765195670274771,0.6418262558978629,3.1751318345822925,12.475020815986678,8.121704135442686,12.4548986955315,7.62142658895365,17337636000.0,24147636000.0,8.041575139146566,9.929917525773195,17.78219076923077,18.74339027027027,0.9658850139275766,0.9658850139275766,13.83026116838488,0.0,24.76680615384615,26.105552432432432,0.0310884367395877,0.0533521409723909,0.6080222841225627,0.0610464140685303,0.0,1.858297669995245,11.428571428571429,1.8022181146025875,0.0145348535405865,0.4675324675324675,0.3419243986254295,0.0,0.0350930183128055,0.0512820512820512,0.0286368843069874,0.5263157894736842,0.0131729667812142,10.2374929255293,0.0036563962764436,0.0031244927771465,-108.4006383569248,1805000000.0,11705000000.0,-156895000000.0,9254000000.0,0.0,0.0,0.0,0.0,0.0,0.0,0.0,0.0,0.0,0.0300278551532033,0.0346933111296142,2022-07-21,0.34,bmo,1705310440.0,2025-04-25,2022-06-30,0.0294117647058822,13.27258064516129,13362252.983870968
2022-03-31,HBAN,USD,49196,2022-04-29,2022-04-29 12:31:32,2022,Q1,1645000000.0,0.0,1645000000.0,1.0,0,598000000.0,21000000.0,619000000.0,0.0,944000000.0,944000000.0,1195000000.0,49000000.0,0.0,0.0,0.0,698000000.0,0.4243161094,-131000000.0,567000000.0,0.3446808511,105000000.0,460000000.0,0.2796352584,0.3,0.29,1438427000,1464000000,https://www.sec.gov/Archives/edgar/data/49196/000004919622000057/0000049196-22-000057-index.htm,https://www.sec.gov/Archives/edgar/data/49196/000004919622000057/hban-20220331.htm,1.1436103465799794,0.3197937747275322,0.590228075529728,0.5394781938881849,20.698999671168576,12.84806250160766,8.667106498974226,12.827901589722662,5.011724613066913,21029802740.0,23567802740.0,11.429240619565215,12.784074613981764,24.77008567726737,27.1002612628866,1.139703161716887,1.139703161716887,14.326931756838906,0.0,27.759484970553597,30.37087981958763,0.0218737192016095,0.0369000132618457,0.3880338174723607,0.0404849142805446,0.0,2.6273006134969323,14.244897959183673,1.8376623376623376,0.0120305455608852,0.55,0.3635258358662614,0.0,0.0340050662686027,0.0859835100117785,0.0443768996960486,0.6517857142857143,0.0243161094224924,9.607360152624718,0.010859633787916,0.0026925463293569,-89.40391135594646,1061000000.0,12467000000.0,-156662000000.0,8248000000.0,3137500000.0,0.0,0.0,0.0,0.0,0.0,0.0,0.0,0.0,0.0249295469325818,0.0507498816415431,2022-04-21,0.3,bmo,1627491243.0,2025-04-25,2022-03-31,-0.0333333333333333,15.654516129032258,12932418.016129032
2021-12-31,HBAN,USD,49196,2022-02-18,2022-02-18 15:44:27,2021,Q4,1647000000.0,0.0,1647000000.0,1.0,0,473000000.0,30000000.0,503000000.0,0.0,937000000.0,937000000.0,1182000000.0,50000000.0,92000000.0,582000000.0,0.3533697632,772000000.0,0.4687310261,-282000000.0,490000000.0,0.2975106254,88000000.0,401000000.0,0.2434729812,0.26,0.26,1444000000,1471000000,https://www.sec.gov/Archives/edgar/data/49196/000004919622000023/0000049196-22-000023-index.htm,https://www.sec.gov/Archives/edgar/data/49196/000004919622000023/hban-20211231.htm,1.1405817174515236,0.2777008310249307,0.3441828254847645,0.2818559556786703,4.354570637119114,13.378116343490303,9.250692520775624,13.363573407202216,4.966759002770083,22266480000.0,23474480000.0,13.881845386533666,13.519417122040071,44.801770623742456,54.70879606879607,1.153882986992797,1.153882986992797,14.252871888281724,40.33415807560137,47.23235412474849,57.67685503685504,0.0180091330106959,0.0182785963475142,0.3690729128880137,0.040915984925085,2.075601374570447,454.6428571428572,15.44,1.2332506203473943,0.0111378179218268,0.6184538653366584,0.2871888281724347,0.0,0.0342402794374483,0.1810865191146881,0.0546448087431694,0.9782608695652174,0.0194292653309046,9.137789525616205,0.003638926182366,0.0023854280683386,-99.5510734072022,6351000000.0,13358000000.0,-148381000000.0,13475000000.0,5598000000.0,0.0,0.0,342.896174863388,0.0,0.0,0.2624701195219123,0.0,0.0,0.0207804321915323,0.0623268698060941,2022-01-21,0.32,bmo,1632710000.0,2025-04-25,2021-12-31,-0.1875,15.76,9922551.65625
2021-09-30,HBAN,USD,49196,2021-11-05,2021-11-05 16:37:04,2021,Q3,535000000.0,-1160000000.0,1695000000.0,3.1682242991,0,624000000.0,25000000.0,646000000.0,0.0,25000000.0,25000000.0,1205000000.0,45000000.0,0.0,0.0,0.0,505000000.0,0.9439252336,-37000000.0,468000000.0,0.8747663551,90000000.0,377000000.0,0.7046728972,0.23,0.22,1463000000,1487000000,https://www.sec.gov/Archives/edgar/data/49196/000004919621000096/0000049196-21-000096-index.htm,https://www.sec.gov/Archives/edgar/data/49196/000004919621000096/hban-20210930.htm,0.365686944634313,0.2576896787423103,0.3943950786056049,0.3547505126452495,7.203691045796309,13.328092959671906,9.274777853725222,13.314422419685576,5.371155160628845,22617980000.0,20242980000.0,14.998660477453583,42.27659813084112,39.19927209705373,43.57992292870905,1.1611468761230044,1.1611468761230044,37.837345794392526,0.0,35.08315424610052,39.00381502890173,0.016668155157976,0.0229463462254365,0.4010986190256173,0.0449338041615385,0.0,3780.8823529411766,11.22222222222222,1.530503978779841,0.0117605550982006,0.7055702917771883,1.166355140186916,0.0,0.0341043720309642,0.1005199306759098,0.108411214953271,2.32,0.0579439252336448,8.786197004921087,0.0013979950075561,0.0022447424202729,-95.7957963089542,128516000000.0,13569000000.0,-25829000000.0,135572000000.0,4929500000.0,0.0,0.0,827.8317757009346,0.0,0.0,0.1087177402966876,0.0,0.0,0.0193541762924174,0.0396445659603554,2021-10-28,0.36,bmo,1707460000.0,2025-04-25,2021-09-30,-0.0277777777777778,14.71890625,12959062.625
2021-06-30,HBAN,USD,49196,2021-08-06,2021-08-06 16:35:27,2021,Q2,1074000000.0,0.0,1074000000.0,1.0,0,490000000.0,15000000.0,505000000.0,0.0,732000000.0,732000000.0,935000000.0,97000000.0,203000000.0,0.0,0.0,0.0,0.0,-1000000.0,-1000000.0,-0.0009310987,14000000.0,-15000000.0,-0.0139664804,-0.05,-0.05,1125000000,1125000000,https://www.sec.gov/Archives/edgar/data/49196/000004919621000072/0000049196-21-000072-index.htm,https://www.sec.gov/Archives/edgar/data/49196/000004919621000072/hban-20210630.htm,0.9546666666666668,-0.0133333333333333,0.9768888888888888,0.9084444444444444,12.72,18.249777777777776,12.974222222222222,18.232,6.733333333333333,16053750000.0,9605750000.0,-267.5625,14.947625698324025,14.607597816196542,15.70817025440313,0.7826897762176394,0.7826897762176394,8.943901303538174,0.0,8.740445859872612,9.398972602739724,-0.0009343611305769,0.0636611383633107,0.3645848569060504,0.04268947092001,0.0,982.5,0.0,-73.26666666666667,0.0115860780191544,-12.4,0.4562383612662942,0.0,0.0338809855456351,0.0700636942675159,0.0716945996275605,0.3793103448275862,0.0353817504655493,,0.0,-8.86331003267607e-05,-121.44666666666669,133484000000.0,14596000000.0,-21021000000.0,140547000000.0,2469000000.0,0.0,0.0,413.7988826815642,0.0,0.0,0.2174969623329283,0.0,0.0,-0.0007313149041977,0.0684444444444444,2021-07-29,0.32,bmo,1288000000.0,2025-04-25,2021-06-30,0.0937499999999999,15.302380952380952,17899225.587301586
2021-03-31,HBAN,USD,49196,2021-04-30,2021-04-30 17:08:09,2021,Q1,1420000000.0,0.0,1420000000.0,1.0,0,476000000.0,14000000.0,490000000.0,0.0,14000000.0,14000000.0,869000000.0,-103000000.0,0.0,0.0,0.0,738000000.0,0.5197183099,-104000000.0,634000000.0,0.4464788732,102000000.0,532000000.0,0.3746478873,0.49,0.48,1018000000,1041000000,https://www.sec.gov/Archives/edgar/data/49196/000004919621000040/0000049196-21-000040-index.htm,https://www.sec.gov/Archives/edgar/data/49196/000004919621000040/hban-20210331.htm,1.3948919449901769,0.5225933202357563,-0.1090373280943025,-0.130648330058939,8.787819253438114,13.359528487229865,10.93320235756385,13.359528487229865,7.196463654223969,16002960000.0,14842960000.0,7.520187969924813,11.26969014084507,-144.17081081081082,-120.323007518797,1.1766882352941177,1.1766882352941177,10.452788732394366,0.0,-133.72036036036036,-111.6012030075188,0.0332438498877707,-0.0083109624719426,0.54625,0.0590690795750906,0.0,41.17808219178082,-7.165048543689321,-0.2086466165413533,0.0117478266520693,0.3533834586466165,0.3352112676056338,0.0,0.0196393359201068,-0.1981981981981982,0.0154929577464788,0.3098591549295774,0.0197183098591549,12.533395703113603,0.0049238927135778,0.0043147496309753,-101.39685658153242,8799000000.0,11130000000.0,-103150000000.0,12016000000.0,0.0,0.0,0.0,0.0,0.0,0.0,0.0,0.0,0.0,0.0391176470588235,0.0216110019646365,2021-04-22,0.35,bmo,1224640000.0,2025-04-25,2021-03-31,0.3714285714285714,14.99377049180328,12563606.016393442
2020-12-31,HBAN,USD,49196,2021-02-26,2021-02-26 17:19:33,2020,Q4,1130000000.0,-104000000.0,1234000000.0,1.0920353982,0,433000000.0,15000000.0,448000000.0,0.0,659000000.0,659000000.0,878000000.0,53000000.0,109000000.0,0.0,0.0,471000000.0,0.4168141593,-96000000.0,375000000.0,0.3318584071,59000000.0,316000000.0,0.2796460177,0.28,0.27,1017000000,1036000000,https://www.sec.gov/Archives/edgar/data/49196/000004919621000018/0000049196-21-000018-index.htm,https://www.sec.gov/Archives/edgar/data/49196/000004919621000018/hban-20201231.htm,1.1111111111111112,0.3107177974434612,0.0629301868239921,0.0265486725663716,6.783677482792527,12.775811209439528,10.398230088495575,12.775811209439528,8.444444444444445,12844710000.0,14784710000.0,10.16195411392405,11.367,200.69859375,475.73,0.9885869314246132,0.9885869314246132,13.083814159292036,0.0,231.01109375,547.5818518518519,0.024601567493544,0.0021020326655876,0.6568921727083814,0.0693688128870755,0.0,11.776785714285714,8.88679245283019,0.2025316455696202,0.0142471102889827,0.5791139240506329,0.3831858407079646,0.0,0.0196524650920853,0.578125,0.0327433628318584,0.3394495412844037,0.0150442477876106,9.450799870375365,0.003376372808398,0.0026197977118222,-101.42182890855456,1207000000.0,10575000000.0,-108726000000.0,4382000000.0,0.0,0.0,0.0,0.0,0.0,0.0,0.0,0.0,0.0,0.0243207881166782,0.0363815142576204,2021-01-22,0.29,bmo,1319103448.0,2025-04-25,2020-12-31,-0.0689655172413791,11.36390625,9780503.53125
2020-09-30,HBAN,USD,49196,2020-10-30,2020-10-30 16:39:25,2020,Q3,1069000000.0,0.0,1069000000.0,1.0,0,459000000.0,9000000.0,468000000.0,0.0,656000000.0,656000000.0,892000000.0,75000000.0,0.0,0.0,0.0,413000000.0,0.3863423761,-55000000.0,358000000.0,0.3348924228,55000000.0,303000000.0,0.2834424696,0.27,0.27,1017000000,1031000000,https://www.sec.gov/Archives/edgar/data/49196/000004919620000059/0000049196-20-000059-index.htm,https://www.sec.gov/Archives/edgar/data/49196/000004919620000059/hban-20200930.htm,1.0511307767944935,0.2979351032448377,0.5398230088495575,0.5073746312684366,6.509341199606686,12.701081612586036,10.332350049164209,12.701081612586036,9.312684365781712,9325890000.0,12446890000.0,7.694628712871287,8.723938260056126,16.98704918032787,18.07343023255813,0.7219857552063172,0.7219857552063172,11.643489242282508,0.0,22.67193078324226,24.12187984496124,0.0324901966461109,0.055329839832981,0.7274134861035845,0.0782243830963402,0.0,29.594594594594597,5.506666666666667,1.811881188118812,0.0183360515725576,0.5643564356435643,0.4293732460243218,0.0,0.0200556129075227,0.0601092896174863,0.0308699719363891,0.4125,0.0187090739008419,9.227253458383808,0.002910105892051,0.0025741884509842,-98.897738446411,6348000000.0,10508000000.0,-100629000000.0,9509000000.0,0.0,0.0,0.0,0.0,0.0,0.0,0.0,0.0,0.0,0.0234574591623441,0.0324483775811209,2020-10-22,0.25,bmo,1147240000.0,2025-04-25,2020-09-30,0.08,9.311875,9016874.546875
2020-06-30,HBAN,USD,49196,2020-07-31,2020-07-31 16:51:40,2020,Q2,855000000.0,0.0,855000000.0,1.0,0,427000000.0,5000000.0,432000000.0,0.0,610000000.0,610000000.0,902000000.0,110000000.0,0.0,0.0,0.0,245000000.0,0.2865497076,-64000000.0,181000000.0,0.2116959064,31000000.0,150000000.0,0.1754385965,0.13,0.13,1016000000,1029000000,https://www.sec.gov/Archives/edgar/data/49196/000004919620000046/0000049196-20-000046-index.htm,https://www.sec.gov/Archives/edgar/data/49196/000004919620000046/hban2020063010q.htm,0.8415354330708661,0.1476377952755905,0.2086614173228346,0.171259842519685,6.525590551181103,12.12007874015748,9.756889763779528,12.12007874015748,9.851377952755906,9184640000.0,12790640000.0,15.307733333333331,10.742269005847954,43.32377358490566,52.78528735632184,0.7458697417573493,0.7458697417573493,14.959812865497076,0.0,60.33320754716981,73.50942528735632,0.0163316145216361,0.0189446728450979,0.8038817605976937,0.0835887692632467,0.0,44.6986301369863,2.227272727272727,1.413333333333333,0.0186180405546651,1.14,0.4994152046783626,0.0,0.0202744352966012,0.1792452830188679,0.0444444444444444,0.6440677966101694,0.0292397660818713,6.34516259324193,0.0017144916532248,0.0012928359649727,-97.91437007874016,6380000000.0,9913000000.0,-99585000000.0,9532000000.0,0.0,0.0,0.0,0.0,0.0,0.0,0.0,0.0,0.0,0.0121812571057333,0.0374015748031496,2020-07-23,0.04356,bmo,364000000.0,2025-04-25,2020-06-30,1.984389348025712,8.85142857142857,12656992.142857144
2020-03-31,HBAN,USD,49196,2020-05-01,2020-05-01 16:40:34,2020,Q1,708000000.0,0.0,708000000.0,1.0,0,404000000.0,9000000.0,413000000.0,0.0,581000000.0,581000000.0,975000000.0,185000000.0,119000000.0,0.0,0.0,127000000.0,0.1793785311,-69000000.0,58000000.0,0.081920904,10000000.0,48000000.0,0.0677966102,0.03,0.03,1018000000,1035000000,https://www.sec.gov/Archives/edgar/data/49196/000004919620000028/0000049196-20-000028-index.htm,https://www.sec.gov/Archives/edgar/data/49196/000004919620000028/hban2020033110q.htm,0.6954813359528488,0.0471512770137524,0.4891944990176817,0.4783889980353634,2.1208251473477406,11.56090373280943,9.196463654223969,11.56090373280943,12.580550098231829,8357780000.000001,19075780000.0,43.53010416666667,11.804774011299436,16.78269076305221,17.1617659137577,0.7101520944855129,0.7101520944855129,26.94319209039548,0.0,38.304779116465866,39.169979466119095,0.0057431518896166,0.0582690618800686,1.0724785453309542,0.1108194245678112,0.0,0.7158527954706299,0.6864864864864865,10.375,0.0206992766021599,3.6041666666666665,0.5706214689265536,0.0,0.0211331290551989,0.0220883534136546,0.0155367231638418,0.0924369747899159,0.0211864406779661,3.502143047447948,0.0009227938249107,0.0004305318862678,-98.20137524557956,-803000000.0,9362000000.0,-100105000000.0,2347000000.0,0.0,0.0,0.0,0.0,0.0,0.0,0.0,0.0,0.0,0.0040785113433596,0.0108055009823182,2020-04-23,0.17,bmo,6522333333.0,2025-04-25,2020-03-31,-0.823529411764706,12.300483870967742,13374984.967741936
2019-12-31,HBAN,USD,49196,2020-02-14,2020-02-14 16:31:44,2019,Q4,1072000000.0,-80000000.0,1152000000.0,1.0746268657,0,436000000.0,9000000.0,445000000.0,0.0,621000000.0,621000000.0,1011000000.0,231000000.0,78000000.0,0.0,0.0,451000000.0,0.4207089552,-79000000.0,372000000.0,0.3470149254,55000000.0,317000000.0,0.2957089552,0.29,0.28,1028621000,1047123000,https://www.sec.gov/Archives/edgar/data/49196/000004919620000010/0000049196-20-000010-index.htm,https://www.sec.gov/Archives/edgar/data/49196/000004919620000010/hban2019-12x31x10k.htm,1.0421719953218922,0.3081795919002237,0.6571905492888052,0.6328861650695445,1.459235228524403,11.466808474647124,9.070396190628037,11.466808474647124,11.32098216933156,15511604680.0,25653604680.0,12.233126719242902,14.469780485074628,22.94616076923077,23.827349738863287,1.3151000152607035,1.3151000152607035,23.93060138059701,0.0,37.94911934911243,39.40645880184332,0.020436312460227,0.0419685785855135,0.9676981771937262,0.1047136749784407,0.0,0.876038338658147,1.9523809523809523,2.132492113564669,0.0112174081011971,0.5488958990536278,0.4067164179104477,0.0,0.0226142639584594,0.03698224852071,0.023320895522388,0.3205128205128205,0.0177238805970149,8.916911910105567,0.003525805879462,0.0029754920825628,-93.04301584354198,-194000000.0,9330000000.0,-95836000000.0,3034000000.0,0.0,0.0,0.0,0.0,0.0,0.0,0.0,0.0,0.0,0.026875794828317,0.0243043842192605,2020-01-23,0.31,bmo,1275428571.0,2025-04-25,2019-12-31,-0.096774193548387,14.6628125,7743865.609375
2019-09-30,HBAN,USD,49196,2019-10-28,2019-10-28 17:24:18,2019,Q3,1104000000.0,0.0,1104000000.0,1.0,0,414000000.0,10000000.0,424000000.0,0.0,598000000.0,598000000.0,1052000000.0,253000000.0,0.0,0.0,0.0,506000000.0,0.4583333333,-67000000.0,439000000.0,0.3976449275,67000000.0,372000000.0,0.3369565217,0.34,0.34,1034940000,1051273000,https://www.sec.gov/Archives/edgar/data/49196/000004919619000071/0000049196-19-000071-index.htm,https://www.sec.gov/Archives/edgar/data/49196/000004919619000071/hban2019093010q.htm,1.0667285060003475,0.3594411270218563,0.0444470210833478,0.0144935938315264,1.9798249173865152,11.506947262643244,9.144491468104432,11.506947262643244,11.884746941851702,14768593800.0,25057593800.0,9.925130241935484,13.377349456521738,321.0563869565217,984.57292,1.2401203963389034,1.2401203963389034,22.69709583333333,0.0,544.7303,1670.5062533333332,0.0251885863365,0.0010156688038911,1.011587874716601,0.1107922931898652,0.0,0.8633225954901058,2.0,0.1236559139784946,0.0111723568428024,0.4435483870967742,0.375,0.0,0.022485860118637,0.6739130434782609,0.0280797101449275,0.2980769230769231,0.0144927536231884,9.64684285582464,0.0039432978109304,0.0034998588766581,-91.5772895047056,-297000000.0,9464000000.0,-94950000000.0,2923000000.0,0.0,0.0,0.0,0.0,0.0,0.0,0.0,0.0,0.0,0.0312368796708371,0.0299534272518213,2019-10-24,0.33,bmo,1153058823.0,2025-04-25,2019-09-30,0.0303030303030303,13.6759375,8441738.078125
2019-06-30,HBAN,USD,49196,2019-07-29,2019-07-29 17:15:50,2019,Q2,1127000000.0,0.0,1127000000.0,1.0,0,436000000.0,11000000.0,447000000.0,0.0,618000000.0,618000000.0,1068000000.0,256000000.0,73000000.0,0.0,0.0,509000000.0,0.4516415262,-82000000.0,427000000.0,0.3788819876,63000000.0,364000000.0,0.3229813665,0.33,0.33,1044802000,1060280000,https://www.sec.gov/Archives/edgar/data/49196/000004919619000054/0000049196-19-000054-index.htm,https://www.sec.gov/Archives/edgar/data/49196/000004919619000054/hban2019063010q.htm,1.0786732797218994,0.3483913698480669,0.3397772975166586,0.3139350805224339,1.969751206448686,11.167666218096826,8.802624803551295,11.167666218096826,12.815825390839604,14439163640.0,25826163640.0,9.917007994505497,12.812035173025732,40.6737003943662,44.021840365853656,1.237501169009256,1.237501169009256,22.9158506122449,0.0,72.74975673239436,78.73830378048781,0.0252092163421177,0.0227159971434467,1.125642783681865,0.1213336166360268,0.0,0.4621485219899062,1.98828125,0.9752747252747253,0.0114965107494273,0.456043956043956,0.3868677905944986,0.0,0.0228274224689829,0.076056338028169,0.0239574090505767,0.3698630136986301,0.0275066548358473,9.356343674956394,0.004008440320233,0.0034412343064589,-90.46785898189322,-2238000000.0,9197000000.0,-94656000000.0,1007000000.0,0.0,0.0,0.0,0.0,0.0,0.0,0.0,0.0,0.0,0.0311964346931779,0.0258422169942247,2019-07-25,0.32,bmo,1150060606.0,2025-04-25,2019-06-30,0.03125,13.421111111111111,10450903.015873017
2019-03-31,HBAN,USD,49196,2019-04-29,2019-04-29 17:29:31,2019,Q1,1073000000.0,0.0,1073000000.0,1.0,0,402000000.0,7000000.0,409000000.0,0.0,576000000.0,576000000.0,1070000000.0,248000000.0,0.0,0.0,0.0,497000000.0,0.4631873253,-76000000.0,421000000.0,0.3923578751,63000000.0,358000000.0,0.3336439888,0.32,0.32,1046995000,1065638000,https://www.sec.gov/Archives/edgar/data/49196/000004919619000028/0000049196-19-000028-index.htm,https://www.sec.gov/Archives/edgar/data/49196/000004919619000028/hban20190331_10q.htm,1.0248377499414991,0.3419309547801087,0.4746918562170784,0.4517691106452275,1.659033710762707,10.91886780739163,8.52821646712735,10.91886780739163,11.948481129327265,13757514300.0,24536514300.0,9.607202723463688,12.821541752096923,27.681115291750505,29.085653911205075,1.2034214748075578,1.2034214748075578,22.86720810810811,0.0,49.36924406438632,51.87423742071881,0.0260221426773294,0.0343812108558011,1.0726032190342898,0.1133240298328142,0.0,0.5761705101327743,2.004032258064516,1.388268156424581,0.0120661331967505,0.4636871508379888,0.3746505125815471,0.0,0.0231324454959659,0.0482897384305835,0.0223671947809878,0.183206106870229,0.015843429636533,9.165354609955486,0.0039058720958272,0.0033869441816461,-90.76834177813647,-1213000000.0,8929000000.0,-95122000000.0,2074000000.0,0.0,0.0,0.0,0.0,0.0,0.0,0.0,0.0,0.0,0.0313156053184044,0.0229227455718508,2019-04-25,0.32,bmo,1141000000.0,2025-04-25,2019-03-31,0.0,13.439016393442625,14089460.606557377
2018-12-31,HBAN,USD,49196,2019-02-15,2019-02-15 16:06:44,2018,Q4,1107000000.0,-55000000.0,1162000000.0,1.0496838302,0,408000000.0,15000000.0,423000000.0,0.0,604000000.0,604000000.0,1056000000.0,223000000.0,143000000.0,0.0,0.0,503000000.0,0.4543812105,-112000000.0,391000000.0,0.3532068654,57000000.0,334000000.0,0.3017163505,0.3,0.29,1054460000,1073055000,https://www.sec.gov/Archives/edgar/data/49196/000004919619000018/0000049196-19-000018-index.htm,https://www.sec.gov/Archives/edgar/data/49196/000004919619000018/hban2018-12x31x10k.htm,1.0498264514538247,0.3167498055876941,0.5519412780001138,0.5064203478557745,2.709443696299528,10.52861180130114,8.134969557877966,10.52861180130114,10.303852208713463,12569163200.0,20539163200.0,9.40805628742515,11.354257633243,21.59650034364261,23.53775880149813,1.132153053503873,1.132153053503873,18.553896296296298,0.0,35.29065841924399,38.46285243445693,0.026572970267424,0.0424849285113904,0.9585660241397946,0.0978295842104779,0.0,219.23076923076923,2.25560538116592,1.7425149700598803,0.0136047242985913,0.5119760479041916,0.3685636856368564,0.0,0.0232025813331372,0.0824742268041237,0.043360433604336,0.3356643356643357,0.017163504968383,8.662335376579163,0.0039498867841911,0.003143322322294,-89.92470079471957,2837000000.0,8578000000.0,-94829000000.0,6151000000.0,1099000000.0,0.0,0.0,0.0,0.0,0.0,0.0,0.0,0.0,0.0300846694289317,0.0455209301443392,2019-01-24,0.33,bmo,1322275862.0,2025-04-25,2018-12-31,-0.1212121212121213,13.876031746031748,14069649.142857144
2018-09-30,HBAN,USD,49196,2018-10-30,2018-10-30 17:10:03,2018,Q3,1090000000.0,0.0,1090000000.0,1.0,0,406000000.0,12000000.0,418000000.0,0.0,12000000.0,12000000.0,1007000000.0,205000000.0,0.0,0.0,0.0,528000000.0,0.4844036697,-88000000.0,440000000.0,0.4036697248,62000000.0,378000000.0,0.3467889908,0.33,0.33,1084536000,1103740000,https://www.sec.gov/Archives/edgar/data/49196/000004919618000063/0000049196-18-000063-index.htm,https://www.sec.gov/Archives/edgar/data/49196/000004919618000063/hban20180930_10q.htm,1.005038099242441,0.3485361481776538,0.4997528897150486,0.4776236104656738,13.894421208701232,10.081730804694358,7.73049488444828,10.081730804694358,10.085419017902588,16192122480.0,25583122480.0,10.709075714285715,14.85515823853211,29.87476472324723,31.258923706563703,1.480896513627218,1.480896513627218,23.47075456880734,0.0,47.20133298892989,49.38826733590734,0.0233446850755293,0.0319908647331328,0.9816169745747212,0.1015882330670503,0.0,58.92804154302671,2.575609756097561,1.433862433862434,0.0088314549359806,0.3783068783068783,0.3724770642201835,0.0,0.0241358421989172,0.044280442804428,0.0220183486238532,0.1967213114754098,0.0137614678899082,8.891657409432947,0.0024701173523565,0.0036662722352621,-71.92061858711928,78087000000.0,8384000000.0,-15283000000.0,81464000000.0,2218500000.0,0.0,0.0,181.4862385321101,0.0,0.0,0.4959053685168335,0.0,0.0,0.0345710627400768,0.0221292792493748,2018-10-23,0.32,bmo,1109333333.0,2025-04-25,2018-09-30,0.03125,15.635396825396825,9217056.507936507
2018-06-30,HBAN,USD,49196,2018-07-30,2018-07-30 17:13:46,2018,Q2,1065000000.0,0.0,1065000000.0,1.0,0,414000000.0,18000000.0,432000000.0,0.0,571000000.0,571000000.0,972000000.0,188000000.0,0.0,0.0,0.0,494000000.0,0.4638497653,-82000000.0,412000000.0,0.3868544601,57000000.0,355000000.0,0.3333333333,0.3,0.3,1103337000,1122612000,https://www.sec.gov/Archives/edgar/data/49196/000004919618000052/0000049196-18-000052-index.htm,https://www.sec.gov/Archives/edgar/data/49196/000004919618000052/hban20180630_10q.htm,0.9652535897916956,0.3217511965972318,0.2791531508505561,0.2592136400755163,14.041947292622291,10.397548527784348,8.077314546688818,10.397548527784348,11.1987543243814,16285254120.0,27030254120.0,11.46848881690141,15.29131842253521,52.874201688311686,56.94144797202797,1.4195653870292888,1.4195653870292888,25.380520300469485,0.0,87.76056532467533,94.51137804195804,0.021798861558078,0.0175618997341135,1.0606694560669456,0.1154919417604738,0.0,32.155610155610155,2.627659574468085,0.8676056338028169,0.008166897428801,0.3746478873239436,0.3887323943661971,0.0,0.0242981074052278,0.0714285714285714,0.0206572769953051,0.1788617886178861,0.0272300469483568,8.675945643621738,0.0023343278152842,0.0034533745792719,-69.5288474872138,76082000000.0,8912000000.0,-15362000000.0,79482000000.0,2220000000.0,0.0,0.0,189.2112676056338,0.0,0.0,0.4756587762393925,0.0,0.0,0.0309449093444909,0.0199395107750397,2018-07-25,0.29,bmo,1082666666.0,2025-04-25,2018-06-30,0.0344827586206896,15.039375,8326623.921875
2018-03-31,HBAN,USD,49196,2018-04-30,2018-04-30 07:48:20,2018,Q1,1011000000.0,0.0,1011000000.0,1.0,0,394000000.0,8000000.0,402000000.0,0.0,549000000.0,549000000.0,914000000.0,144000000.0,0.0,0.0,0.0,462000000.0,0.4569732938,-77000000.0,385000000.0,0.3808110781,59000000.0,326000000.0,0.3224530168,0.29,0.28,1083836000,1124778000,https://www.sec.gov/Archives/edgar/data/49196/000004919618000022/0000049196-18-000022-index.htm,https://www.sec.gov/Archives/edgar/data/49196/000004919618000022/hban20180331_10q.htm,0.932797950981514,0.3007835133728719,0.271258751324001,0.2564963702995656,1.178222535512753,10.43331278901974,8.060260039341745,10.43331278901974,10.717488623740124,16365923600.0,26722923600.0,12.55055490797546,16.187857171117706,55.666406802721085,58.870228776978415,1.4472871949062611,1.4472871949062611,26.432169732937684,0.0,90.89429795918367,96.12562446043164,0.0199194379717133,0.0169865145893752,1.0145030067209055,0.1100473879093682,0.0,26.889978976874563,3.208333333333333,0.901840490797546,0.0083710521537568,0.4202453987730061,0.3897131552917903,0.0,0.0246724094929301,0.0544217687074829,0.0158259149357072,0.1523809523809524,0.0148367952522255,8.402903708123054,0.0021762349799732,0.0032063261010681,-83.04785041279308,73890000000.0,8736000000.0,-16194000000.0,77309000000.0,2176000000.0,0.0,0.0,195.9347181008902,0.0,0.0,0.4593366651522035,0.0,0.0,0.0288291475061903,0.0147623810244354,2018-04-24,0.28,bmo,1084000000.0,2025-04-25,2018-03-31,0.0,15.717868852459016,10533796.573770491
2017-12-31,HBAN,USD,49196,2018-02-16,2018-02-16 17:01:33,2017,Q4,1043000000.0,-63302000.0,1106302000.0,1.0606922339,0,392000000.0,10264000.0,402148000.0,0.0,544000000.0,544000000.0,893229000.0,124149000.0,105937000.0,0.0,0.0,499000000.0,0.4784276127,-87278000.0,411722000.0,0.3947478428,-19875000.0,431597000.0,0.4138034516,0.38,0.37,1077397000,1130117000,https://www.sec.gov/Archives/edgar/data/49196/000004919618000008/0000049196-18-000008-index.htm,https://www.sec.gov/Archives/edgar/data/49196/000004919618000008/hban2017-12x31x10k.htm,0.968073978301406,0.4005923536078158,0.7868083909645192,0.7409914822484192,2.0707315873350307,10.037154363711798,7.645278388560577,10.037154363711798,13.352690790859825,15686900320.0,28428900320.0,9.08654388237175,15.04017288590604,18.505140727021782,19.649348675129204,1.4506103495468838,1.4506103495468838,27.256855532118887,0.0,33.536313127798,35.6099269736529,0.0275132110994379,0.0508922721324463,1.318845940447568,0.1368911071651389,0.0,20.357945425361155,4.0193638289474745,1.964112354812476,0.0068066346965861,0.2473951394472158,0.3758389261744966,0.0,0.0247348466669866,0.058231342271191,0.0473279002876318,0.4659656210766776,0.0184592521572387,9.511475386442212,0.0029074182752993,0.0042476675064955,-83.09541422521131,72360000000.0,8237000000.0,-17273000000.0,75801000000.0,2103135000.0,0.0,0.0,185.60882070949185,0.0,0.0,0.4848907484890749,0.0,0.0,0.0399109487701128,0.0458169087161,2018-01-23,0.26,bmo,1108300000.0,2025-04-25,2017-12-31,0.0,14.05,8293271.380952381
2017-09-30,HBAN,USD,49196,2017-10-30,2017-10-30 17:19:17,2017,Q3,1044000000.0,0.0,1044000000.0,1.0,0,395602000.0,17000000.0,412572000.0,0.0,558000000.0,558000000.0,872987000.0,114554000.0,0.0,0.0,0.0,486000000.0,0.4655172414,-121488000.0,364512000.0,0.3491494253,89944000.0,274568000.0,0.2629961686,0.24,0.23,1086038000,1106491000,https://www.sec.gov/Archives/edgar/data/49196/000004919617000059/0000049196-17-000059-index.htm,https://www.sec.gov/Archives/edgar/data/49196/000004919617000059/hban20170930_10q.htm,0.9612923304709412,0.2528161998014802,0.5036656175934912,0.4742007185752248,1.860321646203908,9.851265793646265,7.473412532526486,9.851265793646265,10.261896913367671,15161090480.0,24947518480.0,13.804495134174411,14.522117318007664,27.716801608775143,29.4390106407767,1.4170767790067886,1.4170767790067886,23.89609049808429,0.0,45.60789484460695,48.44178345631068,0.018110042965722,0.0339685328492281,1.030975948908149,0.1081523549123747,0.0,40.62337166154063,4.242540635857325,1.989090909090909,0.0070122924297725,0.3872046269048104,0.3789291187739463,0.0,0.0253209770713896,0.0585009140767824,0.0306513409961685,0.3325089881335855,0.0201149425287356,7.48582597824977,0.0020926404999553,0.0027620954925848,-80.77750916634592,72492900000.0,8116410000.0,-16966828000.0,75928629000.0,2035879000.0,0.0,0.0,177.17844827586208,0.0,0.0,0.5079624574873375,0.0,0.0,0.0256633213535399,0.0294648990182663,2017-10-25,0.25,bmo,1183152173.0,2025-04-25,2017-09-30,-0.0799999999999999,13.146349206349209,8849114.57142857
2017-06-30,HBAN,USD,49196,2017-07-31,2017-07-31 07:17:38,2017,Q2,1048000000.0,0.0,1048000000.0,1.0,0,412000000.0,19000000.0,431000000.0,0.0,554000000.0,554000000.0,846000000.0,101000000.0,0.0,0.0,0.0,353947000.0,0.337735687,-3559000.0,350388000.0,0.3343396947,78647000.0,271741000.0,0.2592948473,0.23,0.23,1088934000,1108527000,https://www.sec.gov/Archives/edgar/data/49196/000004919617000045/0000049196-17-000045-index.htm,https://www.sec.gov/Archives/edgar/data/49196/000004919617000045/hban20170630_10q.htm,0.9624091083573476,0.2495477228188301,0.1496876762044348,0.0964245766961083,2.1421096228054224,9.784047518031397,7.404320188367707,9.784047518031397,12.113083070231989,14722387680.0,26219111680.0,13.54450347941606,14.048079847328244,90.32139680981597,140.213216,1.3818412037639305,1.3818412037639305,25.018236335877862,0.0,160.85344588957057,249.70582552380952,0.0184576718061264,0.0071319953177594,1.228564332766232,0.1290776428270145,0.0,16.296819791090336,3.504425742574257,0.5992647058823529,0.0071999190826905,0.3900773162680641,0.3931297709923664,0.0,0.0255541693124874,0.3558282208588957,0.0553435114503816,0.0,0.0515267175572519,7.41186228330702,0.0015787452731665,0.0027499859763779,-79.80980940993669,69644539000.0,8062816000.0,-16555181000.0,73091252000.0,2017267500.0,0.0,0.0,173.17167938931297,0.0,0.0,0.5197154657007629,0.0,0.0,0.0255055714272573,0.0532630995083264,2017-07-21,0.23,bmo,1069700000.0,2025-04-25,2017-06-30,0.0,12.941904761904762,9473807.095238095
2017-03-31,HBAN,USD,49196,2017-04-28,2017-04-28 15:57:54,2017,Q1,972000000.0,0.0,972000000.0,1.0,0,402000000.0,14000000.0,416000000.0,0.0,548000000.0,548000000.0,820000000.0,90000000.0,0.0,0.0,0.0,424000000.0,0.4362139918,-156622000.0,267378000.0,0.2750802469,59284000.0,208094000.0,0.2140884774,0.17,0.17,1086374000,1108617000,https://www.sec.gov/Archives/edgar/data/49196/000004919617000019/0000049196-17-000019-index.htm,https://www.sec.gov/Archives/edgar/data/49196/000004919617000019/hban20170331_10q.htm,0.8947194980734074,0.1915491350124358,0.3645153510669437,0.3138882189743127,2.016271560254572,9.607323997076511,7.206097531789236,9.607323997076511,9.787209561348115,14546547860.0,23717249860.0,17.4759337847319,14.965584218106995,36.73370671717172,42.65849812316715,1.3937283684899715,1.3937283684899715,24.40046281893004,0.0,59.8920451010101,69.55205237536657,0.0143053872302043,0.0234419879741831,1.010100748796582,0.10537774680254,0.0,57.6046057161853,4.711111111111111,1.9029861504896823,0.0072869522734997,0.5093851816967332,0.4135802469135802,0.0,0.0260744345678055,0.1388888888888889,0.0565843621399176,0.260419132756939,-0.0020576131687242,6.434763284849338,0.0019263216705917,0.0021356801299746,-79.07442441553277,71515957000.0,7828517000.0,-16828972000.0,74977169000.0,2040023500.0,0.0,0.0,186.8562037037037,0.0,0.0,0.4816537969631034,0.0,0.0,0.0199378240049699,0.050627132092631,2017-04-19,0.21,bmo,1287794117.0,2025-04-25,2017-03-31,-0.1904761904761903,13.663225806451614,11149214.451612905
2016-12-31,HBAN,USD,49196,2017-02-22,2017-02-22 06:37:21,2016,Q4,971072000.0,-98246000.0,1069318000.0,1.1011727246,0,375527000.0,21478000.0,397005000.0,0.0,551868000.0,551868000.0,814858000.0,79877000.0,80328000.0,0.0,0.0,419204000.0,0.4316919858,-106289000.0,312915000.0,0.3222366622,73952000.0,238963000.0,0.24608165,0.18,0.18,1085253000,1104358000,https://www.sec.gov/Archives/edgar/data/49196/000004919617000009/0000049196-17-000009-index.htm,https://www.sec.gov/Archives/edgar/data/49196/000004919617000009/hban20161231_10k.htm,0.8947885884673896,0.2201910522246886,0.4879009779286489,0.435609023886596,2.053898952594464,9.498246031109796,7.0832469479467,9.498246031109796,11.132602259565282,14347044660.0,24905857660.0,15.009692567468605,14.774439650201016,27.095662025775457,30.348315289817364,1.3918359196740395,1.3918359196740395,25.64779713553681,0.0,47.03691370661912,52.68338105451976,0.0166559041017162,0.0329507582365049,1.164320236709352,0.1203623663678119,0.0,0.5665629672354795,5.248118982936265,2.2158074681017563,0.0058913178290754,0.3537074777266774,0.3867138584986489,0.0,0.0262840223037888,0.1071773913306238,0.0584405687734792,0.7064784384025495,0.0175476174784156,6.859821260592609,0.0031784421278611,0.0024611734827953,-78.9037210678063,-1059565000.0,7687115000.0,-88021000000.0,2376828000.0,2169635500.0,0.0,0.0,191.10838331246293,0.0,0.0,0.470936954413191,0.0,0.0,0.0231822856034148,0.0522919540420528,2017-01-25,0.22,bmo,1306922222.0,2025-04-25,2016-12-31,-0.1818181818181818,11.655238095238095,14185875.53968254
2016-09-30,HBAN,USD,49196,2016-11-08,2016-11-08 16:05:23,2016,Q3,861457000.0,0.0,861457000.0,1.0,0,419964000.0,14438000.0,434402000.0,0.0,489624000.0,489624000.0,694346000.0,68956000.0,0.0,0.0,0.0,371833000.0,0.4316326874,-220080000.0,151753000.0,0.1761585314,24749000.0,127004000.0,0.1474292971,0.12,0.11,938578000,952081000,https://www.sec.gov/Archives/edgar/data/49196/000004919616000085/0000049196-16-000085-index.htm,https://www.sec.gov/Archives/edgar/data/49196/000004919616000085/hban20160930_10q.htm,0.9178320821498054,0.1353153387358323,0.425290173006399,0.3785790845300018,2.8196409888149945,11.066491010869637,8.281362870214302,11.066491010869637,11.949614203614404,9254379080.0,18688016080.0,18.21670789896381,10.742705764768294,23.18417077521244,26.04475630829154,0.8909779974804474,0.8909779974804474,21.69349843346795,0.0,46.81742043450377,52.594001227042206,0.0137236651861898,0.0383954446784991,1.073162721983216,0.1106201897929023,0.0,35.154065093258374,5.392322640524393,3.1429561273660678,0.0081157254690716,0.5913672010330383,0.4875043095592699,0.0,0.0259420365392839,0.1098334535834535,0.0508928478148067,0.4807500411206755,0.0241091546066721,5.804565835998376,0.0017837422294666,0.0012939607800817,-91.65380048328429,73366962000.0,7772705000.0,-14863567000.0,76809462000.0,2003349000.0,0.0,0.0,237.9159841988631,0.0,0.0,0.3782847979006451,0.0,0.0,0.0122274837256835,0.0467110884763972,2016-10-26,0.21,bmo,1771254545.0,2025-04-25,2016-09-30,0.0476190476190476,9.521875,12990988.078125
2016-06-30,HBAN,USD,49196,2016-07-29,2016-07-29 13:41:36,2016,Q2,776993000.0,0.0,776993000.0,1.0,0,311136000.0,14773000.0,325909000.0,0.0,441536000.0,441536000.0,565658000.0,59777000.0,103146000.0,0.0,0.0,318243000.0,0.4095828405,-89420000.0,228823000.0,0.2944981486,54283000.0,174540000.0,0.2246352284,0.19,0.19,798167000,810371000,https://www.sec.gov/Archives/edgar/data/49196/000004919616000071/0000049196-16-000071-index.htm,https://www.sec.gov/Archives/edgar/data/49196/000004919616000071/hban20160630_10q.htm,0.9734717170717406,0.2186760414800411,0.1188322744488308,0.1091989520989968,2.418085438260414,9.405680766055225,8.298140614683394,9.405680766055225,12.461479865742382,7135612980.0,16110101980.0,10.220598401512548,9.183625824170877,75.2320869180162,81.86891749561147,0.9504894140426442,0.9504894140426442,20.73390877395292,0.0,169.85178369601888,184.83578265009925,0.0244604073243893,0.0122146478857938,1.3169261561807009,0.1336853006916446,0.0,18.09808575529868,5.323836927246266,0.5434169817806807,0.010618008601694,0.4340896069668843,0.400436039964324,0.0,0.0119534007192604,0.0810665485829959,0.009895842047483,0.0745448199639346,0.0212756099475799,6.8027886443930585,0.001881562995624,0.0023886679098122,-79.20598916016323,53969988000.0,6623302000.0,-9320232000.0,55450632000.0,1705851000.0,0.0,0.0,200.3215344282381,0.0,0.0,0.4492777087439944,0.0,0.0,0.0232493582250032,0.009633322349834,2016-07-21,0.21,bmo,858789473.0,2025-04-25,2016-06-30,-0.0952380952380951,9.83078125,11508146.171875
2016-03-31,HBAN,USD,49196,2016-04-29,2016-04-29 12:32:02,2016,Q1,744933000.0,0.0,744933000.0,1.0,0,296605000.0,12268000.0,308873000.0,0.0,431975000.0,431975000.0,557251000.0,54185000.0,105103000.0,0.0,0.0,301716000.0,0.4050243445,-75445000.0,226271000.0,0.3037467799,54957000.0,171314000.0,0.2299723599,0.21,0.2,795755000,808349000,https://www.sec.gov/Archives/edgar/data/49196/000004919616000041/0000049196-16-000041-index.htm,https://www.sec.gov/Archives/edgar/data/49196/000004919616000041/hban-2016033110q.htm,0.9361336089625576,0.2152848552632405,0.2410163932366117,0.2257390779825449,2.266661221104486,8.994816243693096,7.867857569226709,8.994816243693096,10.632634416371872,7591502699.999999,15115373700.0,11.078345465052475,10.190853002887506,39.58236977944627,42.2611808520706,1.0606108831505223,1.0606108831505223,20.290917035491784,0.0,78.81210542781167,84.145862397221,0.0225665466732956,0.0236623771470172,1.1745144718881984,0.1157242868594048,0.0,35.156269168229514,5.568256897665406,1.1195232146818124,0.0084559016227445,0.37470959758105,0.3981633247553807,0.0,0.0123447368349688,0.063387037906043,0.0163195884730573,0.1156674880831184,0.0151261925569145,6.60076310328704,0.0018052763641111,0.0023877120011845,-78.44359601887516,54237218000.0,6260887000.0,-9662165000.0,55745604000.0,1656192500.0,0.0,0.0,203.2461308600908,0.0,0.0,0.442812857588682,0.0,0.0,0.0239343249968215,0.0152773152540668,2016-04-20,0.2,bmo,745000000.0,2025-04-25,2016-03-31,0.0,9.222459016393444,16687646.213114752
2015-12-31,HBAN,USD,49196,2016-02-17,2016-02-17 15:49:58,2015,Q4,727898000.0,-41228000.0,769126000.0,1.0566398039,0,299966000.0,12035000.0,312001000.0,0.0,432159000.0,432159000.0,544153000.0,47242000.0,78493000.0,0.0,0.0,295739000.0,0.4062918156,-61847000.0,233892000.0,0.3213252406,55583000.0,178309000.0,0.244964267,0.21,0.21,803412000,810143000,https://www.sec.gov/Archives/edgar/data/49196/000004919616000032/0000049196-16-000032-index.htm,https://www.sec.gov/Archives/edgar/data/49196/000004919616000032/hban-2015x1231x10k.htm,0.90600837428368,0.2219396772764161,0.7873121138344958,0.7573449238995683,1.961830293796956,8.208249316664427,7.297325656076833,8.208249316664427,8.840561256242127,8885736720.0,15042113720.0,12.458340184735489,12.20739268413981,14.047796046391037,14.603649738684547,1.3474249591256855,1.3474249591256855,20.66513951130516,0.0,23.780644453438224,24.721614765144796,0.0200668785964209,0.0684760329023117,1.0698699816183104,0.0993458151019411,0.0,0.6313908163341357,6.260086363828797,3.547414880908984,0.0061803541710157,0.3079878188986534,0.4120989479295176,0.0,0.0103050479903764,0.038062655722362,0.0330760628549604,0.3067279884830494,0.016869121772556,6.402270269034218,0.0032351351653766,0.0025368899674466,-76.70405035025615,-494574000.0,5862759000.0,-63576539000.0,857813000.0,1807424000.0,0.0,0.0,201.55282745659417,0.0,0.0,0.4465330560514321,0.0,0.0,0.0270386130725626,0.0299671899349275,2016-01-21,0.21,bmo,769100000.0,2025-04-25,2015-12-31,0.0,11.17734375,8852862.0
2015-09-30,HBAN,USD,49196,2015-10-30,2015-10-30 15:57:49,2015,Q3,748574000.0,0.0,748574000.0,1.0,0,297820000.0,12179000.0,309999000.0,0.0,424661000.0,424661000.0,538477000.0,43022000.0,94831000.0,0.0,0.0,313909000.0,0.4193426435,-114319000.0,199590000.0,0.2666269467,47002000.0,152588000.0,0.2038382311,0.18,0.18,800883000,814326000,https://www.sec.gov/Archives/edgar/data/49196/000004919615000017/0000049196-15-000017-index.htm,https://www.sec.gov/Archives/edgar/data/49196/000004919615000017/hban-2015093010q.htm,0.9346858405035442,0.1905247083531552,0.3929799983268467,0.3606057314239408,2.5313685020159,8.219224281199626,7.300660645812185,8.219224281199626,9.80952149065469,8489359800.0,15212453800.0,13.90895712637953,11.340708867793966,26.9733829841992,29.39498481663972,1.2896594176467575,1.2896594176467575,20.321910459086208,0.0,48.334780495089454,52.67415435435228,0.0179740290899203,0.0340194086249,1.186949394292895,0.111283822695906,0.0,20.03062293981837,7.296476221468086,2.0626196031142685,0.0066235854439813,0.3685086638529897,0.3978497783786239,0.0,0.010477996509281,0.0823814622646005,0.0346365222409541,0.273412702597252,0.018118449211434,5.935841933033294,0.0019594109090958,0.0021963161283484,-75.05672801145735,51838865000.0,5846975000.0,-9064705000.0,53195042000.0,1983940500.0,0.0,0.0,238.62226045788395,0.0,0.0,0.3771651472385776,0.0,0.0,0.0231803758888725,0.0323742669029059,2015-10-22,0.21,bmo,873366666.0,2025-04-25,2015-09-30,-0.1428571428571428,11.15703125,8877559.09375
2015-06-30,HBAN,USD,49196,2015-08-04,2015-08-04 10:31:41,2015,Q2,772459000.0,0.0,772459000.0,1.0,0,293922000.0,15024000.0,308946000.0,0.0,427340000.0,427340000.0,529795000.0,39109000.0,72293000.0,0.0,0.0,361705000.0,0.4682513894,-101442000.0,260263000.0,0.3369279146,64057000.0,196206000.0,0.2540018305,0.23,0.23,806891000,820238000,https://www.sec.gov/Archives/edgar/data/49196/000119312515275952/0001193125-15-275952-index.htm,https://www.sec.gov/Archives/edgar/data/49196/000119312515275952/d945134d10q.htm,0.9573275696469536,0.2431629550955457,0.1293260180123461,0.0921475143482824,2.780850201576173,8.050973427637686,7.13254206578088,8.050973427637686,9.177369681902512,9125937210.0,15040587210.0,11.628004762851289,11.814137980138751,87.45340012649494,122.73798246203918,1.404799072019615,1.404799072019615,19.47104922073534,0.0,144.13319543468262,202.286218578941,0.0214998191950084,0.0081474371660727,1.1338878474346308,0.1069933716071638,0.0,19.820919877375196,9.248638420823852,0.5318491789241919,0.0061955280536057,0.2881665188628278,0.3805017483128554,0.0,0.0107642824423702,0.2874789175099663,0.0388357181416748,0.4149641044084489,0.01874274233325,6.636883005323518,0.0022698761655064,0.0028809518726304,-72.64697431251557,51153077000.0,5755184000.0,-8478429000.0,52509587000.0,1955233500.0,0.0,0.0,231.05804968289576,0.0,0.0,0.389512506158154,0.0,0.0,0.0302029260537373,0.0371785036640636,2015-07-23,0.21,bmo,705326086.0,2025-04-25,2015-06-30,0.0952380952380953,11.192539682539682,8917994.301587302
2015-03-31,HBAN,USD,49196,2015-05-05,2015-05-05 13:32:05,2015,Q1,686707000.0,0.0,686707000.0,1.0,0,275083000.0,12975000.0,288058000.0,0.0,399083000.0,399083000.0,502096000.0,34411000.0,95664000.0,0.0,0.0,287624000.0,0.4188453008,-67764000.0,219860000.0,0.3201656602,54006000.0,165854000.0,0.241520765,0.19,0.19,809778000,823809000,https://www.sec.gov/Archives/edgar/data/49196/000119312515171460/0001193125-15-171460-index.htm,https://www.sec.gov/Archives/edgar/data/49196/000119312515171460/d915016d10q.htm,0.8480188397313831,0.2048141589423274,-0.0225456853606791,-0.0387155491999041,2.372397126125926,7.979908073570781,7.052451412609382,7.979908073570781,8.891922230537258,8948046900.0,15140212900.0,13.487837043423736,13.03037088598194,-490.1159500465575,-285.41503939268284,1.384727730961873,1.384727730961873,22.047558711357244,0.0,-829.2826258421427,-482.9259959809895,0.0185352180038305,-0.003503669610851,1.108963635457634,0.1053792880252142,0.0,16.731210211062717,8.35849001772689,-0.1100787439555271,0.0063369135894895,0.3418850314131706,0.4005827813026516,0.0,0.0110441854620953,-0.7172043599715178,0.0190678120362833,0.1368748954674694,0.0161568179733132,6.064153577526172,0.0018193273029207,0.0024661708184398,-71.83956467081101,50149761000.0,5710920000.0,-8203031000.0,51508058000.0,1867266000.0,0.0,0.0,252.5955902590188,0.0,0.0,0.3563007569043918,0.0,0.0,0.0256662303693279,0.016169863839225,2015-04-22,0.19,bmo,699300000.0,2025-04-25,2015-03-31,0.0,10.559344262295085,9591657.344262294
2014-12-31,HBAN,USD,49196,2015-02-13,2015-02-13 14:04:15,2014,Q4,711366000.0,4836000.0,706530000.0,0.9932018117,0,276388000.0,12466000.0,288854000.0,0.0,400013000.0,400013000.0,507625000.0,34373000.0,93858000.0,0.0,0.0,311353000.0,0.4376832742,-90588000.0,220765000.0,0.3103395439,57151000.0,163614000.0,0.229999747,0.19,0.19,819917000,825338000,https://www.sec.gov/Archives/edgar/data/49196/000119312515049355/0001193125-15-049355-index.htm,https://www.sec.gov/Archives/edgar/data/49196/000119312515049355/d859562d10k.htm,0.8676073309859412,0.1995494665923502,0.3165686282879852,0.2832689162439613,2.347821791717942,7.718061706245876,6.989680662798795,7.718061706245876,6.9633145794025495,8625526840.0,13079928840.0,13.179689452002885,12.125300956188516,33.23134088457389,37.13785522072532,1.363036523987187,1.363036523987187,18.387059319675103,0.0,50.392698566805365,56.31661840116767,0.018968580474558,0.0269267030650153,0.8967785315501954,0.0855978482612072,0.0,22.128760271737267,9.058068833095744,1.5864168102974072,0.0062193302502088,0.327875365188798,0.3885313607903667,0.0,0.0090079928492574,0.1051895515487748,0.0383810865292971,0.290896886786422,0.0140715187400016,5.886683248968361,0.001983560367491,0.0024902893873526,-69.14043128755715,49915196000.0,5730958000.0,-7692215000.0,51128815000.0,1736139500.0,0.0,0.0,228.6428083433844,0.0,0.0,0.3936270755773546,0.0,0.0,0.0258548679950127,0.0332997120440239,2015-01-22,0.19,bmo,706600000.0,2025-04-25,2014-12-31,0.0,9.971875,9111252.140625
2014-09-30,HBAN,USD,49196,2014-10-28,2014-10-28 14:30:40,2014,Q3,689204000.0,0.0,689204000.0,1.0,0,287037000.0,12576000.0,397672000.0,0.0,397672000.0,397672000.0,501060000.0,34725000.0,86107000.0,0.0,0.0,291532000.0,0.4229981254,-82646000.0,208886000.0,0.3030829769,53870000.0,155016000.0,0.2249203429,0.18,0.18,816497000,829623000,https://www.sec.gov/Archives/edgar/data/49196/000119312514384817/0001193125-14-384817-index.htm,https://www.sec.gov/Archives/edgar/data/49196/000119312514384817/d798015d10q.htm,0.8440986311033598,0.1898549535393271,0.3020549983649664,0.2901909008851226,11.848866560440516,7.696550017942503,6.952070858802911,7.696550017942503,8.31632081930491,7944515810.0,13747281810.0,12.812412605795531,11.527088946088533,32.212676673681315,33.52965227483751,1.264202789212964,1.264202789212964,19.94660769525424,0.0,55.74118733958569,58.020097113193216,0.0195123282157581,0.0298243474702078,1.075000039782248,0.105012590503351,0.0,20.44744913764317,8.39544996400288,1.5909777055271714,0.005869583636715,0.3008141095112762,0.4164761086702921,0.0,0.0094490759603796,0.0392779379386685,0.0140553450067033,0.1124995644953372,0.0157631122280195,5.733902099492594,0.0019091653001605,0.0024326628392955,-57.71368633320147,48339163000.0,5676345000.0,-7221626000.0,49560242000.0,1672400000.0,0.0,0.0,217.43401082988493,0.0,0.0,0.4139186857497368,0.0,0.0,0.0246675397544003,0.0118640974798437,2014-10-17,0.19,bmo,753244444.0,2025-04-25,2014-09-30,-0.0526315789473684,9.7903125,7429578.5625
2014-06-30,HBAN,USD,49196,2014-07-30,2014-07-30 16:08:02,2014,Q2,677388000.0,0.0,677388000.0,1.0,0,271199000.0,14832000.0,286031000.0,0.0,405830000.0,405830000.0,495322000.0,35274000.0,70852000.0,0.0,0.0,271558000.0,0.4008898888,-49464000.0,222094000.0,0.3278682232,57475000.0,164619000.0,0.2430202484,0.19,0.19,821546000,834687000,https://www.sec.gov/Archives/edgar/data/49196/000119312514286900/0001193125-14-286900-index.htm,https://www.sec.gov/Archives/edgar/data/49196/000119312514286900/d762649d10q.htm,0.8245283891589759,0.200377093918052,0.2758640416969957,0.261007904609115,11.903318864677084,7.59639874091043,6.882004172620888,7.59639874091043,9.441997161449269,7837548839.999999,14271222840.0,11.902558088677493,11.57025049159418,34.582252697067965,36.55061717110478,1.255858246174243,1.255858246174243,21.06801838827969,0.0,62.97007452511748,66.55422674066129,0.0210038882513681,0.0273593191414166,1.2373048544647625,0.1210362136606401,0.0,23.454513697986584,7.698531496286217,1.376724436425929,0.0063033737981784,0.3001050911498673,0.4003599118968745,0.0,0.0091996012421439,0.0538531118318,0.0180177387258115,0.1722604866482244,0.0197434852698896,5.852200170772834,0.0017954721908354,0.0026043104906873,-56.62178532912338,48274465000.0,5653883000.0,-7131979000.0,49483662000.0,1663332000.0,0.0,0.0,223.1743254973516,0.0,0.0,0.4032721945028037,0.0,0.0,0.0263779062622029,0.0148561370878806,2014-07-18,0.18,bmo,672726315.0,2025-04-25,2014-06-30,0.0555555555555556,9.406190476190476,9648930.222222222
2014-03-31,HBAN,USD,49196,2014-04-28,2014-04-28 15:48:26,2014,Q1,664703000.0,0.0,664703000.0,1.0,0,263195000.0,10686000.0,273881000.0,0.0,373357000.0,373357000.0,472455000.0,34949000.0,82015000.0,0.0,0.0,291346000.0,0.4383100422,-90106000.0,201240000.0,0.3027517553,52097000.0,149143000.0,0.2243753977,0.17,0.17,829659000,842677000,https://www.sec.gov/Archives/edgar/data/49196/000119312514162757/0001193125-14-162757-index.htm,https://www.sec.gov/Archives/edgar/data/49196/000119312514162757/d714459d10q.htm,0.8011761458623362,0.1797642163828753,0.1879856664002921,0.1751936639028805,10.605905558789816,7.444304226194135,6.725689711074068,7.444304226194135,5.532386197220786,8271700230.000001,11782250230.0,13.865384614095198,12.444204750091396,53.03595849042088,56.90845078465233,1.339278957047288,1.339278957047288,17.725586058736006,0.0,75.5446784514375,81.06067539955005,0.018030513177821,0.0175720826382026,0.7375117264015579,0.0744948712954765,0.0,21.48679682608753,8.336318635726345,1.0457346305223845,0.0059371107069241,0.3292812937918641,0.3959587966354898,0.0,0.0097505545479176,0.0680477546100382,0.0159665294123841,0.1294031579589099,0.0141687340060147,5.487252418478132,0.0020046751697205,0.0024631562897876,-54.16084529909276,46138520000.0,5580029000.0,-6578889000.0,47363691000.0,1628405500.0,0.0,0.0,222.99305103181425,0.0,0.0,0.4036000206444091,0.0,0.0,0.0241478868838194,0.0127920024974115,2014-04-16,0.17,bmo,686000000.0,2025-04-25,2014-03-31,0.0,9.498688524590165,10375143.672131147
2013-12-31,HBAN,USD,49196,2014-02-14,2014-02-14 15:57:28,2013,Q4,655646000.0,-21631000.0,677277000.0,1.0329918889,0,293536000.0,13704000.0,307240000.0,0.0,380698000.0,380698000.0,469824000.0,39175000.0,71234000.0,0.0,0.0,274948000.0,0.4193543467,-68011000.0,206937000.0,0.3156230649,49114000.0,157823000.0,0.2407137388,0.18,0.18,834205000,842324000,https://www.sec.gov/Archives/edgar/data/49196/000119312514054675/0001193125-14-054675-index.htm,https://www.sec.gov/Archives/edgar/data/49196/000119312514054675/d670111d10k.htm,0.7859530930646543,0.189189707565886,0.2396904837539933,0.2239773197235691,1.9202066638296345,7.300547227599931,6.656267943730858,7.311539729443003,5.1557890446592864,8050078250.0,11310756250.0,12.751750774601929,12.278086421636068,40.26025501247806,43.084719523878334,1.319831438669505,1.319831438669505,17.251315877775507,0.0,56.56764032187886,60.53615200997629,0.019605151043097,0.0232100849454475,0.6987349251712034,0.0716665971044798,0.0,0.380557410787019,7.018455647734524,1.2669319427459875,0.0061516172218574,0.3137755586955006,0.4477050115458647,0.0,0.0090379441942204,0.0655560612350025,0.0199924959505586,0.1840132520987169,0.0142820973513145,5.578846782585787,0.1557790085102496,0.0026781566032741,-60.617915260637375,-1629567000.0,5552692000.0,-52375889000.0,-457449000.0,1637158500.0,0.0,0.0,220.9863859460745,0.0,0.0,0.4072649073593246,0.0,0.0,0.0258754947065436,0.0157131640304241,2014-01-16,0.17,bmo,642694444.0,2025-04-25,2013-12-31,0.0588235294117645,8.98296875,9206483.625
2013-09-30,HBAN,USD,49196,2013-11-07,2013-11-07 11:57:35,2013,Q3,667351000.0,0.0,667351000.0,1.0,0,240481000.0,12271000.0,252752000.0,0.0,384553000.0,384553000.0,462912000.0,38060000.0,74947000.0,0.0,0.0,282798000.0,0.4237620083,-38915000.0,243883000.0,0.3654493662,65047000.0,178836000.0,0.2679789196,0.21,0.2,830398000,841025000,https://www.sec.gov/Archives/edgar/data/49196/000119312513432152/0001193125-13-432152-index.htm,https://www.sec.gov/Archives/edgar/data/49196/000119312513432152/d605793d10q.htm,0.8036519837475524,0.2153617903704007,0.4867617696574414,0.4386246113309521,9.173238615699942,7.1791827533303305,6.519523168408401,7.1791827533303305,3.671263659112859,6859087480.0,8698879480.0,9.588516126506969,10.278080770089502,16.96928665086614,18.83159263438513,1.1505487858166437,1.1505487858166437,13.03493885526507,0.0,21.52090636952445,23.882732975869843,0.026072855977046,0.0531022531877666,0.5049920499250282,0.0531446240061321,0.0,33.627849040029666,7.430320546505517,2.264624314375837,0.0072085390577348,0.2764767720145832,0.3603515990835407,0.0,0.0096698484124426,0.0988926438499181,0.0598980146879228,0.5333502341654769,0.0146040089847771,5.898113016122552,0.0037083435790277,0.0031877807229105,-50.36247949778299,45315025000.0,5413799000.0,-3982802000.0,46502437000.0,1684078000.0,0.0,0.0,224.4691174509366,0.0,0.0,0.4009460233195409,0.0,0.0,0.0299980927871625,0.0481371583264892,2013-10-17,0.17,bmo,640994444.0,2025-04-25,2013-09-30,0.0588235294117645,8.445,9921991.03125
2013-06-30,HBAN,USD,49196,2013-07-29,2013-07-29 15:47:36,2013,Q2,644194000.0,0.0,644194000.0,1.0,0,277322000.0,14239000.0,291561000.0,0.0,437925000.0,437925000.0,462582000.0,37645000.0,68187000.0,0.0,0.0,222151000.0,0.3448510852,-15882000.0,206269000.0,0.3201970214,55269000.0,151000000.0,0.2344014381,0.17,0.17,834730000,843840000,https://www.sec.gov/Archives/edgar/data/49196/000119312513307251/0001193125-13-307251-index.htm,https://www.sec.gov/Archives/edgar/data/49196/000119312513307251/d573781d10q.htm,0.7717393648245541,0.1808968169348172,0.2362188971284128,0.2060474644495825,9.447700454039031,6.928605656919004,6.259955913888323,6.928605656919004,3.4992919866304075,6702881899.999999,8515579899.999999,11.097486589403973,10.405067262346437,33.99389336592639,38.97160307917718,1.1589633466844989,1.1589633466844989,13.21896804378805,0.0,43.18705288088488,49.51091258997406,0.0225276235286198,0.0256597091468969,0.498540939203927,0.0513835243084276,0.0,26.268390169914035,5.901208659848585,1.30582119205298,0.0062444782146616,0.2771920529801324,0.4304945404645184,0.0,0.0099466285293283,0.127726583459699,0.0390953656817666,0.3693519292533767,0.0153292331192156,5.310429451136449,0.0029569381720467,0.00271800051642,-49.31667335545625,44114162000.0,5225373000.0,-4470186000.0,45299049000.0,1754517000.0,0.0,0.0,238.02511355274964,0.0,0.0,0.3781113625224876,0.0,0.0,0.0261086899575777,0.0301714326788302,2013-07-18,0.16,bmo,636988235.0,2025-04-25,2013-06-30,0.0625,7.4575,9542890.390625
2013-03-31,HBAN,USD,49196,2013-04-29,2013-04-29 16:09:29,2013,Q1,637545000.0,-38834000.0,676379000.0,1.0609117788,0,274385000.0,10971000.0,285356000.0,395432000.0,429142000.0,680788000.0,465319000.0,41149000.0,67177000.0,0.0,0.0,0.0,0.0,208403000.0,208403000.0,0.3268835925,55129000.0,153274000.0,0.2404128336,0.17,0.17,841103000,848708000,https://www.sec.gov/Archives/edgar/data/49196/000119312513182027/0001193125-13-182027-index.htm,https://www.sec.gov/Archives/edgar/data/49196/000119312513182027/d527183d10q.htm,0.7579868339549377,0.1822297625855573,0.2519417954757027,0.2234767917841215,9.992407588606865,6.9755285619002665,6.299625610656483,6.9755285619002665,2.737262856035468,6165284990.0,7526450990.0,10.055986321881075,9.670352665302056,29.094021443166643,32.79982651210053,1.0508164270211473,1.0508164270211473,11.805364311538794,0.0,35.51737297613598,40.04134231008634,0.0248608134495985,0.0304879661369879,0.3853959119420747,0.0403384599323456,0.0,62.20975153711248,0.0,1.3961589142179471,0.0067565408683565,0.2717747302216944,0.4303774635515924,0.0,0.0101419025033393,0.1129824594519345,0.0375534276011889,0.3564017446447445,0.0125810727085931,5.347976305036966,0.0,0.0027623675122771,-48.066877362225554,44848691000.0,5298634000.0,-4606432000.0,46038028000.0,1855062000.0,0.0,0.0,254.85057525351152,0.0,0.0,0.3531481139898267,0.0,0.0,0.0261241511619464,0.0284650036915811,2013-04-17,0.16,bmo,640752941.0,2025-04-25,2013-03-31,0.0625,7.073,10963326.966666669
2012-12-31,HBAN,USD,49196,2013-02-15,2013-02-15 15:15:19,2012,Q4,682928000.0,-35955000.0,718883000.0,1.0526483026,0,270279000.0,5944000.0,276223000.0,442660000.0,780300000.0,718883000.0,478995000.0,44940000.0,66531000.0,0.0,0.0,0.0,0.0,221620000.0,221620000.0,0.3245144437,54341000.0,167279000.0,0.2449438301,0.19,0.19,847220000,853306000,https://www.sec.gov/Archives/edgar/data/49196/000119312513062480/0001193125-13-062480-index.htm,https://www.sec.gov/Archives/edgar/data/49196/000119312513062480/d487106d10k.htm,0.8060810651306627,0.1974445834612025,0.3865017350865182,0.3312870328840206,1.946022284648616,6.834365336040226,6.153993059653927,6.834365336040226,2.860755175751281,5413735800.0,6529678800.0,8.090877814908028,7.927242403298737,16.532914137033824,19.288409643962904,0.9349807459520904,0.9349807459520904,9.561298994916008,0.0,19.940873166143437,23.264363868273755,0.0308989958468235,0.0518446060851362,0.4108225071590655,0.0423617823281083,0.0,38.95338837406952,0.0,1.9575200712581973,0.0077948022509705,0.252267170415892,0.3957650001171426,0.0,0.0102652236021874,0.1428575791261009,0.068497704003936,0.7031158407358975,0.0,5.510144225191682,0.0,0.0030098731916002,-55.81273016453814,44388689000.0,5213786000.0,-4804727000.0,45582371000.0,952402500.0,0.0,0.0,251.025657170302,0.0,0.0,0.3585290882793777,0.0,0.0,0.0288899661860336,0.0552147022024975,2013-01-17,0.17,bmo,654768421.0,2025-04-25,2012-12-31,0.1176470588235293,6.416774193548386,11848589.64516129
2012-09-30,HBAN,USD,49196,2012-10-31,2012-10-31 15:09:45,2012,Q3,691365000.0,0.0,691365000.0,1.0,0,263243000.0,20178000.0,283421000.0,407944000.0,283537000.0,283421000.0,483787000.0,53489000.0,69165000.0,0.0,0.0,2146000.0,0.0031040044,193912000.0,196058000.0,0.2835810317,28291000.0,167767000.0,0.2426605339,0.19,0.19,857871000,863588000,https://www.sec.gov/Archives/edgar/data/49196/000119312512443543/0001193125-12-443543-index.htm,https://www.sec.gov/Archives/edgar/data/49196/000119312512443543/d428420d10q.htm,0.805907881254874,0.195562036716476,0.1327740417848371,0.1008519928986992,10.07354718833018,6.769787065887528,6.08428539955308,6.769787065887528,3.2808569120532107,5945046030.0,7842873030.0,8.859081389665429,8.598997678505565,52.19393720973108,68.71455685522088,1.023665874946019,1.023665874946019,11.344041179405956,0.0,68.85571960352229,90.65018874685036,0.0282196301178176,0.0145529571282394,0.4754220501260072,0.0489177223039172,0.0,36.36493457937991,0.0401203985866252,0.67893566672826,0.0071096169460608,0.2519387006979918,0.3807583548487412,0.0,0.0104188650496961,0.2404238694327629,0.0396100467914921,0.3959372515000361,0.0,5.45784300815725,3.2534309909261526e-05,0.00300362037885,-48.950940176320216,44551719000.0,5219532000.0,-4823906000.0,45730541000.0,1006615000.0,0.0,0.0,0.0,0.0,0.0,0.0,0.0,0.0,0.0288874723552087,0.0319220488861378,2012-10-18,0.17,bmo,617010526.0,2025-04-25,2012-09-30,0.1176470588235293,6.561904761904762,9381707.38095238
2012-06-30,HBAN,USD,49196,2012-07-30,2012-07-30 16:37:42,2012,Q2,682781000.0,0.0,682781000.0,1.0,0,258765000.0,17396000.0,276161000.0,406620000.0,328532000.0,328279000.0,487544000.0,58582000.0,68153000.0,0.0,0.0,2877000.0,0.0042136498,199115000.0,201992000.0,0.2958371718,49286000.0,152706000.0,0.2236529722,0.17,0.17,862261000,867551000,https://www.sec.gov/Archives/edgar/data/49196/000119312512322579/0001193125-12-322579-index.htm,https://www.sec.gov/Archives/edgar/data/49196/000119312512322579/d386651d10q.htm,0.7918495675903235,0.1770995093133053,0.3287925581697421,0.2984827099915222,11.464470734499184,6.551648514776848,5.851787335853065,6.551648514776848,4.440058172641463,5518470400.0,8069789400.0,9.034468848637252,8.082343240365505,19.46516075554223,21.441777985002137,0.9768533805751616,0.9768533805751616,11.819001114559429,0.0,28.46436359147105,31.354817577806276,0.0276717983302039,0.0466379234361753,0.6673310048748228,0.0665791238497444,0.0,38.240157712096654,0.0491106483220101,1.856541327780179,0.0077046712074418,0.2784304480505022,0.3789868200784732,0.0,0.010657567365916,0.0921853230101761,0.0382772807093343,0.3834754156089974,0.0,5.109462700334065,3.8412204555940645e-05,0.0027259438392662,-45.90076496559627,44911444000.0,5045768000.0,-4856289000.0,46097964000.0,2102127000.0,0.0,0.0,265.3716198898329,0.0,0.0,0.3391470423150857,0.0,0.0,0.0270312897454538,0.0303098481782198,2012-07-19,0.15,bmo,604764705.0,2025-04-25,2012-06-30,0.1333333333333334,6.367460317460317,12636016.111111112
2012-03-31,HBAN,USD,49196,2012-04-30,2012-04-30 17:07:37,2012,Q1,702529000.0,0.0,702529000.0,1.0,0,264236000.0,13569000.0,277805000.0,424724000.0,324307000.0,323070000.0,479937000.0,62728000.0,70723000.0,0.0,0.0,3775000.0,0.0053734437,201672000.0,205447000.0,0.2924391733,52177000.0,153270000.0,0.2181689297,0.17,0.17,864499000,869164000,https://www.sec.gov/Archives/edgar/data/49196/000119312512196518/0001193125-12-196518-index.htm,https://www.sec.gov/Archives/edgar/data/49196/000119312512196518/d341995d10q.htm,0.8126429296043142,0.1772934381647636,0.3207291159388269,0.2867880703158708,11.767360054783175,6.419704360560278,5.707843502421634,6.419704360560278,4.830753997401963,5576018550.0,8426334550.0,9.09509126052065,7.937065302642311,20.110428643560432,22.490475258946145,1.0047191642695954,1.0047191642695954,11.994287139747968,0.0,30.390357954340537,33.98702264367074,0.0274873547542269,0.0444632667156388,0.7411858529669748,0.0736166843490664,0.0,29.980013775808036,0.0601804616758066,1.8090298166634045,0.0075952042878336,0.2763163045605794,0.3761211280957797,0.0,0.0110135979151507,0.1058246474555487,0.0417662473719946,0.4148862463413599,0.007548442840082,5.060519519467718,5.040155290847695e-05,0.0027735528462792,-44.54682654346622,43588433000.0,4934425000.0,-5234307000.0,44781374000.0,2179586500.0,0.0,0.0,280.6889964684732,0.0,0.0,0.3206395730945895,0.0,0.0,0.0276170720966487,0.0339410456229561,2012-04-18,0.14,bmo,578529411.0,2025-04-25,2012-03-31,0.2142857142857142,5.974677419354839,14130764.677419355
2011-12-31,HBAN,USD,49196,2012-02-17,2012-02-17 16:43:58,2011,Q4,644377000.0,0.0,644377000.0,1.0,0,266600000.0,16379000.0,282979000.0,362072000.0,707265000.0,645051000.0,485216000.0,70191000.0,69021000.0,0.0,0.0,26771000.0,0.0415455549,142041000.0,168812000.0,0.2619770724,41954000.0,126858000.0,0.1968692241,0.14,0.14,863691000,867624000,https://www.sec.gov/Archives/edgar/data/49196/000119312512067565/0001193125-12-067565-index.htm,https://www.sec.gov/Archives/edgar/data/49196/000119312512067565/d257237d10k.htm,0.7460735378740776,0.1468789185021032,0.2409113907635948,0.1930563129637798,1.9117010597540087,6.273192611709512,5.555841151522941,6.273192611709512,3.675886399186746,4741663590.0,6639391590.0,9.34443154944899,7.358523954144856,22.78846169373249,28.437298504866828,0.8751524685775456,0.8751524685775456,10.303582514583852,0.0,31.908953059743457,39.8185904486599,0.0267539013665033,0.0351650843285573,0.5730124951551282,0.0570174807089546,0.0,16.76121119217196,0.3814021740679004,1.640204007630579,0.0089107966429984,0.3330653171262356,0.4137329544660967,0.0,0.0113785598012673,0.1986418228217981,0.0641425749212029,0.5988322394633517,0.0,4.553185071263163,0.0003883555891338,0.0023565939098158,-52.97649419757761,41847119000.0,4798530000.0,-4530363000.0,43031118000.0,2198262500.0,0.0,0.0,302.82491460744257,0.0,0.0,0.2972014377240679,0.0,0.0,0.0234137428249755,0.0478550777998149,2012-01-19,0.14,bmo,654000000.0,2025-04-25,2011-12-31,0.0,5.178571428571429,15303717.492063493
2011-09-30,HBAN,USD,49196,2011-10-31,2011-10-31 13:53:16,2011,Q3,665037000.0,0.0,665037000.0,1.0,0,244327000.0,22251000.0,266578000.0,399823000.0,317544000.0,316180000.0,490996000.0,84518000.0,70284000.0,0.0,0.0,5890000.0,0.0088566501,176443000.0,182333000.0,0.2741697079,38942000.0,143391000.0,0.2156135674,0.16,0.16,863911000,867633000,https://www.sec.gov/Archives/edgar/data/49196/000095012311093405/0000950123-11-093405-index.htm,https://www.sec.gov/Archives/edgar/data/49196/000095012311093405/c22808e10vq.htm,0.7697980463265314,0.1659789029193979,0.2272907741653943,0.1918658287717137,12.743511773782252,6.251198329457548,5.518779133498706,6.251198329457548,6.114602082853442,4146772800.0,7048996800.0,7.229834508441952,6.235401639307287,21.11832307151697,25.017482428886005,0.7678527775036251,0.7678527775036251,10.599405446614249,0.0,35.898516492750524,42.52660130916111,0.0345789381082079,0.0399720476607736,0.9624986968748512,0.0945448571571535,0.0,19.930528551640325,0.0696892969544949,1.3693955687595456,0.004220390372002,0.1220508958023864,0.367388581387201,0.0,0.0115089101677127,0.155857383669707,0.0460184922041931,0.4354333845540948,0.0,4.83169312091901,8.425145093957361e-05,0.0026384848979212,-42.7100546236823,42120161000.0,4767734000.0,-5233081000.0,43296230000.0,2186879500.0,0.0,0.0,301.5679428362632,0.0,0.0,0.2984402093722065,0.0,0.0,0.0265515336695133,0.0354249453936806,2011-10-20,0.16,bmo,665100000.0,2025-04-25,2011-09-30,0.0,5.37046875,17281764.921875
2011-06-30,HBAN,USD,49196,2011-08-08,2011-08-08 14:42:38,2011,Q2,659104000.0,0.0,659104000.0,1.0,0,242393000.0,20102000.0,262495000.0,396791000.0,306566000.0,306384000.0,492137000.0,88800000.0,69566000.0,0.0,0.0,7307000.0,0.0110862626,187591000.0,194898000.0,0.2957014371,48980000.0,145918000.0,0.2213884304,0.16,0.16,863358000,867469000,https://www.sec.gov/Archives/edgar/data/49196/000095012311074333/0000950123-11-074333-index.htm,https://www.sec.gov/Archives/edgar/data/49196/000095012311074333/c17840e10vq.htm,0.7634191146662219,0.1690121594981456,0.504302965861207,0.45190291860387,10.656409044683665,6.083968643366946,5.335574582038968,6.083968643366946,6.328403744449,5663628480.0,9937926480.0,9.70344385202648,8.592920813710734,13.00805357905713,14.516392193851658,1.078243558528535,1.078243558528535,15.077933801038986,0.0,22.82513420028755,25.471804672001312,0.0257640487039856,0.0688876400310777,1.0232711417851927,0.1013171356952254,0.0,21.25926841349201,0.082286036036036,2.983826532710152,0.0028833105945536,0.1119121698488192,0.3677613851531776,0.0,0.0121796705936446,0.1039058875409399,0.0686386366946642,0.6503176839260558,0.0,4.809984955436466,0.0001031228449394,0.0027844870421588,-42.8420918668733,40983406000.0,4606511000.0,-4791044000.0,42158128000.0,1072691500.0,0.0,0.0,292.9499289945137,0.0,0.0,0.3072197365225696,0.0,0.0,0.0277799195566879,0.052400047257337,2011-07-21,0.15,bmo,617906250.0,2025-04-25,2011-06-30,0.0666666666666667,6.506031746031746,13057638.952380951
2011-03-31,HBAN,USD,49196,2011-04-29,2011-04-29 15:19:23,2011,Q1,641275000.0,0.0,641275000.0,1.0,0,236924000.0,16895000.0,253819000.0,391621000.0,257984000.0,253819000.0,501877000.0,97547000.0,73234000.0,0.0,0.0,8847000.0,0.0137959534,152344000.0,161191000.0,0.2513601809,34745000.0,126446000.0,0.1971790573,0.14,0.14,863359000,867237000,https://www.sec.gov/Archives/edgar/data/49196/000095012311041911/0000950123-11-041911-index.htm,https://www.sec.gov/Archives/edgar/data/49196/000095012311041911/c16141e10vq.htm,0.742767493012756,0.1464581941000209,0.8744462037229009,0.8436513663493402,1.5507094962813848,5.836041553976966,5.072142642863513,5.836041553976966,6.437999719699453,5732703760.0,9854642760.0,11.334292425224996,8.939540384390472,7.593377353267254,7.8705496901317185,1.1377574917154551,1.1377574917154551,15.367264839577404,0.0,13.05318123717649,13.529646527745362,0.0220569569427742,0.1270559286670693,1.0837849965833757,0.1031333667960319,0.0,20.622140657099205,0.0906947420217946,5.970619869351344,0.0028469986734496,0.1290748619964253,0.3694577209465517,0.0,0.0124558559335447,0.0352163886611361,0.0414595922186269,0.3630417565611601,0.0,4.38538053086426,0.0001310709955003,0.002418214618412,-53.94174497514939,40250073000.0,4379080000.0,-5608579000.0,41410328000.0,1220196500.0,0.0,0.0,0.0,0.0,0.0,0.0,0.0,0.0,0.0250954680060866,0.0307948373735607,2011-04-29,,bmo,,2025-04-25,2011-03-31,,6.980806451612903,18815178.870967746
2010-12-31,HBAN,USD,49196,2011-02-18,2011-02-18 17:09:05,2010,Q4,667512000.0,0.0,667512000.0,1.0,0,243646000.0,16168000.0,674548000.0,-12002000.0,674548000.0,667512000.0,528291000.0,112997000.0,77116000.0,0.0,0.0,45964000.0,0.0688586872,111984000.0,157948000.0,0.2366219634,35048000.0,122900000.0,0.1841165402,0.05,0.05,757924000,760582000,https://www.sec.gov/Archives/edgar/data/49196/000095012311015766/0000950123-11-015766-index.htm,https://www.sec.gov/Archives/edgar/data/49196/000095012311015766/l41237e10vk.htm,0.8807109947699242,0.162153461296911,-0.0333714198257345,-0.0627266058338303,2.220076155392889,6.571294747230593,5.683490692998243,6.571294747230593,5.280053145170228,5206937880.0,8112893880.0,10.591818307567127,7.800515766008701,-205.8647799786502,-109.52290353792436,1.0454560728531153,1.0454560728531153,12.153929637220005,0.0,-320.7564891471949,-170.64687812881243,0.0236031239151253,-0.0091305103106012,0.7808150197307843,0.0722576712791958,0.0,13.424619920381538,0.4067718611998548,-0.2058014646053702,0.0075908337896283,0.3216029292107404,0.3650061721736837,0.0,0.012502647267702,-0.8796504961847151,0.0333312359927611,0.2885134083718035,0.0,4.896433318291708,0.0007050953960377,0.0023124648402798,-59.80303599041593,39403129000.0,4307654000.0,-6264596000.0,40567619000.0,1220196500.0,0.0,0.0,329.0358375579765,0.0,0.0,0.2735264361109051,0.0,0.0,0.0246760292353723,0.0293551860080958,2011-04-20,0.12,bmo,549599999.0,2025-04-25,2010-12-31,0.1666666666666668,6.050625,20181426.953125
2010-09-30,HBAN,USD,49196,2010-10-29,2010-10-29 16:10:55,2010,Q3,677105000.0,-2717000.0,679822000.0,1.0040126716,0,231678000.0,20921000.0,252599000.0,427223000.0,265073000.0,262356000.0,534669000.0,124707000.0,73113000.0,0.0,0.0,11356000.0,0.0167714018,119280000.0,130636000.0,0.1929331492,29690000.0,100946000.0,0.1490847062,0.1,0.1,716911000,719567000,https://www.sec.gov/Archives/edgar/data/49196/000095012310098157/0000950123-10-098157-index.htm,https://www.sec.gov/Archives/edgar/data/49196/000095012310098157/c07399e10vq.htm,0.9444756741073858,0.1408068783991318,0.113636141724705,0.0943450442244574,1.971605959456613,7.765821698927761,6.806240942041621,7.765821698927761,7.815646572587113,4079223590.000001,8144173590.0,10.10248942503913,6.024506671786504,50.07209778192397,60.31053402723362,0.7326977389637503,0.7326977389637503,12.027933023681705,0.0,99.96898854751004,120.41003577923324,0.0247463758170706,0.0165808513575496,0.984016425611726,0.102887280912557,0.0,22.70264434946593,0.0910614480341921,0.8070354446932023,0.0079350884514766,0.3206565886711707,0.3421596355070483,0.0,0.0129197305767395,0.1697619895172278,0.0204251925476846,0.1891592466456033,0.0,4.960173889258407,0.0001648004173828,0.0019206283121686,-64.53507757587762,40348124000.0,4879469000.0,-5472115000.0,41525407000.0,0.0,0.0,0.0,0.0,0.0,0.0,0.0,0.0,0.0,0.0181316136087148,0.0192910975002475,2010-10-21,0.06,bmo,560853148.0,2025-04-25,2010-09-30,0.6666666666666669,5.78765625,14863711.5625
2010-06-30,HBAN,USD,49196,2010-08-09,2010-08-09 15:50:57,2010,Q2,669299000.0,0.0,669299000.0,1.0,0,220942000.0,17682000.0,238624000.0,0.0,17682000.0,0.0,535653000.0,135997000.0,66227000.0,0.0,0.0,249166000.0,0.3722790561,-187083000.0,62083000.0,0.0927582441,13319000.0,48764000.0,0.0728583189,0.03,0.03,716580000,719387000,https://www.sec.gov/Archives/edgar/data/49196/000095012310074986/0000950123-10-074986-index.htm,https://www.sec.gov/Archives/edgar/data/49196/000095012310074986/c04589e10vq.htm,0.9340185324736944,0.0680510201233637,0.6538223226994893,0.6274637863183454,1.974997906723604,7.589433140751905,6.608274023835441,7.589433140751905,7.806744536548606,3969853200.0,8012769200.0,20.352376753342632,5.931359825728112,8.473250006403196,8.829194801035523,0.7299622906291441,0.7299622906291441,11.971882820682534,0.0,17.10244516729418,17.82088570996468,0.0122835776395963,0.1132606112487988,1.0036267779927903,0.1054292379814288,0.0,38.11163372721634,1.832143356103444,9.60782544500041,0.0081317868378609,0.6620047576080715,0.3301095623928917,0.0,0.0135805991782478,0.0403145250108854,0.0282205710751099,0.2852008999350718,0.0,3.40889205112016,0.0037803343552799,0.0009548881908054,-62.682684417650506,40571106000.0,4735357000.0,-4668078000.0,41767044000.0,0.0,0.0,0.0,0.0,0.0,0.0,0.0,0.0,0.0,0.0089665484709206,0.0263585363811437,2010-07-22,,bmo,,2025-04-25,2010-06-30,,6.13,26928786.492063493
2010-03-31,HBAN,USD,49196,2010-05-07,2010-05-07 16:50:49,2010,Q1,641206000.0,0.0,641206000.0,1.0,0,218241000.0,11153000.0,229394000.0,411812000.0,641206000.0,641206000.0,546779000.0,152886000.0,69730000.0,0.0,0.0,209114000.0,0.3261260812,-207470000.0,1644000.0,0.0025639186,-38093000.0,39737000.0,0.0619722835,0.01,0.01,716320000,718593000,https://www.sec.gov/Archives/edgar/data/49196/000095012310046488/0000950123-10-046488-index.htm,https://www.sec.gov/Archives/edgar/data/49196/000095012310046488/c00444e10vq.htm,0.8951390440026804,0.0554738105874469,0.4413292941702033,0.422855706946616,2.337952311815948,7.4962111905293725,6.493558744695108,7.4962111905293725,7.379763234308688,3860964800.0,7319628800.0,24.29074162619221,6.021410903828099,12.2131027130986,12.74666490590954,0.7190299023071367,0.7190299023071367,11.41540908849886,0.0,23.15363723496123,24.165166061406406,0.0102919871219753,0.078451893682118,0.955993702425058,0.0989724871776353,0.0,20.36167690135408,1.3677772981175516,7.955633288874349,0.0083717416952363,0.8134232579208295,0.3403601962551816,0.0,0.0138473942424593,0.0418589644232016,0.0206376733842166,0.1897748458339308,0.0,3.058835806872584,0.0994848068948603,0.0007768935433552,-62.57313770381952,39519080000.0,4651466000.0,-4936934000.0,40728873000.0,1315412000.0,0.0,0.0,0.0,0.0,0.0,0.0,0.0,0.0,0.0074002464948602,0.0184735872235872,2010-04-21,-0.15,bmo,9522000000.0,2025-04-25,2010-03-31,-1.3686666666666667,4.83967213114754,24046173.26229508
2009-12-31,HBAN,USD,49196,2010-02-18,2010-02-18 17:27:25,2009,Q4,587247000.0,31363000.0,555884000.0,0.9465931712,0,347759000.0,9074000.0,540298000.0,10311000.0,540298000.0,587247000.0,551335000.0,177271000.0,-160473000.0,-228041000.0,-0.38832212,51810000.0,0.0882252272,-649787000.0,-597977000.0,-1.0182716983,-228290000.0,-369687000.0,-0.6295255659,-0.56,-0.56,715336000,715336000,https://www.sec.gov/Archives/edgar/data/49196/000095012310014194/0000950123-10-014194-index.htm,https://www.sec.gov/Archives/edgar/data/49196/000095012310014194/l38219e10vk.htm,0.8209386917476542,-0.5168018944943356,0.1785370790789223,0.1553997002807072,3.405552076227116,7.459434447588266,6.434229508930069,7.459434447588266,5.59862358388226,2610976400.0,4597883400.0,-1.7656669020008815,4.446129822715144,20.443932536761825,23.487818788625717,0.4893132348900919,0.4893132348900919,7.829556217400855,-20.162529545125658,36.00140470112908,41.36163471658735,-0.1415895601354344,0.0425752603508787,0.7173209455318795,0.0742440281592364,-8.712937585785012,38.90030454406644,0.2922643861658139,-0.3454652178734984,0.011817418188843,-0.0834624966525736,0.5921852304056044,0.0,0.014225017270503,0.1295942496515652,0.0281840520258085,0.2449532322993133,0.0,,0.0006341556945873,-0.007274253261413,-58.447262545153606,40582926000.0,4602636000.0,-4564956000.0,41812313000.0,1315412000.0,0.0,0.0,403.1934773613147,0.0,0.0,0.2232178967502197,0.0,0.0,-0.0692816456965346,0.0231373787982151,2010-01-22,-0.27,bmo,545038615.0,2025-04-25,2009-12-31,1.4074074074074074,3.9703125,19446460.5
2009-09-30,HBAN,USD,49196,2009-11-09,2009-11-09 17:31:41,2009,Q3,618871000.0,0.0,618871000.0,1.0,0,205855000.0,8259000.0,214114000.0,423339000.0,637453000.0,637453000.0,553846000.0,191027000.0,54865000.0,0.0,0.0,0.0,0.0,-257362000.0,-257362000.0,-0.4158572627,-91172000.0,-166190000.0,-0.268537385,-0.33,-0.33,589708000,589708000,https://www.sec.gov/Archives/edgar/data/49196/000095012309060355/0000950123-09-060355-index.htm,https://www.sec.gov/Archives/edgar/data/49196/000095012309060355/c92079e10vq.htm,1.0494532887462948,-0.2818174418525779,0.4917365882775882,0.4721065340812741,3.866403372516568,9.62358658861674,8.358112828722012,9.62358658861674,10.296723123986787,2777524680.0,6378508680.0,-4.178236777182742,4.488051112428923,9.578298854062853,9.976561771519908,0.4894225200375112,0.4894225200375112,10.30668536738674,0.0,21.99629865404975,22.910898439324008,-0.0598338517733711,0.1002349329259605,1.0362860182699671,0.1119926720907429,0.0,21.54319919940956,0.0,-1.7448763463505623,0.0110702886715663,-0.1850171490462723,0.332629901869695,0.0,0.014211049568067,0.0399198568182053,0.0187050289963498,0.2109906133236125,0.0,,0.0,-0.0032103836312817,-75.55858831828634,40666064000.0,4928846000.0,-4191950000.0,41908604000.0,0.0,0.0,0.0,0.0,0.0,0.0,0.0,0.0,0.0,-0.0292840345184741,0.0196300541963141,2009-10-22,-0.28,bmo,525127272.0,2025-04-25,2009-09-30,0.1785714285714285,4.20890625,27911296.59375
2009-06-30,HBAN,USD,49196,2009-08-10,2009-08-10 17:26:22,2009,Q2,635430000.0,19586000.0,615844000.0,0.9691767779,0,230112000.0,7491000.0,237603000.0,397827000.0,635430000.0,635430000.0,563004000.0,213105000.0,51852000.0,0.0,0.0,13116000.0,0.0206411406,-150961000.0,-137845000.0,-0.2169318414,-12750000.0,-125095000.0,-0.1968666887,-0.4,-0.4,459246000,459246000,https://www.sec.gov/Archives/edgar/data/49196/000095012309033084/0000950123-09-033084-index.htm,https://www.sec.gov/Archives/edgar/data/49196/000095012309033084/c89079e10vq.htm,1.3836375275995871,-0.2723921384181898,1.0647779185882946,1.0513493857322656,5.390762249426233,11.367593838596308,9.690179119687487,11.367593838596308,13.463653466769443,1919648280.0,5413986280.0,-3.8363809105080136,3.021022425758934,3.925701244389002,3.975842908861954,0.3677119414495332,0.3677119414495332,8.52019306611271,0.0,11.071659792022412,11.213074386738134,-0.0651655833536339,0.2515189918019774,1.1435684017805117,0.1161545368223188,0.0,23.16227680799315,0.0615471246568593,-3.908989168232144,0.0159753223126894,-0.2451496862384587,0.3621358764930834,0.0,0.0149880775727075,0.0125768157138621,0.0096784854350597,0.11860680398056,0.0,,0.0002363751916339,-0.0024709193170919,-95.15824634291862,42188775000.0,4450176000.0,-2084325000.0,43462998000.0,0.0,0.0,0.0,0.0,0.0,0.0,0.0,0.0,0.0,-0.0239621631706561,0.0133915156582746,2009-07-22,-0.18,bmo,508071298.0,2025-04-25,2009-06-30,1.2222222222222223,3.726825396825397,32419100.19047619
2009-03-31,HBAN,USD,49196,2009-05-11,2009-05-11 17:07:26,2009,Q1,576607000.0,0.0,576607000.0,1.0,0,202815000.0,8225000.0,211040000.0,369489000.0,580529000.0,580529000.0,569957000.0,232452000.0,53756000.0,0.0,0.0,0.0,0.0,-2684999000.0,-2684999000.0,-4.6565494349,-251792000.0,-2433207000.0,-4.2198707265,-6.79,-6.79,366919000,366919000,https://www.sec.gov/Archives/edgar/data/49196/000136231009007089/0001362310-09-007089-index.htm,https://www.sec.gov/Archives/edgar/data/49196/000136231009007089/c85145e10vq.htm,1.5714830793717414,-6.631455443844554,2.88775451802714,2.8470207320961847,7.237526538554831,13.122067813332098,10.96441994009577,13.122067813332098,18.76567035231209,609085540.0,4606528540.0,-0.0625805305508327,1.0563269956833683,0.574841105653981,0.5830656522047125,0.1265044521651862,0.1265044521651862,7.989026390591859,0.0,4.347537062134522,4.409739504856283,-3.994852677014792,1.7150727301784243,1.381805565248022,0.1286799913930036,0.0,43.02445493803821,0.0,-0.4354631562378375,0.1149559387011551,-0.0287760145355491,0.3517387059123458,0.0,0.0153123686889078,0.0141056955072425,0.0259206010332861,0.2780340799166604,0.0,,0.0,-0.0477938681460697,-120.54923021157258,44346180000.0,4023054000.0,-1485962000.0,45654992000.0,1713941500.0,0.0,20628500.0,0.0,0.0,0.0,0.0,0.0,0.0,-0.5053666493863838,0.0407337859309547,2009-04-21,-0.1,bmo,8502209.13,2025-04-25,2009-03-31,66.9,2.73327868852459,17564707.491803277
2008-12-31,HBAN,USD,49196,2009-02-24,2009-02-23 18:38:40,2008,Q4,424277000.0,19187000.0,405090000.0,0.9547771857,0,271945000.0,9357000.0,281302000.0,142975000.0,424277000.0,424277000.0,662508000.0,286143000.0,63607000.0,0.0,0.0,0.0,0.0,-669238000.0,-669238000.0,-1.5773610165,-251949000.0,-417289000.0,-0.983529628,-1.2,-1.2,366054000,366054000,https://www.sec.gov/Archives/edgar/data/49196/000095015209001672/0000950152-09-001672-index.htm,https://www.sec.gov/Archives/edgar/data/49196/000095015209001672/l35282ae10vk.htm,1.1590557677282587,-1.1399656881225175,0.723207504903648,0.6820796931600256,4.224764652209784,19.74819562141105,10.428018816895868,19.74819562141105,19.60606358624684,2803973640.0,8595454640.0,-1.6798751225170083,6.608827817675716,10.591704245409527,11.230359262730396,0.3878835386709967,0.3878835386709967,20.259063394904743,0.0,32.468391322577844,34.426159453375945,-0.1488205859167777,0.0890443463655385,0.9532196158035532,0.1267777836672768,0.0,2293.98587119321,0.0,-0.6344116427703582,0.0212994156392996,-0.1431214338264368,0.6409609759661731,0.0,0.062769246416274,0.0568686185704086,0.0354838937769428,0.2366877859355102,0.0,,0.0,-0.0081915863300433,-117.43054371759358,45928507000.0,3817218000.0,-1175416000.0,49859695000.0,1713941500.0,0.0,20628500.0,727.141631528459,0.0,193.52321884609373,0.1237723107819024,0.0,0.4650604745861308,-0.0577250554924908,0.0411278117436225,2009-01-22,0.2,bmo,73916666.0,2025-04-25,2008-12-31,-6.999999999999999,8.2759375,6657346.6875
2008-09-30,HBAN,USD,49196,2008-11-10,2008-11-10 16:24:13,2008,Q3,556493000.0,0.0,556493000.0,1.0,0,184827000.0,7049000.0,191876000.0,364617000.0,556493000.0,556493000.0,685728000.0,297092000.0,62010000.0,0.0,0.0,0.0,0.0,92105000.0,92105000.0,0.1655097189,17042000.0,75063000.0,0.1348857937,0.17,0.17,366124000,367361000,https://www.sec.gov/Archives/edgar/data/49196/000095015208009070/0000950152-08-009070-index.htm,https://www.sec.gov/Archives/edgar/data/49196/000095015208009070/l34480ae10vq.htm,1.519957719242661,0.2050207033682577,1.8918508483464616,1.85424610241339,15.744938873168651,17.40914553539238,8.034452808338159,17.40914553539238,27.630504965530804,2925330760.0,11544893760.0,9.742918481808614,5.256725169948229,4.223377338114956,4.309028876803695,0.4589541734691412,0.4589541734691412,20.74580230119696,0.0,16.66766826631555,17.0056942865055,0.0256596624991561,0.2320708513658811,1.5405151880181478,0.1796376361769537,0.0,22.861583048347622,0.0,9.227608808600776,0.0203416313853001,0.7927474254959168,0.3321281669311204,0.0,0.0627929567315859,0.0198772255042936,0.0247406526227643,0.2220287050475729,0.0,8.961461566669607,0.0,0.0014652646314226,-116.1412062579891,43162810000.0,2941606000.0,-3149505000.0,47122908000.0,0.0,0.0,0.0,0.0,0.0,0.0,0.0,0.0,0.0,0.0117766091937973,0.0376047459330718,2008-10-16,0.24,bmo,,2025-04-25,2008-09-30,-0.2916666666666666,7.5096875,11955653.546875
2008-06-30,HBAN,USD,49196,2008-08-11,2008-08-11 12:37:08,2008,Q2,626296000.0,0.0,626296000.0,1.0,0,199991000.0,7339000.0,207330000.0,418966000.0,626296000.0,626296000.0,696675000.0,306809000.0,60118000.0,0.0,0.0,434489000.0,0.6937438527,-306809000.0,127680000.0,0.203865265,26328000.0,101352000.0,0.1618276342,0.25,0.25,366206000,367234000,https://www.sec.gov/Archives/edgar/data/49196/000095015208006315/0000950152-08-006315-index.htm,https://www.sec.gov/Archives/edgar/data/49196/000095015208006315/l32801ae10vq.htm,1.710228669109736,0.2767622594932906,0.7793536970994468,0.7315855010567822,17.099525949875208,17.425342566752047,7.999115252071238,17.425342566752047,27.760752144967583,2113008620.0,10498679620.0,5.212054572184071,3.373817843320091,7.403570447505991,7.886979705947123,0.3311269191923545,0.3311269191923545,16.76312737108332,0.0,36.78532753570377,39.18719134339389,0.0479657295482306,0.1267912480167733,1.5450455356422277,0.1781792989935399,0.0,19.65406948845533,1.416154676036231,2.815968111137422,0.0410902251785418,0.8566579840555687,0.3193234508922298,0.0,0.0623839035500897,0.0612920631806141,0.0279308825220023,0.2909777437705845,0.0,10.416824687851166,0.0062330041658623,0.0019535136531237,-116.57544387585128,43150407000.0,2929324000.0,-3488979000.0,47136137000.0,0.0,0.0,0.0,0.0,0.0,0.0,0.0,0.0,0.0,0.0158827442521192,0.0477681960426645,2008-07-17,0.23,bmo,576196000.0,2025-04-25,2008-06-30,0.0869565217391303,8.7828125,11003386.640625
2008-03-31,HBAN,USD,49196,2008-05-09,2008-05-09 17:07:46,2008,Q1,612576000.0,140835000.0,471741000.0,0.7700938333,0,201943000.0,8919000.0,210862000.0,-210862000.0,8919000.0,149754000.0,753411000.0,376587000.0,59125000.0,0.0,0.0,530032000.0,0.8652510056,-376587000.0,153445000.0,0.2504913676,26377000.0,127068000.0,0.2074322207,0.35,0.35,366235000,367208000,https://www.sec.gov/Archives/edgar/data/49196/000095015208003758/0000950152-08-003758-index.htm,https://www.sec.gov/Archives/edgar/data/49196/000095015208003758/l31506ae10vq.htm,1.6726309609949896,0.346957554575614,-0.014908460414761,-0.052122271219299,4.083834150204104,16.127838682812946,6.690013242863189,16.127838682812946,30.67861345857168,3937026250.0,13300378250.0,7.745904259923821,6.42700048647025,-721.0670787545788,-206.24580910472,0.666549325760309,0.666549325760309,21.712209178942693,0.0,-2435.9667124542125,-696.7561553774425,0.032275121355871,-0.0048485833692371,1.8384575911030736,0.1937308393216302,0.0,13.933040592338983,1.407462286271167,-0.0429691188969685,0.0245863232433362,0.7617732237856896,0.3296619521496108,0.0,0.0616653092061761,-2.496153846153846,0.0222486679203886,0.2305116279069767,0.0,11.22063715100539,0.0078305933284699,0.0024159478109033,-132.83751416440265,43154168000.0,2450117000.0,-3654484000.0,47155348000.0,1333148500.0,0.0,0.0,0.0,0.0,0.0,0.0,0.0,0.0,0.021512960378588,0.037213810804538,2008-04-15,0.35,bmo,612600000.0,2025-04-25,2008-03-31,0.0,12.268032786885248,7650275.295081967
2007-12-31,HBAN,USD,49196,2008-02-26,2008-02-26 13:08:33,2007,Q4,-1424623000.0,-1978115000.0,553492000.0,-0.3885182255,0,257603000.0,16175000.0,273778000.0,279714000.0,553492000.0,501846000.0,814398000.0,431465000.0,46922000.0,0.0,0.0,-1926469000.0,1.3522658275,1528325000.0,-398144000.0,0.2794732361,-158864000.0,-239280000.0,0.1679602253,-0.65,-0.65,366119000,366235000,https://www.sec.gov/Archives/edgar/data/49196/000095015208001408/0000950152-08-001408-index.htm,https://www.sec.gov/Archives/edgar/data/49196/000095015208001408/l29571ae10vk.htm,-3.891147413819004,-0.6535579961706439,2.966852307583053,2.8071692537125905,6.238799406750264,16.24919766523999,6.724144335584878,16.24919766523999,20.54956448586389,5403916440.0,10739350440.0,-5.646017678034102,-3.79322560424758,4.97496958722028,5.257965824639652,0.9083525417119112,0.9083525417119112,-7.538380638246048,0.0,9.886892667330129,10.449298803804009,-0.0442789970305314,0.1901876188152161,1.192125416446747,0.1296608647405762,0.0,328.8319097455033,-4.464948489448739,-4.539539451688398,0.0178002382287021,-0.402001838849883,-0.1808218735763777,0.0,0.0637562053146591,0.053822380528456,-0.0410375236115098,1.2459613827202591,0.0,,-0.0211670836809821,-0.0046725098425283,-121.44811454745587,44982472000.0,2461837000.0,-3628644000.0,49027340000.0,1333148500.0,0.0,0.0,-168.44226858614525,0.0,0.0,-0.5343076934039981,0.0,0.0,-0.0402209394971374,0.1596830538704629,2008-01-17,-0.57,bmo,485376923.0,2025-04-25,2007-12-31,0.1403508771929826,16.125,4038501.953125
2007-09-30,HBAN,USD,49196,2007-10-26,2007-10-26 17:03:47,2007,Q3,851155000.0,236848000.0,614307000.0,0.7217334093,0,202148000.0,13186000.0,215334000.0,0.0,13186000.0,250034000.0,851155000.0,441522000.0,39059000.0,0.0,0.0,628259000.0,0.7381252533,-441522000.0,186737000.0,0.2193924726,48535000.0,138202000.0,0.1623699561,0.38,0.38,365895000,368280000,https://www.sec.gov/Archives/edgar/data/49196/000095015207008288/0000950152-07-008288-index.htm,https://www.sec.gov/Archives/edgar/data/49196/000095015207008288/l28461ae10vq.htm,2.326227469629265,0.3777094521652386,-2.585203405348529,-2.585203405348529,4.074453053471625,17.080512168791593,7.680528566938603,17.080512168791593,25.359502042935816,6443410950.0,13789981950.0,11.655784558110591,7.570196908906134,-6.811843108192825,-6.811843108192825,1.0309995289354292,1.0309995289354292,16.201493206290277,0.0,-14.57848866650527,-14.57848866650527,0.0214485776357318,-0.146803146243528,1.414056637194196,0.1597968440830612,0.0,20.65178733393321,1.422939287283533,-6.84442338026946,0.0107961451690428,0.5033501685937974,0.2374984579776891,0.0,0.062191008605953,0.0,0.0,0.0,0.0,12.048157332740107,0.0084074965674736,0.0026646732679681,-129.99202230147992,43766810000.0,2810267000.0,-3060327000.0,47753597000.0,0.0,0.0,0.0,0.0,0.0,0.0,0.0,0.0,0.0,0.0221134734387745,0.0,2007-10-18,0.43,bmo,695128947.0,2025-04-25,2007-09-30,-0.1162790697674418,18.67079365079365,3765251.4285714286
2007-06-30,HBAN,USD,49196,2007-08-09,2007-08-09 14:22:30,2007,Q2,542461000.0,132877000.0,409584000.0,0.7550478283,0,135191000.0,8986000.0,144177000.0,0.0,8986000.0,141863000.0,542461000.0,289070000.0,20054000.0,0.0,0.0,393866000.0,0.7260724734,-289070000.0,104796000.0,0.1931862383,24275000.0,80521000.0,0.1484364775,0.34,0.34,236032000,239008000,https://www.sec.gov/Archives/edgar/data/49196/000095015207006645/0000950152-07-006645-index.htm,https://www.sec.gov/Archives/edgar/data/49196/000095015207006645/l27297ae10vq.htm,2.298251931941432,0.3411444210954447,-2.8132541350325377,-3.011485730748373,4.618060263015185,12.98188804907809,10.336551823481562,12.98188804907809,34.13860408758134,5367367680.0,12046090680.0,16.664496466760223,9.894476616752172,-8.083165938272758,-7.551090070863117,1.7516712448937564,1.7516712448937564,22.20637184977353,0.0,-18.14121105150764,-16.947062535962644,0.0150019534342763,-0.1324312106749504,2.535370598154589,0.2133055099511305,0.0,10.80583962118731,1.3625281073788356,-8.246519541486071,0.0116375481845134,0.7757355224103029,0.2492179161266892,0.0,0.0171436639057265,-0.070463451291983,0.0862532052995515,2.333150493667099,0.0,9.982270301521789,0.008309307372775,0.0022494223006611,-136.70406978714752,28053909000.0,2439757000.0,-2441697000.0,29076729000.0,0.0,0.0,0.0,0.0,0.0,0.0,0.0,0.0,0.0,0.026278490448057,0.1982315957158351,2007-07-19,0.38,bmo,457788235.0,2025-04-25,2007-06-30,-0.1052631578947368,22.23095238095238,2191892.6666666665
2007-03-31,HBAN,USD,49196,2007-05-04,2007-05-04 16:33:50,2007,Q1,400732000.0,0.0,400732000.0,1.0,0,134639000.0,7696000.0,142335000.0,-142335000.0,-7916000.0,-7916000.0,534949000.0,279394000.0,21226000.0,0.0,0.0,408648000.0,1.0197538505,-279394000.0,129254000.0,0.3225447431,33528000.0,95726000.0,0.2388778535,0.41,0.4,235586000,238754000,https://www.sec.gov/Archives/edgar/data/49196/000095015207003934/0000950152-07-003934-index.htm,https://www.sec.gov/Archives/edgar/data/49196/000095015207003934/l25994ae10vq.htm,1.7010009083731632,0.4063314458414337,0.7680040409871555,0.7415168982876741,4.1075106330596896,12.952212780046352,10.291002012004109,12.952212780046352,27.629931320197297,5147554100.0,10510129100.0,13.44345867371456,12.84537820787958,28.45037113595791,29.466624496968933,1.6869704328561692,1.6869704328561692,26.227326742062026,0.0,58.08915608712714,60.16411320560304,0.0185964048440015,0.0339367001504656,2.0416571627077764,0.1781005102475038,0.0,19.124516077508726,1.4626226762206775,1.89009255583645,0.0119551924670398,0.6428765434678144,0.3359826517473024,0.0,0.0179232865701511,0.0344882855895341,0.0155715041474102,0.2939790822576086,0.0,10.88186818885654,0.0086521531032026,0.0027865920691609,-131.41811058382078,28595629000.0,2424416000.0,-1754578000.0,29600260000.0,1430303000.0,0.0,0.0,0.0,0.0,0.0,0.0,0.0,0.0,0.0313715851292538,0.0264871426994812,2007-04-19,0.43,bmo,430860000.0,2025-04-25,2007-03-31,-0.069767441860465,23.11655737704918,2247378.1147540985
2006-12-31,HBAN,USD,49196,2007-02-22,2007-02-22 17:20:19,2006,Q4,-1181651000.0,-1569469000.0,387818000.0,,0,202346000.0,6207000.0,208553000.0,179265000.0,387818000.0,387818000.0,544841000.0,286852000.0,23247000.0,0.0,0.0,-1610953000.0,,1726014000.0,115061000.0,,27346000.0,87715000.0,,0.37,0.37,235586000,235586000,https://www.sec.gov/Archives/edgar/data/49196/000095015207001395/0000950152-07-001395-index.htm,https://www.sec.gov/Archives/edgar/data/49196/000095015207001395/l24508ae10vk.htm,-5.015794656728328,0.3723268785072118,0.7637423276425594,0.7322209299364139,5.601338789231958,12.795013286018694,10.119289771039028,12.795013286018694,20.55871741105159,5595167500.0,8997330500.0,15.947008778430144,-4.735042326372169,31.09687539946756,32.435565590924114,1.8561918982883736,1.8561918982883736,-7.614202924552173,0.0,50.00544943226976,52.1581353151576,0.0156769212003036,0.0308303549446911,1.511612877970067,0.1289731254638007,0.0,355.778680819163,-5.615972696721655,2.051268312147295,0.0123697816017125,0.7890440631590948,-0.1712400700375999,0.0,0.0178426409179377,0.0412722937635818,-0.0062844274663161,0.3194390674065471,0.0,10.353181421086804,-0.0348009411679288,0.0025279077091631,-122.4590659037464,29814536000.0,2383963000.0,-2416120000.0,30846002000.0,1430303000.0,0.0,0.0,-217.8769704422033,0.0,0.0,-0.4130771591753635,0.0,0.0,0.0290993741221088,0.0315213977061455,2007-01-18,0.45,bmo,389934782.0,2025-04-25,2006-12-31,0.0222222222222222,24.314761904761905,1359333.2857142857
2006-09-30,HBAN,USD,49196,2006-11-09,2006-11-09 16:25:40,2006,Q3,353223000.0,0.0,353223000.0,1.0,0,133823000.0,7846000.0,141669000.0,211554000.0,353223000.0,353223000.0,538988000.0,283675000.0,27057000.0,0.0,0.0,8580000.0,0.024290604,88051000.0,96631000.0,0.2735693882,-60815000.0,157446000.0,0.4457410758,0.66,0.65,237672000,240896000,https://www.sec.gov/Archives/edgar/data/49196/000095015206009142/0000950152-06-009142-index.htm,https://www.sec.gov/Archives/edgar/data/49196/000095015206009142/l23057ae10vq.htm,1.486178430778552,0.6624507724931838,0.5975882729139318,0.5121680298899324,3.817954996802315,13.168341243394256,10.506016695277523,13.168341243394256,29.056510653337373,5687490960.0,11461646960.0,9.030859723333714,16.101700512141054,40.044293177497714,46.722947555205046,1.81723723267,1.81723723267,32.44875605495678,0.0,80.69877462507921,94.15785160357518,0.0276828571873457,0.0214027592933527,2.11590461334562,0.1856949597929984,0.0,19.5072619712575,0.0302458799682735,0.9020870647714136,0.0103402362155139,0.3735248910737649,0.3788626448447581,0.0,0.0177432819990652,0.142941632049567,0.0574764383972731,0.7503418708652105,0.0,14.009853716426113,0.0003920102142178,0.0044947088125479,-133.06060873809284,28362453000.0,2496986000.0,-2637245000.0,29417473000.0,0.0,0.0,0.0,0.0,0.0,0.0,0.0,0.0,0.0,0.050306318787531,0.0854202430239994,2006-10-19,0.46,bmo,353200000.0,2025-04-25,2006-09-30,0.0,23.94174603174603,1032679.5714285716
2006-06-30,HBAN,USD,49196,2006-08-04,2006-08-04 13:06:16,2006,Q2,425214000.0,0.0,425214000.0,1.0,0,137904000.0,10374000.0,148278000.0,276936000.0,425214000.0,425214000.0,521903000.0,259708000.0,29731000.0,0.0,0.0,14851000.0,0.0349259432,142259000.0,157110000.0,0.3694845419,45506000.0,111604000.0,0.262465488,0.46,0.46,241729000,244538000,https://www.sec.gov/Archives/edgar/data/49196/000095015206006528/0000950152-06-006528-index.htm,https://www.sec.gov/Archives/edgar/data/49196/000095015206006528/l21668ae10vq.htm,1.7590524926674085,0.4616905708458645,-0.507808330816741,-0.5219191739509947,3.7798402343119775,12.158888672852658,9.528513335181133,12.158888672852658,31.5617075319883,5699969820.0,12193520820.0,12.768291951901364,13.404943910595604,-46.43484277241919,-45.17940933554212,1.9393219754242368,1.9393219754242368,28.67619791446189,0.0,-99.3346000065172,-96.64894477778746,0.0195797527924454,-0.0221339768427054,2.5074109710406662,0.2032128527123519,0.0,14.123743374670498,0.0571834521847613,-1.0998888928712232,0.0107751447708542,0.5503207770330812,0.3243166970043319,0.0,0.0175327278938487,-0.0277877346193952,0.0080218431189942,0.1147287343177155,0.0,11.23863851518345,0.000290893919371,0.0031323096006423,-134.08785871782038,27900186000.0,2303318000.0,-3300503000.0,29033730000.0,0.0,0.0,0.0,0.0,0.0,0.0,0.0,0.0,0.0,0.0379714448637636,0.0141108431342536,2006-07-21,0.44,bmo,406713043.0,2025-04-25,2006-06-30,0.0454545454545455,23.7315873015873,1063669.507936508
2006-03-31,HBAN,USD,49196,2006-05-10,2006-05-10 11:38:03,2006,Q1,403214000.0,0.0,403214000.0,1.0,0,131557000.0,7301000.0,138858000.0,264356000.0,403214000.0,403214000.0,464787000.0,221107000.0,31614000.0,0.0,0.0,19390000.0,0.048088608,125869000.0,145259000.0,0.3602528682,40803000.0,104456000.0,0.2590584652,0.45,0.45,230976000,234363000,https://www.sec.gov/Archives/edgar/data/49196/000095015206004212/0000950152-06-004212-index.htm,https://www.sec.gov/Archives/edgar/data/49196/000095015206004212/l19902ae10vq.htm,1.7456965225824328,0.4522374619008035,0.1093360349127182,0.0397703657522859,3.552152604599612,13.335498060404545,10.565474334995844,13.335498060404545,29.812898309781104,5573450880.0,11441149880.0,13.339231063797197,13.822562907041918,220.69576621525303,606.7331678641411,1.8094562265841605,1.8094562265841605,28.37488251896016,0.0,453.0430775322721,1245.4985717396037,0.0187417099834564,0.0016481709802024,2.1638206208728064,0.1868719229895416,0.0,17.483948786870325,0.0876950978485529,0.2417668683464808,0.007477952331034,0.3990005361108983,0.3262709132123388,0.0,0.01793895117043,0.3402233309574721,0.0213087839211932,0.2717783260580755,0.0,11.64874522901329,0.0003909442707665,0.00298223324892,-137.52626679828208,27817257000.0,2440371000.0,-3080936000.0,29007645000.0,0.0,0.0,0.0,0.0,0.0,0.0,0.0,0.0,0.0,0.0339123038263997,0.0371986699916874,2006-04-19,0.44,bmo,394240000.0,2025-04-25,2006-03-31,0.0227272727272727,23.64854838709677,1463170.6935483871
2005-12-31,HBAN,USD,49196,2006-08-04,2006-08-04 09:44:05,2005,Q4,-1203695000.0,-1594693000.0,390998000.0,-0.3248314565,0,116111000.0,7403000.0,123514000.0,267484000.0,390998000.0,386221000.0,442476000.0,198800000.0,37863000.0,0.0,0.0,-1589916000.0,1.3208628432,1719728000.0,129812000.0,-0.1078445952,29239000.0,100573000.0,-0.083553558,0.44,0.44,226698000,230976000,https://www.sec.gov/Archives/edgar/data/49196/000095015206006501/0000950152-06-006501-index.htm,https://www.sec.gov/Archives/edgar/data/49196/000095015206006501/l21669ae10vkza.htm,-5.3096851317611975,0.4436430846324184,1.5076312980264492,1.5076312980264492,4.361908794960697,11.281533141006978,10.322168700209088,11.281533141006978,29.490763041579548,5384077500.0,10881938500.0,13.383506259135157,-4.472958266005923,15.753188482548564,15.753188482548564,2.105210320543374,2.105210320543374,-9.04044504629495,0.0,31.83929433519517,31.83929433519517,0.0186797088266281,0.063479212548482,2.536341921273931,0.1979775860103547,0.0,0.0,-7.997565392354125,3.398297753870323,0.0108107656325526,0.5787437980372466,-0.0964621436493463,0.0,0.0066377932052395,0.0,0.0,0.0,0.0,10.611876301876675,-0.0355456579986831,0.0030900548214124,-128.88718912385642,27651503000.0,2340015000.0,-2555801000.0,28229666000.0,0.0,0.0,0.0,0.0,0.0,0.0,0.0,0.0,0.0,0.0393247158065627,0.0,2006-01-18,0.47,bmo,417659090.0,2025-04-25,2005-12-31,-0.0638297872340424,23.369206349206348,907904.984126984
2005-09-30,HBAN,USD,49196,2005-11-04,2005-11-04 15:04:14,2005,Q3,420858000.0,18481000.0,402377000.0,0.9560873264,0,117476000.0,6364000.0,123840000.0,278537000.0,402377000.0,402377000.0,420858000.0,179221000.0,28535000.0,0.0,0.0,29262000.0,0.06952939,122364000.0,151626000.0,0.3602782886,43052000.0,108574000.0,0.2579825024,0.47,0.47,229830000,233456000,https://www.sec.gov/Archives/edgar/data/49196/000095015205008773/0000950152-05-008773-index.htm,https://www.sec.gov/Archives/edgar/data/49196/000095015205008773/l16372ae10vq.htm,1.8311708654222687,0.4724100422051081,1.894713483879389,1.835674193969456,3.5931079493538705,11.411369272940869,10.464134360179264,11.411369272940869,29.00934168733412,5164280100.0,10848851100.0,11.891152808222962,12.27083743210299,11.85931286771291,12.24073426200482,1.969088850124396,1.969088850124396,25.77793721397716,0.0,24.91342780770768,25.714698039550317,0.0210240339210106,0.0816944456595218,2.4738086114367963,0.1980282140322488,0.0,18.24605574730161,0.1632732771271224,4.010739219334279,0.0096629150692271,0.4596127986442426,0.2791345299364631,0.0,0.0066447846576142,0.0311600093693594,0.0322412785310009,0.4755212896442964,0.0,11.013356545421637,0.0006395472902132,0.0033360900050498,-127.54866205456209,25913337000.0,2404972000.0,-2724410000.0,26764106000.0,0.0,0.0,0.0,0.0,0.0,0.0,0.0,0.0,0.0,0.041398190778499,0.0590392899099334,2005-10-19,0.46,bmo,393740425.0,2025-04-25,2005-09-30,0.0217391304347825,24.226875,931725.078125
2005-06-30,HBAN,USD,49196,2005-08-09,2005-08-09 17:08:02,2005,Q2,398070000.0,0.0,398070000.0,1.0,0,124090000.0,6934000.0,131024000.0,267046000.0,398070000.0,398070000.0,402326000.0,160426000.0,55406000.0,0.0,0.0,38097000.0,0.0957042731,98942000.0,137039000.0,0.3442585475,30614000.0,106425000.0,0.2673524757,0.46,0.45,232217000,235671000,https://www.sec.gov/Archives/edgar/data/49196/000095015205006786/0000950152-05-006786-index.htm,https://www.sec.gov/Archives/edgar/data/49196/000095015205006786/l15412ae10vq.htm,1.7142155828384658,0.4582997799472045,-2.212473677637727,-2.280479034695996,20.783952079305138,11.328950938131143,10.391999724395715,11.328950938131143,27.60892613374559,5605718380.0,10880122380.0,13.168236739487902,14.082242771371869,-10.910864271060817,-10.585495254604714,2.1308239511170664,2.1308239511170664,27.33218373652875,0.0,-21.176864496841024,-20.545356726073805,0.0189850778768518,-0.0944688912467272,2.37604356130798,0.1894825828775396,0.0,22.01467231462217,0.2374739755401244,-4.827568710359408,0.0084085565497137,0.4429034531360112,0.3117290928731128,0.0,0.0065954157895301,-0.0307372502306461,0.0396714145753259,1.374173337974243,0.0,10.808388119627692,0.0008968533760216,0.0032474964906898,-109.94807443038192,26615818000.0,2413199000.0,-2475846000.0,27543769000.0,0.0,0.0,0.0,0.0,0.0,0.0,0.0,0.0,0.0,0.0404538586538187,0.0680053570582687,2005-07-20,0.43,bmo,380406666.0,2025-04-25,2005-06-30,0.0465116279069767,23.77046875,715478.140625
2005-03-31,HBAN,USD,49196,2005-05-05,2005-05-05 15:07:12,2005,Q1,403248000.0,0.0,403248000.0,1.0,0,123981000.0,6454000.0,130435000.0,272813000.0,403248000.0,403248000.0,376105000.0,140907000.0,54958000.0,0.0,0.0,46732000.0,0.1158889815,78365000.0,125097000.0,0.3102234853,28578000.0,96519000.0,0.239353946,0.42,0.41,231824000,235053000,https://www.sec.gov/Archives/edgar/data/49196/000095015205004004/0000950152-05-004004-index.htm,https://www.sec.gov/Archives/edgar/data/49196/000095015205004004/l13764ae10vq.htm,1.73945751949755,0.4163460211194699,1.767970529367106,1.7131530816481468,4.073133066464214,11.171289426461454,10.2318698667955,11.171289426461454,26.92780730209124,5540593600.0,10727499600.0,14.351043835928676,13.739915883029798,13.518324883252248,13.950884048848042,2.1394128365690737,2.1394128365690737,26.60273479347697,0.0,26.17369820767193,27.01120382726929,0.0174203356116933,0.0716800452572446,2.3560385408296405,0.1895932954327275,0.0,26.56694365532136,0.3316513728913396,4.246397082439727,0.0081911800930499,0.4702079383333851,0.3074559576240924,0.0,0.0067670109552059,0.0310058605663424,0.0315141054636352,0.2127965973978131,0.0,10.229870127637383,0.0011203640710111,0.0030195384494434,-123.5789909586583,26423334000.0,2371993000.0,-2135996000.0,26996093000.0,0.0,0.0,0.0,0.0,0.0,0.0,0.0,0.0,0.0,0.037269289624998,0.0548174477189592,2005-04-25,0.42,bmo,413136585.0,2025-04-25,2005-03-31,-0.0238095238095238,23.215737704918038,845433.8524590164
2004-12-31,HBAN,USD,49196,2005-03-03,2005-03-02 19:17:47,2004,Q4,422008000.0,0.0,422008000.0,1.0,0,122738000.0,5581000.0,128319000.0,293689000.0,422008000.0,422008000.0,359215000.0,120147000.0,72831000.0,0.0,0.0,0.0,0.0,128340000.0,128340000.0,0.3041174575,37201000.0,91139000.0,0.2159651002,0.39,0.39,231149000,231824000,https://www.sec.gov/Archives/edgar/data/49196/000095015205001700/0000950152-05-001700-index.htm,https://www.sec.gov/Archives/edgar/data/49196/000095015205001700/l11717ae10vk.htm,1.825696844892256,0.3942868020194766,0.0167813834366577,-0.1012074462792398,3.892372452400832,10.978364604648949,10.044737377189604,10.978364604648949,33.11398708192551,5718626260.0,12353026260.0,15.686550927703836,13.55099017080245,1474.2527094612012,-244.44841668803969,2.2535232606069107,2.2535232606069107,29.27201915603496,0.0,3184.5904253673625,-528.04250064119,0.0159372191600435,-0.0040908426143589,2.9689490778432543,0.2313527719229956,0.0,0.0,0.0,0.0425613623147061,0.0080966997832797,0.5080371739869869,0.2908428276241209,0.0,0.0066268603239803,7.030935808197989,0.0646267369338969,0.3744696626436545,0.0,9.868842186692628,0.0,0.0028173067500801,-126.014566361957,26858690000.0,2321831000.0,-3169169000.0,28016922000.0,0.0,0.0,0.0,0.0,0.0,0.0,0.0,0.0,0.0,0.0359148940865482,0.1179888297158975,2005-01-21,0.43,bmo,461264558.0,2025-04-25,2004-12-31,-0.0930232558139534,24.24140625,820366.1875
2004-09-30,HBAN,USD,49196,2004-11-05,2004-11-04 18:32:35,2004,Q3,416949000.0,0.0,416949000.0,1.0,0,121729000.0,5000000.0,126729000.0,290220000.0,416949000.0,416949000.0,338002000.0,110944000.0,80918000.0,0.0,0.0,64412000.0,0.1544841216,67329000.0,131741000.0,0.3159643026,38255000.0,93486000.0,0.2242144723,0.41,0.4,229848000,234348000,https://www.sec.gov/Archives/edgar/data/49196/000095015204007920/0000950152-04-007920-index.htm,https://www.sec.gov/Archives/edgar/data/49196/000095015204007920/l10361ae10vq.htm,1.814020570115903,0.4067296648219693,0.7481988096481152,0.6845654519508545,4.74014566148063,10.706714872437438,9.766915526782917,10.706714872437438,33.64123681737496,5725513680.0,12293582680.0,15.311152685963672,13.731928077534665,33.293290070476594,36.38804723348544,2.326577320567902,2.326577320567902,29.48461965372264,0.0,71.48595515549043,78.13088785224919,0.016327967275069,0.0274815516640246,3.096986611088468,0.2396110564262326,0.0,22.17695065413151,0.5805811941159504,1.8395481676400744,0.0072541962732678,0.4442804270158098,0.2919517734782911,0.0,0.0067911985392875,0.0850487288628381,0.0350786307198242,0.1807508836105687,0.0,9.89856643190036,0.0014370205085341,0.0029592153986318,-122.93804166231595,25748779000.0,2244906000.0,-2381910000.0,26321228000.0,0.0,0.0,0.0,0.0,0.0,0.0,0.0,0.0,0.0,0.0379882783531504,0.0636333576972607,2004-10-15,0.44,bmo,458699999.0,2025-04-25,2004-09-30,-0.0909090909090908,24.10453125,804934.546875
2004-06-30,HBAN,USD,49196,2004-08-09,2004-08-09 16:05:42,2004,Q2,440691000.0,0.0,440691000.0,1.0,0,119715000.0,8069000.0,127784000.0,312907000.0,440691000.0,440691000.0,324167000.0,101604000.0,71980000.0,0.0,0.0,78706000.0,0.1785967946,74805000.0,153511000.0,0.3483415817,43384000.0,110127000.0,0.2498961858,0.48,0.47,229429000,232659000,https://www.sec.gov/Archives/edgar/data/49196/000119312504135877/0001193125-04-135877-index.htm,https://www.sec.gov/Archives/edgar/data/49196/000119312504135877/d10q.htm,1.9208164617376184,0.4800047073386538,0.6908411752655506,0.6216868835238788,5.1737313068531,10.40133984805757,9.458935008216049,10.40133984805757,35.18198658408484,5272278420.0,12079447420.0,11.968632624152114,11.963662566287944,33.263796112278314,36.96394537028598,2.20933075312326,2.20933075312326,27.410243050119018,0.0,76.21150556154929,84.68900899511333,0.0208879333045541,0.027053389187288,3.339870740861954,0.2536555726091481,0.0,22.849094028280117,0.7746348568953978,1.439238333923561,0.0075811626048383,0.3629446003250792,0.2716529268807395,0.0,0.0068811808178209,0.1001015779279364,0.0360025505399474,0.2204223395387607,0.0,10.598847674071786,0.0017969636791979,0.0035291469880571,-121.37887102327952,24707611000.0,2170154000.0,-3196396000.0,25278360000.0,0.0,0.0,0.0,0.0,0.0,0.0,0.0,0.0,0.0,0.0461483534189389,0.0691542917416717,2004-07-16,0.42,bmo,393817021.0,2025-04-25,2004-06-30,0.119047619047619,22.05,887263.4354838709
2004-03-31,HBAN,USD,49196,2004-05-10,2004-05-10 16:39:43,2004,Q1,450324000.0,0.0,450324000.0,1.0,0,121624000.0,7839000.0,129463000.0,320861000.0,450324000.0,450324000.0,325931000.0,103246000.0,99403000.0,0.0,0.0,88867000.0,0.1973401373,50207000.0,139074000.0,0.308830975,34901000.0,104173000.0,0.2313289987,0.45,0.45,229227000,232915000,https://www.sec.gov/Archives/edgar/data/49196/000119312504083720/0001193125-04-083720-index.htm,https://www.sec.gov/Archives/edgar/data/49196/000119312504083720/d10q.htm,1.9645329738643351,0.4544534457110201,0.8457380675051368,0.7871411308440978,3.5792424103617813,10.313702138055293,9.367892961998368,10.313702138055293,34.89053209264179,5049870810.0,12178044810.0,12.118953111650812,11.213861153302956,26.048254000185697,27.987357205404745,2.135993429431528,2.135993429431528,27.04285094731793,0.0,62.81681579028814,67.49307120609198,0.0206288445624611,0.035730419012442,3.339258998578365,0.254344072053682,0.0,23.22437847369976,0.860730682060322,1.8610004511725688,0.0079742634049681,0.386558897219049,0.2700810971655963,0.0,0.0069849041917479,0.069284970030846,0.0298274131514198,0.1351267064374314,0.0,10.269356999355788,0.002144573348347,0.0033797959430314,-121.5146645028727,23920143000.0,2147374000.0,-3678456000.0,24488021000.0,0.0,0.0,0.0,0.0,0.0,0.0,0.0,0.0,0.0,0.0440630764421814,0.058596936661039,2004-04-15,0.4,bmo,400266666.0,2025-04-25,2004-03-31,0.1249999999999999,22.500967741935483,809290.9032258064
2003-12-31,HBAN,USD,49196,2004-03-05,2004-03-05 16:53:39,2003,Q4,470825000.0,0.0,470825000.0,1.0,0,115762000.0,6895000.0,122657000.0,348168000.0,470825000.0,470825000.0,335097000.0,110782000.0,123760000.0,0.0,0.0,237801000.0,0.5050730101,-110782000.0,127019000.0,0.2697796421,33758000.0,93261000.0,0.198079966,0.41,0.41,228930000,229227000,https://www.sec.gov/Archives/edgar/data/49196/000119312504035604/0001193125-04-035604-index.htm,https://www.sec.gov/Archives/edgar/data/49196/000119312504035604/d10k.htm,2.056633031931158,0.4073778010745643,2.4116149041191632,2.3220897217490064,4.076861922858516,9.93754422749312,8.989616913466998,9.93754422749312,36.56604638972612,5150925000.0,12477892000.0,13.80782159745231,10.940211331174003,9.329847796830594,9.68954807786364,2.264140866689348,2.264140866689348,26.502186587373227,0.0,22.60115089722528,23.472509198714818,0.0181056800477584,0.1032039876332891,3.630890434382035,0.2706574516095146,0.0,0.0,2.1465671318445234,5.919848596948349,0.0077687017380373,0.4290753905705493,0.2458705463813519,0.0,0.0071105436601057,0.0371225033554251,0.0435299739818403,0.1656027795733678,0.0,9.54397902335504,0.0054671761502779,0.0030776854456377,-119.2985104617132,24980434000.0,2057993000.0,-3263890000.0,25547155000.0,0.0,0.0,0.0,0.0,0.0,0.0,0.0,0.0,0.0,0.0409938101153317,0.0895251823701568,2004-01-16,0.38,bmo,446044736.0,2025-04-25,2003-12-31,0.0526315789473684,21.584375,624727.3125
2003-09-30,HBAN,USD,49196,2003-11-14,2003-11-14 15:59:41,2003,Q3,493239000.0,0.0,493239000.0,1.0,0,113170000.0,5515000.0,118685000.0,374554000.0,493239000.0,493239000.0,333320000.0,112849000.0,134206000.0,0.0,0.0,0.0,0.0,141442000.0,141442000.0,0.2867615902,37230000.0,90882000.0,0.1842555029,0.4,0.39,228715000,230966000,https://www.sec.gov/Archives/edgar/data/49196/000095015203009790/0000950152-03-009790-index.htm,https://www.sec.gov/Archives/edgar/data/49196/000095015203009790/l03813ae10vq.txt,2.1565660319611744,0.3973591587783923,2.484240211617078,2.39772205583368,3.555866471372669,9.800214240430227,8.850508274490085,9.800214240430227,34.30570360492316,4539992750.0,11460092750.0,12.488701695605291,9.204448046484565,7.990370620029111,8.27869099827679,2.025465924827434,2.025465924827434,23.234360522991896,0.0,20.169721286979723,20.897515021107047,0.0200180936412288,0.1207920431150468,3.4501591822458257,0.2569640207573397,0.0,0.0,0.0,6.234246590372947,0.0082143302982146,0.4103452828943025,0.2294425217795024,0.0,0.0072174998353557,0.0348268075602402,0.0401184821151612,0.1474449726539797,0.0,9.360534703988389,0.0,0.0030417725110812,-118.22770697155848,25255221000.0,2024244000.0,-2598509000.0,25811296000.0,0.0,0.0,0.0,0.0,0.0,0.0,0.0,0.0,0.0,0.0405459665503137,0.0865181557833985,2003-10-15,0.37,bmo,466577432.0,2025-04-25,2003-09-30,0.0540540540540541,20.1990625,662638.015625
2003-06-30,HBAN,USD,49196,2003-11-14,2003-11-14 15:45:12,2003,Q2,489784000.0,0.0,489784000.0,1.0,0,105242000.0,8454000.0,113696000.0,365696000.0,479392000.0,479392000.0,317325000.0,114884000.0,110351000.0,0.0,0.0,249431000.0,0.5092673505,-116265000.0,133166000.0,0.2718871993,36676000.0,96490000.0,0.1970052105,0.42,0.42,228633000,230572000,https://www.sec.gov/Archives/edgar/data/49196/000095015203009788/0000950152-03-009788-index.htm,https://www.sec.gov/Archives/edgar/data/49196/000095015203009788/l04091ae10vqza.txt,2.1422279373493764,0.4220300656510652,0.2994143452607454,0.246832259560081,5.239899752004304,9.930924232284928,8.977081173758819,9.930924232284928,28.91847633543714,4460629830.0,9759449830.0,11.557233469789615,9.10734084821064,65.16053859413346,79.0415322323422,1.964570421006132,1.964570421006132,19.92602826960456,0.0,142.56529493397218,172.93563862210723,0.0216314744054877,0.0126515766048221,2.861364514209634,0.229634866285082,0.0,0.0,2.171155252254448,0.7094621204269872,0.0102389128308367,0.4733340242512177,0.2148743119415905,0.0,0.0077081808830963,0.1756164543648475,0.0245455139408392,0.1089432809852199,0.0,9.710862146527294,0.0059288493931956,0.0034369954283935,-108.57342553349692,24012243000.0,2052457000.0,-2009239000.0,24563239000.0,0.0,0.0,0.0,0.0,0.0,0.0,0.0,0.0,0.0,0.0424965547797723,0.0525820857006643,2003-07-17,0.36,bmo,476178888.0,2025-04-25,2003-06-30,0.0277777777777778,19.79,908791.1904761904
2003-03-31,HBAN,USD,49196,2003-05-20,2003-05-20 16:27:43,2003,Q1,480184000.0,0.0,480184000.0,1.0,0,113089000.0,6626000.0,119715000.0,354968000.0,474683000.0,474683000.0,320014000.0,118255000.0,119772000.0,0.0,0.0,240217000.0,0.5002603169,-117857000.0,122360000.0,0.2548189861,30630000.0,91730000.0,0.1910309381,0.39,0.39,231355000,232805000,https://www.sec.gov/Archives/edgar/data/49196/000095015203005718/0000950152-03-005718-index.htm,https://www.sec.gov/Archives/edgar/data/49196/000095015203005718/l01102ae10vq.txt,2.0755289490177438,0.3964902422683754,0.6469538155648247,0.6028743705560718,3.898083032568996,9.75034903071038,8.806505154416373,9.75034903071038,29.94223163536556,4300889450.0,10208078450.0,11.721599940041424,8.95675293220932,28.734663205857984,30.83561170937352,1.906598414215495,1.906598414215495,21.258680943138465,0.0,68.20117086239611,73.1877317569796,0.0213281464372445,0.0324300360707946,3.018465354961805,0.2440636063731971,0.0,0.0,2.0313475117331192,1.684933357348703,0.0065200466847619,0.3057015153166902,0.23551180380854,0.0,0.0078270269448762,0.0681338357518907,0.0212376922179831,0.0851451090405103,0.0,9.326476323414996,0.0059932748981549,0.0033139181491479,-106.93935726480947,23637200000.0,2037429000.0,-2005596000.0,24188705000.0,0.0,0.0,0.0,0.0,0.0,0.0,0.0,0.0,0.0,0.0406642101754062,0.0440794450087527,2003-04-16,0.36,bmo,466845555.0,2025-04-25,2003-03-31,0.0277777777777778,18.875573770491805,902607.606557377
2002-12-31,HBAN,USD,49196,2003-11-14,2003-11-14 15:15:02,2002,Q4,575617000.0,0.0,575617000.0,1.0,0,109042000.0,6186000.0,115228000.0,460389000.0,575617000.0,575617000.0,380893000.0,131191000.0,16405000.0,0.0,0.0,0.0,0.0,115610000.0,115610000.0,0.2008453538,30475000.0,85135000.0,0.1479021641,0.37,0.37,231355000,231355000,https://www.sec.gov/Archives/edgar/data/49196/000095015203009781/0000950152-03-009781-index.htm,https://www.sec.gov/Archives/edgar/data/49196/000095015203009781/l04112be10vkza.txt,2.4880248968036134,0.367984266603272,-0.0669015149877893,-0.0669015149877893,4.351680318125824,9.465077478334162,8.52035184024551,9.465077478334162,29.47421927341099,4328652050.0,10009686050.0,12.711141275621072,7.520021212021188,-279.66481780591806,-279.66481780591806,1.9767402900639464,1.9767402900639464,17.38948997336771,0.0,-646.7040993668433,-646.7040993668433,0.0196677854945629,-0.0035757089785029,3.054086390814109,0.2429465824021942,0.0,0.0,0.0,-0.1818053679450285,0.0110332268448326,0.5609796206025723,0.1894349888901821,0.0,0.0079398263552816,0.0,0.0,0.0,0.0,8.85254149211845,0.0,0.0031174287648211,-105.16892221910052,23607621000.0,1971226000.0,-1730518000.0,24167554000.0,0.0,0.0,0.0,0.0,0.0,0.0,0.0,0.0,0.0,0.0388781040034377,0.0,2003-01-16,0.35,bmo,575617000.0,2025-04-25,2002-12-31,0.0,18.7690625,919447.984375
2002-09-30,HBAN,USD,49196,2002-11-14,2002-11-14 19:40:21,2002,Q3,364248000.0,0.0,364248000.0,1.0,0,100662000.0,7491000.0,108153000.0,-108153000.0,-95528000.0,-95528000.0,324177000.0,132912000.0,123859000.0,0.0,0.0,0.0,0.0,116067000.0,116067000.0,0.3186482836,28052000.0,88015000.0,0.2416348202,0.36,0.35,239925000,241357000,https://www.sec.gov/Archives/edgar/data/49196/000095015202008552/0000950152-02-008552-index.htm,https://www.sec.gov/Archives/edgar/data/49196/000095015202008552/l96904ae10vq.txt,1.5181744295092217,0.3668438053558404,1.0028800666875066,-4.390184432635198,4.369753047827446,9.752155882046472,8.841771386891738,9.752155882046472,26.453483380222988,4364235750.0,9529762750.0,12.396284014088508,11.981495437174672,18.137762035774845,-4.143333902963501,1.8652285935551367,1.8652285935551367,26.16284166282313,0.0,39.60569018685374,-9.047400587668456,0.0201673339942737,-0.2413515356039141,2.6557727928964443,0.2323922813602836,0.0,0.0,0.0,2.4521875605107875,0.0089477292788319,0.4436743736863034,0.2763556697634579,0.0,0.0081687386205593,5.377576719752635,3.552335222156333,114.05297487880124,0.0,8.971853455075411,0.0,0.0033187424049572,-97.32546837553402,26180604000.0,2121362000.0,1781378000.0,26739012000.0,0.0,0.0,0.0,0.0,0.0,0.0,0.0,0.0,0.0,0.037616688021896,5.393064499322705,2002-10-17,0.34,bmo,364248000.0,2025-04-25,2002-09-30,0.0,19.1421875,999374.015625
2002-06-30,HBAN,USD,49196,2002-08-14,2002-08-14 15:01:00,2002,Q2,359839000.0,0.0,359839000.0,1.0,0,106808000.0,7231000.0,114039000.0,-114039000.0,-114024000.0,-114024000.0,322816000.0,130822000.0,132399000.0,0.0,0.0,0.0,0.0,98092000.0,98092000.0,0.2725996904,25081000.0,73011000.0,0.2028990743,0.3,0.29,246106000,247867000,https://www.sec.gov/Archives/edgar/data/49196/000095015202006402/0000950152-02-006402-index.htm,https://www.sec.gov/Archives/edgar/data/49196/000095015202006402/l95561ae10vq.txt,1.462130139045777,0.2966648517305551,0.4709190348874062,0.4495217507903098,3.603918636685006,10.775275694213065,9.91920148228812,9.556288753626486,19.99642836826408,4816294420.0,8719767420.0,16.49167392584679,13.3845814933901,41.55703751639401,43.53515700985266,2.047866122983511,2.047866122983511,24.23241344045531,0.0,75.23786342928142,78.81919388954172,0.0151591646259864,0.0229699412769703,2.03686401401444,0.188737263515952,0.0,0.0,0.0,1.5273388595300537,0.0083034790883901,0.5477530783032694,0.2968216341197035,0.0,0.008300758318606,0.0454372886035756,0.0146343225720391,0.4124050434646409,0.0,7.986728816558873,0.0,0.0029006308954634,-88.75285446108587,24816800000.0,2441175000.0,2087244000.0,25381416000.0,0.0,0.0,0.0,0.0,0.0,0.0,0.0,0.0,0.0,0.0310439396902876,0.0213972840970963,2002-07-18,0.33,bmo,460700000.0,2025-04-25,2002-06-30,0.0,20.08875,964831.25
2002-03-31,HBAN,USD,49196,2002-05-15,2002-05-15 14:48:36,2002,Q1,544253000.0,0.0,544253000.0,1.0,0,114285000.0,7003000.0,121288000.0,542243000.0,663531000.0,663531000.0,335201000.0,150770000.0,141597000.0,0.0,0.0,0.0,0.0,217847000.0,217847000.0,0.4002678901,124706000.0,93141000.0,0.1711354829,0.37,0.37,250749000,251953000,https://www.sec.gov/Archives/edgar/data/49196/000095015202004310/0000950152-02-004310-index.htm,https://www.sec.gov/Archives/edgar/data/49196/000095015202004310/l94357ae10-q.txt,2.1705091545728994,0.3714511324073077,2.52395423311758,2.43971461501342,2.7272252332013287,10.903086353285556,10.065826782958258,9.706670814240535,19.389209927058538,4927217850.0,8954423850.0,13.2251582278481,9.053175361458733,7.785402659908134,8.05422071871792,2.0243810031315506,2.0243810031315506,16.45268625069591,0.0,14.148713814173009,14.637247284865207,0.0189033655169113,0.1241585045808356,1.93556902435477,0.1903767783614242,0.0,0.0,0.0,6.794848670295574,0.0081589654088462,0.4316144340301264,0.2099850620942833,0.0,0.0084838919525996,0.0333760481861461,0.0388109941516169,1.1992846193152784,0.0,9.006939656827324,0.0,0.003796093676511,-85.05783472715744,24173877000.0,2523996000.0,2161861000.0,24745954000.0,0.0,0.0,0.0,0.0,0.0,0.0,0.0,0.0,0.0,0.0382676140476873,0.0842396181041599,2002-04-18,0.31,bmo,669800000.0,2025-04-25,2002-03-31,0.0,18.332,828463.3333333334
2001-12-31,HBAN,USD,49196,2002-03-07,2002-03-07 00:00:00,2001,Q4,388335000.0,0.0,388335000.0,1.0,0,118143000.0,6345000.0,124488000.0,263847000.0,388335000.0,388335000.0,443751000.0,188513000.0,24897000.0,0.0,0.0,0.0,0.0,37563000.0,37563000.0,0.0967283402,-28086000.0,65649000.0,0.1690524933,0.26,0.26,245371439,250749000,https://www.sec.gov/Archives/edgar/data/49196/000095015202001558/0000950152-02-001558-index.htm,https://www.sec.gov/Archives/edgar/data/49196/000095015202001558/l93031ae10-k.txt,1.582641409214705,0.2675494762860318,-0.3316930459864972,-0.4110462098239559,4.725778210886231,11.070726124730434,8.152481022862649,9.848089940084671,19.903583807078704,4217935036.41,7753622036.41,16.062449680916693,10.861588670632315,-51.82502379232811,-41.82011557134217,1.7455161462357849,1.7455161462357849,19.96632298507732,0.0,-95.26738630277192,-76.87585675457817,0.0155642510928465,-0.0239119377442673,1.9430476237771264,0.1647449756332938,0.0,0.0,0.0,-1.2397447028896098,0.0095285962569512,0.6122103916282046,0.3042295955811348,0.0,0.0251245615857792,-0.2392367425173244,0.050139698971249,0.7820620958348395,0.0,7.699620405089223,0.0,0.0023628257955402,-100.35458120290846,1159571000.0,2000386000.0,-24624148000.0,2327661000.0,0.0,0.0,0.0,0.0,0.0,0.0,0.0,0.0,0.0,0.0271676515866315,0.0793531638374586,2002-01-18,0.3,bmo,388335000.0,2025-04-25,2001-12-31,0.0,16.26875,763050.0
2001-09-30,HBAN,USD,49196,2001-11-14,2001-11-14 00:00:00,2001,Q3,380243000.0,0.0,380243000.0,1.0,0,120767000.0,6921000.0,127688000.0,-127688000.0,-100219000.0,-100219000.0,478834000.0,229047000.0,25099000.0,0.0,0.0,0.0,0.0,50977000.0,50977000.0,0.1340642694,8348000.0,42629000.0,0.1121098876,0.17,0.17,251147660,252203027,https://www.sec.gov/Archives/edgar/data/49196/000095015201505896/0000950152-01-505896-index.htm,https://www.sec.gov/Archives/edgar/data/49196/000095015201505896/l90803ae10-q.txt,1.5140216715536987,0.1697367994589318,0.8658133625453648,0.8141027473638417,4.440594827759893,10.768191111157476,10.768191111157476,9.573674705947887,19.56338354894487,4287090556.2,7856096556.200001,25.14186678200286,11.274607438401231,19.715565430656664,20.967869295705764,1.7830144144541311,1.7830144144541311,20.660726315014347,0.0,36.12878796304387,38.42363570478334,0.0099435734890996,0.0476920180060832,1.9481946892496524,0.1654266863374025,0.0,0.0,0.0,5.100917215979732,0.0117133051755525,1.1779774332027493,0.3176047948285701,0.0,0.0,0.0597248984810091,0.034154474901576,0.5174309733455517,0.0,6.04670243455818,0.0,0.0015054646328467,-97.53833262870138,1115245000.0,2704406000.0,-24496524000.0,1563019000.0,0.0,0.0,0.0,0.0,0.0,0.0,0.0,0.0,0.0,0.0177295348622487,0.051710615181523,2001-10-16,0.29,bmo,367623333.0,2025-04-25,2001-09-30,0.0344827586206896,17.69559322033898,977284.745762712
2001-06-30,HBAN,USD,49196,2001-08-14,2001-08-14 00:00:00,2001,Q2,376236000.0,0.0,376236000.0,1.0,0,122068000.0,7852000.0,129920000.0,246316000.0,376236000.0,376236000.0,498959000.0,250926000.0,19101000.0,0.0,0.0,0.0,0.0,-8552000.0,-8552000.0,-0.0227304139,-10929000.0,2377000.0,0.0063178431,0.01,0.01,251024374,251447651,https://www.sec.gov/Archives/edgar/data/49196/000095015201503960/0000950152-01-503960-index.htm,https://www.sec.gov/Archives/edgar/data/49196/000095015201503960/l89439ae10-q.txt,1.4988026620873078,0.009469199990914,0.5292513945279274,0.473053664501918,3.639403558476756,10.57077429461093,10.57077429461093,9.375671224659644,22.74947611262641,4104248514.9000006,8650416514.900002,431.6626540702567,10.908707606130196,30.892691392119232,34.562674865260895,1.743875143253388,1.743875143253388,22.991995755058,0.0,65.11171212901284,72.84683965119414,0.000579155962747,0.0289329458410959,2.3198198274755875,0.1953527156538089,0.0,0.0,0.0,55.89188052166597,0.0122341519568591,21.124106015986538,0.3244452949744309,0.0,0.0,0.1061834330661247,0.0374950828735155,0.738547720014659,0.0,1.41334793387743,0.0,8.505035217000051e-05,-97.12622169510918,913579000.0,2653522000.0,-24381049000.0,1371328000.0,0.0,0.0,0.0,0.0,0.0,0.0,0.0,0.0,0.0,0.0010099756875015,0.0561977300260093,2001-07-17,0.28,bmo,351120000.0,2025-04-25,2001-06-30,0.0714285714285712,14.935396825396824,656215.873015873
2001-03-31,HBAN,USD,49196,2001-05-15,2001-05-15 00:00:00,2001,Q1,360848000.0,0.0,360848000.0,1.0,0,117662000.0,9939000.0,127601000.0,-127601000.0,0.0,-7297000.0,517975000.0,274851000.0,32136000.0,0.0,0.0,368145000.0,1.0202218108,-274851000.0,93294000.0,0.2585409923,25428000.0,67866000.0,0.1880736487,0.27,0.27,250998380,251510172,https://www.sec.gov/Archives/edgar/data/49196/000095015201502048/0000950152-01-502048-index.htm,https://www.sec.gov/Archives/edgar/data/49196/000095015201502048/l88203ae10-q.txt,1.4376507131241243,0.2703842152287994,-0.5124813952982485,-0.5786650893922104,4.031181396469571,10.777981913668128,10.777981913668128,9.582755075949096,23.725244760543877,3576726915.0,8245053915.0,13.175695175050835,9.912004264953664,-27.80588745413272,-24.625643159097795,1.4870462499625818,1.4870462499625818,22.84910520496165,0.0,-64.09799983674358,-56.76691577621106,0.018974330893249,-0.0406080764485761,2.36155610878842,0.1997155322766405,0.0,0.0,1.3394348210484954,-1.8953820764447589,0.0140276295038308,0.7392950814841011,0.3260708109785837,0.0,0.0,-0.1291436034579265,0.0460360040792799,0.5169280557630073,0.0,7.6353178385812175,0.033952490073125,0.0023861872436552,-98.50307400390392,1011820000.0,2705256000.0,-24724112000.0,1469324000.0,0.0,0.0,0.0,0.0,0.0,0.0,0.0,0.0,0.0,0.0282157076003552,0.0661836940939618,2001-04-17,0.27,bmo,360800000.0,2025-04-25,2001-03-31,0.0,15.258548387096774,630266.1290322581
2000-12-31,HBAN,USD,49196,2001-03-08,2001-03-08 00:00:00,2000,Q4,363615000.0,0.0,363615000.0,1.0,0,105810000.0,10592000.0,116402000.0,-116402000.0,0.0,0.0,537661000.0,304595000.0,25855000.0,0.0,0.0,411812000.0,1.1325495373,-304595000.0,107217000.0,0.2948640733,30995000.0,76222000.0,0.2096228153,0.3,0.3,250998380,250998380,https://www.sec.gov/Archives/edgar/data/49196/000095015201500197/0000950152-01-500197-index.htm,https://www.sec.gov/Archives/edgar/data/49196/000095015201500197/l86772ae10-k.txt,1.4486746886573532,0.3036752667487336,0.5583462331509869,0.451907299162648,5.289556052114759,10.62176975006771,10.62176975006771,9.426542912348678,22.432336017467524,4063663772.2,8061878772.200001,13.328382134423135,11.175731947801934,28.99634498943944,35.82593162358501,1.7174907227962928,1.7174907227962928,22.171469197365347,0.0,57.52567910292272,71.07485605141588,0.0187569652099279,0.0279127423818806,2.250963315606157,0.1862238117984178,0.0,0.0,1.351998555458888,1.8386292671407205,0.0124016165768351,0.6611739392826218,0.290994595932511,0.0,0.0,0.1906324922936408,0.0734733165573477,1.0333011023012957,0.0,8.025501760144474,0.0371438686808196,0.0026651629509272,-98.03115063929894,1327670000.0,2666047000.0,-24605660000.0,1782514000.0,0.0,0.0,0.0,0.0,0.0,0.0,0.0,0.0,0.0,0.032214913735864,0.1064389339883388,2001-01-18,0.31,bmo,375344516.0,2025-04-25,2000-12-31,-0.032258064516129,14.4684126984127,686220.6349206349
2000-09-30,HBAN,USD,49196,2000-11-14,2000-11-14 00:00:00,2000,Q3,357521000.0,0.0,357521000.0,1.0,0,109463000.0,8557000.0,118020000.0,-118020000.0,0.0,-9941000.0,535791000.0,299922000.0,28849000.0,0.0,0.0,367462000.0,1.0278053597,-299922000.0,67540000.0,0.18891198,17010000.0,50530000.0,0.1413343552,0.2,0.2,251113540,252032874,https://www.sec.gov/Archives/edgar/data/49196/000095015200008030/0000950152-00-008030-index.htm,https://www.sec.gov/Archives/edgar/data/49196/000095015200008030/l84666ae10-q.txt,1.4237424234471785,0.2012237173670523,0.6212010710374279,0.5599459113196366,4.42931910401964,9.09375496040556,9.09375496040556,9.09375496040556,23.91855094711341,3688857902.6,8282945902.6,18.25083070750049,10.317877558521038,23.647737721165186,26.23467678401252,1.615394307847598,1.615394307847598,23.16771854688256,0.0,53.09853006949074,58.90723207879952,0.0136980066281179,0.0381174888577016,2.4988778510793432,0.1996819631655215,0.0,0.0,1.2251918832229711,3.087116564417178,0.0120376011146165,0.878784880269147,0.3061722248483305,0.0,0.0,0.098607620903636,0.043024046139947,0.5331900585808866,0.0,6.416563060085381,0.0326530701289372,0.0017681932581691,-100.2788061527865,1112262000.0,2283565000.0,-25181366000.0,1554938000.0,0.0,0.0,0.0,0.0,0.0,0.0,0.0,0.0,0.0,0.0221276819359203,0.0612551597177914,2000-10-17,0.3,bmo,325090909.0,2025-04-25,2000-09-30,0.1,16.805079365079365,516899.0634920635
2000-06-30,HBAN,USD,49196,2000-08-11,2000-08-11 00:00:00,2000,Q2,348470000.0,0.0,348470000.0,1.0,0,104133000.0,6472000.0,110605000.0,237865000.0,348470000.0,348470000.0,519496000.0,286690000.0,28738000.0,0.0,0.0,0.0,0.0,134560000.0,134560000.0,0.3861451488,37039000.0,97521000.0,0.2798547938,0.4,0.4,244834775,245651908,https://www.sec.gov/Archives/edgar/data/49196/000095015200005946/0000950152-00-005946-index.htm,https://www.sec.gov/Archives/edgar/data/49196/000095015200005946/e10-q.txt,1.423286377517246,0.3983135157168748,0.7481821158779426,0.6715140853663455,4.672542942480291,9.257892388856934,9.257892388856934,9.257892388856934,23.75972530862905,3518275716.75,7904791716.75,9.019277172993508,10.096351814359917,19.206553718726287,21.399402206374308,1.5521891372701788,1.5521891372701788,22.68428190877264,0.0,43.152901866186994,48.07975011708533,0.0277184074959551,0.046730277339342,2.439947605589561,0.1934805054077993,0.0,0.0,0.0,1.878374914121061,0.0126192497616453,0.4552660452620461,0.2988291675036588,0.0,0.0,0.1024724179909488,0.0538669038941659,0.6531769782169949,0.0,9.108772281406386,0.0,0.0034116905106473,-102.819168559695,1144001000.0,2266654000.0,-25173708000.0,1583008000.0,0.0,0.0,0.0,0.0,0.0,0.0,0.0,0.0,0.0,0.0430242110176498,0.076668030511597,2000-07-18,0.4,bmo,316818181.0,2025-04-25,2000-06-30,0.0999999999999999,16.99920634920635,605408.746031746
2000-03-31,HBAN,USD,49196,2000-05-12,2000-05-12 00:00:00,2000,Q1,366385000.0,0.0,366385000.0,1.0,0,102344000.0,7993000.0,110337000.0,256048000.0,366385000.0,366385000.0,515557000.0,274866000.0,27466000.0,0.0,0.0,0.0,0.0,150578000.0,150578000.0,0.4109829824,46405000.0,104173000.0,0.2843265963,0.46,0.46,225431136,226489959,https://www.sec.gov/Archives/edgar/data/49196/000095015200004014/0000950152-00-004014-index.html,https://www.sec.gov/Archives/edgar/data/49196/000095015200004014/0000950152-00-004014.txt,1.6252635128450046,0.4621056427626749,0.4285344150508118,0.4094997773510754,4.625283882701988,10.641045609600264,10.641045609600264,9.310262270070805,25.889875300987704,4585269306.24,9104104306.24,11.003977293156575,12.514893639859707,47.464099231302725,49.67035667656043,2.184686038908474,2.184686038908474,24.84846351853924,0.0,94.24050831985922,98.6210575453344,0.0227190581495907,0.0201327324164737,2.6498270697433752,0.195773096002359,0.0,0.0,0.0,0.9273516170216852,0.0100111895145461,0.4406516083822103,0.2793345797453498,0.0,0.0,0.0444179907872263,0.0117117240061683,0.1562295201339838,0.0,9.838816312875416,0.0,0.0036670331247428,-110.7498877173737,1042683000.0,2398823000.0,-24966473000.0,1472476000.0,0.0,0.0,0.0,0.0,0.0,0.0,0.0,0.0,0.0,0.0496340091565606,0.0190346376997363,2000-04-13,0.4,bmo,348952380.0,2025-04-25,2000-03-31,0.0499999999999999,18.9068253968254,847333.8253968254
1999-12-31,HBAN,USD,49196,2000-02-22,2000-02-22 00:00:00,1999,Q4,483500000.0,0.0,483500000.0,1.0,0,100700000.0,9200000.0,109900000.0,-168800000.0,-58900000.0,-58900000.0,515500000.0,262800000.0,26800000.0,0.0,0.0,0.0,0.0,161800000.0,161800000.0,0.3346432265,46800000.0,115000000.0,0.2378490176,0.46,0.46,247974249,247974249,https://www.sec.gov/Archives/edgar/data/49196/000095015200001250/0000950152-00-001250-index.html,https://www.sec.gov/Archives/edgar/data/49196/000095015200001250/0000950152-00-001250.txt,1.9497992309677283,0.463757831564196,0.5750597111396031,0.4810983417879007,4.898089236677152,8.800913840049578,8.800913840049578,8.800913840049578,25.55345978686682,5381041203.3,10240241203.3,11.697915659347824,11.129350989245088,37.73521180434782,45.10512324643756,2.4656530440340907,2.4656530440340907,21.179402695553257,0.0,71.81094812973352,85.83605367393126,0.0213713286435113,0.0221704304971382,2.78308284457478,0.2091745014980886,0.0,0.0,0.0,1.24,0.0085485314574045,0.4,0.2082730093071354,0.0,0.0,0.1633941093969144,0.0481902792140641,0.8694029850746269,0.0,9.582984199115955,0.0,0.003960464235286,-103.39783305483466,1214600000.0,2182400000.0,-25640000000.0,1653500000.0,0.0,0.0,0.0,0.0,0.0,0.0,0.0,0.0,0.0,0.0526942815249266,0.0939613693517023,2000-01-13,0.43,bmo,461011627.0,2025-04-25,1999-12-31,0.0465116279069767,24.315625,485363.015625
1999-09-30,HBAN,USD,49196,1999-11-15,1999-11-15 00:00:00,1999,Q3,384100000.0,0.0,384100000.0,1.0,0,104700000.0,8700000.0,113400000.0,-113400000.0,-19600000.0,0.0,516300000.0,247900000.0,26400000.0,0.0,0.0,403700000.0,1.051028378,-247900000.0,155800000.0,0.4056235355,50200000.0,105600000.0,0.2749284041,0.46,0.46,229565217,229565217,https://www.sec.gov/Archives/edgar/data/49196/000095015299009118/0000950152-99-009118-index.html,https://www.sec.gov/Archives/edgar/data/49196/000095015299009118/0000950152-99-009118.txt,1.673162881639861,0.4600000007840909,1.092500001862216,1.0267234865985817,4.311628795228155,9.405606076638344,9.405606076638344,9.405606076638344,31.25299247751457,5543999990.549999,11480899990.55,13.12499997762784,14.433741188622752,22.10526312021531,23.521425500848533,2.56761763178492,2.56761763178492,29.890393102186927,0.0,45.77711319996013,48.70980055388205,0.0190476190800865,0.0425144300868978,3.207993701370878,0.239061108695202,0.0,0.0,1.628479225494151,2.375,0.0075757575886707,0.3977272727272727,0.2725852642541005,0.0,0.0,0.0602073365231259,0.0393126789898463,0.571969696969697,0.0,9.866510176305551,0.0302782612574208,0.0036445714522374,-112.49787897963654,989800000.0,2159200000.0,-25825600000.0,1424400000.0,0.0,0.0,0.0,0.0,0.0,0.0,0.0,0.0,0.0,0.0489070025935531,0.0657765152636342,1999-10-13,0.41,bmo,374954761.0,2025-04-25,1999-09-30,0.024390243902439,27.26171875,411684.296875
1999-06-30,HBAN,USD,49196,1999-08-16,1999-08-16 00:00:00,1999,Q2,378400000.0,0.0,378400000.0,1.0,0,107300000.0,6900000.0,114200000.0,-114200000.0,0.0,0.0,498500000.0,237400000.0,29700000.0,0.0,0.0,392700000.0,1.0377906977,-237400000.0,155300000.0,0.4104122622,50300000.0,105000000.0,0.2774841438,0.41,0.41,254073478,254073478,https://www.sec.gov/Archives/edgar/data/49196/000095015299006871/0000950152-99-006871-index.html,https://www.sec.gov/Archives/edgar/data/49196/000095015299006871/0000950152-99-006871.txt,1.4893329401347433,0.4132662756716386,0.7521446217223822,0.6753951705262208,3.992152222988029,9.627923462361546,9.627923462361546,8.447162674728293,25.24387846574053,7350345718.54,12512445718.54,17.50082313938095,19.424803695930237,38.46334755907902,42.83418250897436,3.4248186182741587,3.4248186182741587,33.06671701516913,0.0,65.47590642878075,72.91635034114219,0.0142850423668039,0.0233458406680339,2.87783058428851,0.2193238190269556,0.0,0.0,1.6541701769165964,1.8217349857006675,0.0056732025399592,0.3971428571428571,0.2835623678646934,0.0,0.0,0.1020408163265306,0.0515327695560253,0.6565656565656566,0.0,8.862610666050516,0.0318340478697116,0.00372854753543,-97.2183330367131,1014300000.0,2446200000.0,-24700600000.0,1457800000.0,0.0,0.0,0.0,0.0,0.0,0.0,0.0,0.0,0.0,0.0489236790606653,0.0767494511961614,1999-07-14,0.39,bmo,327946666.0,2025-04-25,1999-06-30,0.1538461538461538,28.735396825396823,456934.4761904762
1999-03-31,HBAN,USD,49196,1999-05-14,1999-05-14 00:00:00,1999,Q1,369400000.0,0.0,369400000.0,1.0,0,107300000.0,6300000.0,113600000.0,-113600000.0,0.0,-8800000.0,495700000.0,236200000.0,29600000.0,0.0,0.0,378200000.0,1.0238224147,-236200000.0,142000000.0,0.3844071467,45400000.0,96600000.0,0.2615051435,0.42,0.42,230000000,230000000,https://www.sec.gov/Archives/edgar/data/49196/000095015299004438/0000950152-99-004438-index.html,https://www.sec.gov/Archives/edgar/data/49196/0000950152-99-004438.txt,1.606086956521739,0.42,1.0956521739130434,1.0165217391304349,4.3078260869565215,10.600434782608696,10.600434782608696,9.29608695652174,29.10086956521739,5881100000.0,11347300000.0,15.220238095238097,15.920682187330806,23.337698412698412,25.15440547476476,2.750619709087508,2.750619709087508,30.718191662154847,0.0,45.02896825396825,48.53421727972626,0.0164254986312084,0.0397544677016204,3.0199710022917543,0.2259438237239265,0.0,0.0,1.6011854360711262,2.608695652173913,0.0071755283875465,0.4368530020703933,0.2904710341093665,0.0,0.0,0.0722222222222222,0.049269085002707,0.6148648648648649,0.0,9.37272755067224,0.0264269829503335,0.0033802343769136,-109.34347826086956,990800000.0,2438100000.0,-25149000000.0,1432200000.0,0.0,0.0,0.0,0.0,0.0,0.0,0.0,0.0,0.0,0.0451803002665918,0.0791304347826087,1999-04-14,0.37,bmo,359678947.0,2025-04-25,1999-03-31,0.027027027027027,26.27377049180328,536585.5081967213
1998-12-31,HBAN,USD,49196,1999-02-19,1999-02-19 00:00:00,1998,Q4,375800000.0,0.0,375800000.0,1.0,0,103700000.0,8300000.0,112000000.0,-112000000.0,-100100000.0,-100100000.0,500400000.0,233100000.0,23100000.0,0.0,0.0,0.0,0.0,42600000.0,42600000.0,0.1133581692,11400000.0,31200000.0,0.0830228845,0.12,0.12,253025303,253025303,https://www.sec.gov/Archives/edgar/data/49196/000095015299001257/0000950152-99-001257-index.htm,https://www.sec.gov/Archives/edgar/data/49196/000095015299001257/,1.485226953764383,0.1233078258580328,0.0695582607404288,-0.0944569563463777,5.747251293677929,8.492431288581443,8.492431288581443,8.492431288581443,23.70118691251997,6285148526.52,10594848526.52,50.36176703942308,16.724716675146354,357.1107117340909,-262.9769257958159,2.924957430435592,2.924957430435592,28.19278479648749,0.0,601.9800299159091,-443.2991015280335,0.0049640831665874,-0.0038026149897897,2.6823808637379,0.2036980099871714,0.0,0.0,0.0,0.5641025641025641,0.0067301512162387,1.3557692307692308,0.2759446514103246,0.0,0.0,2.3579545454545454,0.1104310803618946,1.7965367965367964,0.0,4.8540316093927,0.0,0.0011026176567254,-97.59221590577444,1454200000.0,2148800000.0,-24693300000.0,1901200000.0,0.0,0.0,0.0,0.0,0.0,0.0,0.0,0.0,0.0,0.0145197319434102,0.1640152170868065,1999-01-13,0.35,bmo,365062857.0,2025-04-25,1998-12-31,0.0285714285714286,23.76234375,388062.125
1998-09-30,HBAN,USD,49196,1998-11-16,1998-11-16 00:00:00,1998,Q3,366100000.0,0.0,366100000.0,1.0,0,111700000.0,8800000.0,120500000.0,-120500000.0,0.0,0.0,505200000.0,253700000.0,23000000.0,0.0,0.0,383900000.0,1.0486205955,-253700000.0,130200000.0,0.3556405354,41400000.0,88800000.0,0.2425566785,0.35,0.35,257078339,257078339,https://www.sec.gov/Archives/edgar/data/49196/000095015298009006/0000950152-98-009006-index.htm,https://www.sec.gov/Archives/edgar/data/49196/0000950152-98-009006.txt,1.424079529314214,0.3454200005547725,0.5157960819094914,0.3640913519361116,4.516522101848495,9.79467974546078,9.79467974546078,8.627720284127088,20.58749881684897,5336946317.64,9214746317.64,15.02518670506757,14.577837524282984,40.248463933936655,57.0186572397436,2.406197618412985,2.406197618412985,25.17002545107894,0.0,69.49280782533936,98.44814441923076,0.0166387283504225,0.017538119072067,2.271821460775473,0.184203311265541,0.0,0.0,1.513204572329523,1.4932432432432432,0.0072138630798566,0.4335585585585585,0.3051078940180278,0.0,0.0,0.2941176470588235,0.1065282709642174,1.6956521739130437,0.0,8.188663552125952,0.0313697091925507,0.0032461954078032,-92.09644068845488,1161100000.0,2518000000.0,-23676000000.0,1687600000.0,0.0,0.0,0.0,0.0,0.0,0.0,0.0,0.0,0.0,0.0400360685302073,0.1517047299733798,1998-10-14,0.36,bmo,376560000.0,2025-04-25,1998-09-30,-0.0277777777777778,23.32453125,408265.359375
1998-06-30,HBAN,USD,49196,1998-08-14,1998-08-14 00:00:00,1998,Q2,368700000.0,0.0,368700000.0,1.0,0,108500000.0,8300000.0,116800000.0,-116800000.0,0.0,0.0,491300000.0,243900000.0,17100000.0,0.0,0.0,379700000.0,1.0298345538,-243900000.0,135800000.0,0.3683211283,43500000.0,92300000.0,0.250339029,0.4,0.39,230750000,236666667,https://www.sec.gov/Archives/edgar/data/49196/000095015298006848/0000950152-98-006848-index.html,https://www.sec.gov/Archives/edgar/data/49196/0000950152-98-006848.txt,1.5978331527627303,0.4,0.0463705308775731,-0.1469122426868905,9.263705308775732,9.247237269772482,9.247237269772482,9.247237269772482,25.1180931744312,5807977500.0,9222477500.0,15.73125,15.752583401139136,542.8016355140187,-171.3267699115044,2.721894038804012,2.721894038804012,25.013500135611608,0.0,861.913785046729,-272.0494837758112,0.0158919348430671,-0.0058367994710723,2.601977692379792,0.1969723846284838,0.0,0.0,1.5567855678556786,0.1159263271939328,0.0066288135585924,0.4171180931744312,0.2942771901274749,0.0,0.0,4.168224299065421,0.1209655546514781,2.608187134502924,0.0,9.122781123536416,0.0292686024183071,0.0032745359595844,-103.64377031419284,2137600000.0,2133800000.0,-23915800000.0,2634400000.0,0.0,0.0,0.0,0.0,0.0,0.0,0.0,0.0,0.0,0.0432561627144062,0.1932827735644637,1998-07-14,0.36,bmo,338861538.0,2025-04-25,1998-06-30,0.0833333333333334,26.128571428571423,368894.0476190476
1998-03-31,HBAN,USD,49196,1998-05-15,1998-05-15 00:00:00,1998,Q1,351600000.0,0.0,351600000.0,1.0,0,104700000.0,6900000.0,111600000.0,-111600000.0,0.0,0.0,502500000.0,247700000.0,17800000.0,0.0,0.0,379400000.0,1.0790671217,-247700000.0,131700000.0,0.3745733788,42200000.0,89500000.0,0.2545506257,0.38,0.38,235526316,235526316,https://www.sec.gov/Archives/edgar/data/49196/000095015298004611/0000950152-98-004611-index.html,https://www.sec.gov/Archives/edgar/data/49196/0000950152-98-004611.txt,1.4928268143080878,0.3799999996603352,0.02759776533846,-0.06538547480189,4.390592174846398,8.806234629000013,8.806234629000013,8.806234629000013,28.659642432483,6448710532.08,11917010532.08,18.013157910837986,18.34104246894198,992.1093126276924,-418.7474371480519,3.109160856313582,3.109160856313582,33.893659078725825,0.0,1833.3862357046155,-773.8318527324675,0.0138787435960677,-0.0023880743170887,3.1350465262041367,0.2425499375198165,0.0,0.0,1.5316915623738394,0.0726256983240223,0.0059391718405519,0.4279329608938547,0.2977815699658703,0.0,0.0,3.3692307692307693,0.0622866894197952,1.2303370786516854,0.0,8.67717154438293,0.0226443361447979,0.003338493388291,-100.6269719770932,1034100000.0,2074100000.0,-23700300000.0,1434400000.0,0.0,0.0,0.0,0.0,0.0,0.0,0.0,0.0,0.0,0.0431512463237066,0.0929832401403501,1998-04-14,0.35,bmo,350200000.0,2025-04-25,1998-03-31,0.0,26.572295081967216,349795.59016393445
1997-12-31,HBAN,USD,49196,1998-02-20,1998-02-20 00:00:00,1997,Q4,348000000.0,0.0,348000000.0,1.0,0,95800000.0,5400000.0,101200000.0,-101200000.0,-25700000.0,0.0,499800000.0,240300000.0,16800000.0,0.0,0.0,373700000.0,1.0738505747,-240300000.0,133400000.0,0.3833333333,42700000.0,90700000.0,0.2606321839,0.35,0.35,259104858,259104858,https://www.sec.gov/Archives/edgar/data/49196/000095015298001354/0000950152-98-001354-index.htm,https://www.sec.gov/Archives/edgar/data/49196/000095015298001354/,1.3430855858364492,0.3500513294119711,0.0428397988585763,0.0185253184253303,6.527087191858055,7.816912487221679,7.816912487221679,7.816912487221679,24.75059730450905,7008786408.900001,11490286408.900002,19.31859539388093,20.14019083017241,631.4221990000001,1460.1638351875,3.460445546015602,3.460445546015602,33.01806439339081,0.0,1035.1609377387388,2393.809668520834,0.0129408994237327,0.0006848546552802,3.047644909647477,0.2309234769271057,0.0,0.0,1.5551394090719934,0.1223814773980154,0.0045086264805948,0.3484013230429989,0.2752873563218391,0.0,0.0,0.5675675675675675,0.018103448275862,0.375,0.0,7.846477788224611,0.0224646900443043,0.0033931277005667,-88.82079702264787,1691200000.0,2025400000.0,-23013900000.0,2080700000.0,0.0,0.0,0.0,0.0,0.0,0.0,0.0,0.0,0.0,0.0447812777722918,0.024314480433246,1998-01-14,0.35,bmo,348000000.0,2025-04-25,1997-12-31,0.0,26.6784375,442871.6875
1997-09-30,HBAN,USD,49196,1997-11-14,1997-11-14 00:00:00,1997,Q3,353300000.0,0.0,353300000.0,1.0,0,100500000.0,6100000.0,106600000.0,-134200000.0,-27600000.0,-27600000.0,502900000.0,245700000.0,19700000.0,0.0,0.0,325700000.0,0.9218794226,-245700000.0,80000000.0,0.2264364563,38800000.0,41200000.0,0.116614775,0.16,0.16,251802958,251802958,https://www.sec.gov/Archives/edgar/data/49196/000095015297008053/0000950152-97-008053-index.html,https://www.sec.gov/Archives/edgar/data/49196/0000950152-97-008053.txt,1.4030812140022595,0.1636200000478151,0.5313678642329531,0.4729888836333686,5.360143545255731,7.728265050802143,7.728265050802143,7.728265050802143,21.908003161742048,6821342132.22,10742442132.22,41.39163915182039,19.307506742768187,50.98163028565023,57.27407331838791,3.505314559208633,3.505314559208633,30.406006601245405,0.0,80.2873104052317,90.1968273066331,0.0060398671113996,0.0174599071108663,2.708530318602261,0.2060830228220878,0.0,0.0,1.3256003256003257,2.123809523809524,0.0064063639021398,1.0606796116504855,0.2844607981885083,0.0,0.0,0.1098654708520179,0.0416076988395131,0.7461928934010152,0.0,5.333968633165172,0.0162572206714739,0.001610878906479,-88.48347206469275,1349700000.0,1946000000.0,-22280400000.0,1742500000.0,0.0,0.0,0.0,0.0,0.0,0.0,0.0,0.0,0.0,0.0211716341212744,0.0583789805995845,1997-10-14,0.35,bmo,353300000.0,2025-04-25,1997-09-30,0.0,23.6578125,943031.015625
1997-06-30,HBAN,USD,49196,1997-08-14,1997-08-14 00:00:00,1997,Q2,294800000.0,0.0,294800000.0,1.0,0,80300000.0,4800000.0,85100000.0,-85100000.0,-21400000.0,0.0,429200000.0,204000000.0,11600000.0,0.0,0.0,316200000.0,1.0725915875,-204000000.0,112200000.0,0.3805970149,39700000.0,72500000.0,0.2459294437,0.33,0.32,221549933,227879931,https://www.sec.gov/Archives/edgar/data/49196/000095015297006062/0000950152-97-006062-index.html,https://www.sec.gov/Archives/edgar/data/49196/0000950152-97-006062.txt,1.3306255434525454,0.327239999661837,0.1403746757170086,0.0821485240530404,4.387724188569265,7.403748571659464,7.403748571659464,7.403748571659464,22.97450480384483,4444291655.98,8358191655.98,15.325143641310342,15.075616200746268,142.90326868102892,244.1918492296703,2.7094383076144606,2.7094383076144606,28.35207481675712,0.0,268.75214327909964,459.2412997791209,0.0163130608006897,0.004095140780311,2.978723404255319,0.2263692886463246,0.0,0.0,1.55,0.5032362459546925,0.0054451871914026,0.3337931034482758,0.2723880597014925,0.0,0.0,0.4147909967845659,0.0437584803256445,1.112068965517241,0.0,7.383296032392227,0.0233784362920707,0.003358938482779,-85.6321631115095,972100000.0,1640300000.0,-18971800000.0,1295600000.0,0.0,0.0,0.0,0.0,0.0,0.0,0.0,0.0,0.0,0.0441992318478327,0.0582261516639682,1997-07-14,0.33,bmo,299171052.0,2025-04-25,1997-06-30,0.1515151515151514,19.320625,263126.21875
1997-03-31,HBAN,USD,49196,1997-05-15,1997-05-15 00:00:00,1997,Q1,324300000.0,47000000.0,277300000.0,0.8550724638,0,97200000.0,9000000.0,106200000.0,-68300000.0,37900000.0,84900000.0,475900000.0,228300000.0,15300000.0,0.0,0.0,296900000.0,0.9155103299,-178800000.0,118100000.0,0.3641689793,40900000.0,77200000.0,0.2380511872,0.34,0.33,227058824,233939394,https://www.sec.gov/Archives/edgar/data/49196/000095015297003989/0000950152-97-003989-index.html,https://www.sec.gov/Archives/edgar/data/49196/0000950152-97-003989.txt,1.42826424574453,0.3399999992953368,0.7548704647567451,0.6976165788650434,3.7272279715497865,6.910544027128406,6.910544027128406,6.910544027128406,25.752357459580605,4071164714.32,8843864714.32,13.183823556735751,12.55369939660808,23.75241957012836,25.70179743888889,2.594585886380728,2.594585886380728,27.2706281662658,0.0,51.59781046861144,55.8324792570707,0.0189626324202641,0.0389077846550498,3.58103371359378,0.2600967435832156,0.0,0.0,1.3004818221638197,2.2202072538860103,0.0081794774558911,0.4313471502590673,0.299722479185939,0.0,0.0,0.0758459743290548,0.0400863398088189,0.8496732026143791,0.0,7.270877642896088,0.0197314535864899,0.0035734950355266,-84.50717599065871,846300000.0,1569100000.0,-19188100000.0,1167100000.0,0.0,0.0,0.0,0.0,0.0,0.0,0.0,0.0,0.0,0.049200178446243,0.0572538858917017,1997-04-09,0.32,bmo,324300000.0,2025-04-25,1997-03-31,0.0,18.889344262295083,305505.0
1996-12-31,HBAN,USD,49196,1997-02-20,1997-02-20 00:00:00,1996,Q4,259700000.0,0.0,259700000.0,1.0,0,0.0,0.0,-31100000.0,0.0,-31100000.0,-31100000.0,382700000.0,189600000.0,23300000.0,0.0,0.0,290800000.0,1.1197535618,-189600000.0,101200000.0,0.3896804005,33500000.0,67700000.0,0.2606854062,0.31,0.31,215168576,215168576,https://www.sec.gov/Archives/edgar/data/49196/000095015297001211/0000950152-97-001211-index.htm,https://www.sec.gov/Archives/edgar/data/49196/000095015297001211/,1.2069606297901048,0.3146370220900658,0.6929450516045614,0.652046886251643,4.301278640241594,7.024724651242754,7.024724651242754,7.024724651242754,26.44717042696792,3875186053.76,8450686053.76,14.31014052348597,14.921779182749328,25.990516792488265,27.62071314155381,2.563801557234536,2.563801557234536,32.54018503565653,0.0,56.67797487431255,60.23297258560228,0.017470128933374,0.0362047132843777,3.639431028779358,0.2638179507469486,0.0,0.0,1.5337552742616034,2.202363367799114,0.0074319012301502,0.4254062038404727,0.0,0.0,0.0,0.0590207914151576,0.0338852522140931,0.3776824034334764,0.0,7.051975965541017,0.0194766979185636,0.003246768817591,-85.5817347603769,925500000.0,1511500000.0,-18414500000.0,1237300000.0,0.0,0.0,0.0,0.0,0.0,0.0,0.0,0.0,0.0,0.0447899437644723,0.0408981653529184,1997-01-15,0.32,bmo,259700000.0,2025-04-25,1996-12-31,0.0,16.73390625,270060.28125
1996-09-30,HBAN,USD,49196,1996-11-14,1996-11-14 00:00:00,1996,Q3,262700000.0,0.0,262700000.0,1.0,0,75500000.0,2800000.0,78300000.0,-78300000.0,-24800000.0,0.0,378400000.0,186700000.0,18400000.0,0.0,0.0,287500000.0,1.0944042634,-186700000.0,100800000.0,0.3837076513,34300000.0,66500000.0,0.2531404644,0.3,0.3,221688836,221688836,https://www.sec.gov/Archives/edgar/data/49196/000095015296006156/0000950152-96-006156-index.html,https://www.sec.gov/Archives/edgar/data/49196/0000950152-96-006156.txt,1.18499426827249,0.2999699993913992,0.3568064203287169,0.315306811390358,3.982609209964908,6.771202497540291,6.771202497540291,6.771202497540291,25.60074788790898,3482731613.5600004,8088531613.56,13.092975990827068,13.2574480912067,44.02947678331227,49.82448660314736,2.320119654626607,2.320119654626607,30.789994722344883,0.0,102.25703683388116,115.71575985064378,0.0190942074723996,0.0200704526664772,3.656451935247486,0.2668848282099407,0.0,0.0,1.5399035886448849,1.1894736842105262,0.0077525353647337,0.4060150375939849,0.2874000761324705,0.0,0.0,0.1163084702907711,0.0350209364293871,0.5,0.0,6.760254891939323,0.019249597987343,0.0032335236168785,-82.01495541254951,882900000.0,1501100000.0,-18181800000.0,1195400000.0,0.0,0.0,0.0,0.0,0.0,0.0,0.0,0.0,0.0,0.0443008460462327,0.0414996089383589,1996-10-09,0.32,bmo,317522580.0,2025-04-25,1996-09-30,-0.03125,15.24140625,202258.890625
1996-06-30,HBAN,USD,49196,1996-08-14,1996-08-14 00:00:00,1996,Q2,256500000.0,0.0,256500000.0,1.0,0,75100000.0,4100000.0,79200000.0,-79200000.0,0.0,0.0,375100000.0,185800000.0,22200000.0,0.0,0.0,285000000.0,1.1111111111,-185800000.0,99200000.0,0.3867446394,34100000.0,65100000.0,0.2538011696,0.29,0.29,223803630,223803630,https://www.sec.gov/Archives/edgar/data/49196/000095015296004181/0000950152-96-004181-index.html,https://www.sec.gov/Archives/edgar/data/49196/0000950152-96-004181.txt,1.1460940110756916,0.2908800004718422,0.3333279268079789,0.2890927193629522,5.845302866624639,6.591939549863422,6.591939549863422,6.591939549863422,24.67877755155267,3334674087.0,7363874087.0,12.805968076036867,13.000678701754389,44.70072502680965,51.540557758887175,2.2603362617772658,2.2603362617772658,28.70906076803119,0.0,98.71144888739948,113.81567367851623,0.0195221476826739,0.0194021959303994,3.6178404392326975,0.262651811900872,0.0,0.0,1.5339074273412272,1.1459293394777266,0.0080667553404597,0.41321044546851,0.2927875243664717,0.0,0.0,0.1327077747989276,0.0385964912280701,0.4459459459459459,0.0,6.568327491525459,0.0196719694977649,0.0032035509713993,-78.36199975844896,1308200000.0,1475300000.0,-17537700000.0,1620900000.0,0.0,0.0,0.0,0.0,0.0,0.0,0.0,0.0,0.0,0.044126618314919,0.0442352074450266,1996-07-10,0.3,bmo,365785714.0,2025-04-25,1996-06-30,-0.0666666666666665,14.998412698412698,166848.87301587302
1996-03-31,HBAN,USD,49196,1996-05-15,1996-05-15 00:00:00,1996,Q1,252900000.0,0.0,252900000.0,1.0,0,76600000.0,2900000.0,79500000.0,173400000.0,252900000.0,252900000.0,374300000.0,189600000.0,21700000.0,0.0,0.0,0.0,0.0,97500000.0,97500000.0,0.3855278766,34700000.0,62800000.0,0.2483194939,0.28,0.28,222860996,222860996,https://www.sec.gov/Archives/edgar/data/49196/000095015296002524/0000950152-96-002524-index.html,https://www.sec.gov/Archives/edgar/data/49196/0000950152-96-002524.txt,1.134788072112897,0.2817899997180305,0.5142218784663423,0.4612740759715531,3.574425378588903,6.741870614272943,6.741870614272943,6.741870614272943,23.900099593919077,3338457720.08,7678657720.08,13.290038694585986,13.200702728667457,29.13139371797557,32.475269650583655,2.221935254628952,2.221935254628952,30.36242673024911,0.0,67.00399406701571,74.69511400856031,0.0188110814230995,0.0307926619473666,3.4188352745424293,0.2550799483563412,0.0,0.0,0.0,1.82484076433121,0.0079677510486376,0.4235668789808917,0.3028865164096481,0.0,0.0,0.1029668411867364,0.0466587584025306,0.543778801843318,0.0,6.537990032581639,0.0,0.0031184824709504,-80.04496219697411,796600000.0,1502500000.0,-17838900000.0,1107600000.0,0.0,0.0,0.0,0.0,0.0,0.0,0.0,0.0,0.0,0.0417970049916805,0.0529478024947891,1996-04-10,0.3,bmo,,2025-04-25,1996-03-31,-0.0333333333333333,14.676349206349206,357050.1746031746
1995-12-31,HBAN,USD,49196,1996-02-22,1996-02-22 00:00:00,1995,Q4,250300000.0,0.0,250300000.0,1.0,0,0.0,0.0,0.0,250300000.0,250300000.0,250300000.0,381400000.0,199500000.0,21600000.0,0.0,0.0,0.0,0.0,99300000.0,99300000.0,0.3967239313,33800000.0,65500000.0,0.2616859768,0.29,0.29,222860996,222860996,https://www.sec.gov/Archives/edgar/data/49196/000095015296000605/0000950152-96-000605-index.html,https://www.sec.gov/Archives/edgar/data/49196/0000950152-96-000605.txt,1.1231216071564178,0.2939051748651433,0.3634552544133833,0.3181355251593688,6.025729150021388,6.815459085536888,6.815459085536888,6.815459085536888,26.102817919740428,3320628840.4,7595528840.4,12.674155879389314,13.266595447063525,40.995417782716046,46.83538561918195,2.1862063601290407,2.1862063601290407,30.34570052097483,0.0,93.77196099259258,107.13016700141044,0.0197251795211505,0.0213513775274744,3.698597669365988,0.2773592171654834,0.0,0.0,0.0,1.236641221374046,0.0139130273874374,0.7053435114503817,0.0,0.0,0.0,0.1246913580246913,0.0403515781062724,0.4675925925925926,0.0,6.71339858955368,0.0,0.0032338333020647,-78.0432660365567,1342900000.0,1518900000.0,-17392800000.0,1639400000.0,0.0,0.0,0.0,0.0,0.0,0.0,0.0,0.0,0.0,0.0431233129238264,0.0453197292540144,1996-01-10,0.31,bmo,,2025-04-25,1995-12-31,-0.032258064516129,14.70968253968254,265961.7619047619
1995-09-30,HBAN,USD,49196,1995-11-14,1995-11-14 00:00:00,1995,Q3,247800000.0,0.0,247800000.0,1.0,0,71400000.0,3100000.0,74500000.0,173300000.0,247800000.0,247800000.0,377900000.0,191300000.0,18000000.0,0.0,0.0,0.0,0.0,101700000.0,101700000.0,0.4104116223,35800000.0,65900000.0,0.2659402744,0.3,0.3,219688636,219688636,https://www.sec.gov/Archives/edgar/data/49196/000095015295002658/0000950152-95-002658-index.html,https://www.sec.gov/Archives/edgar/data/49196/0000950152-95-002658.txt,1.1279600279369937,0.2999699993585467,0.4438099383529333,0.3919183147916672,5.145464146811854,6.749552580407482,6.749552580407482,6.749552580407482,26.67821197633545,3069050244.92,7608250244.92,11.642830974658574,12.385190657465698,31.47743840943589,35.645182867828105,2.0697668228486648,2.0697668228486648,30.703189043260693,0.0,78.03333584533334,88.36527578304297,0.0214724408989654,0.028054281660105,3.823577016455354,0.2810475335967204,0.0,0.0,0.0,1.4772727272727273,0.0066144241312442,0.3080424886191198,0.288135593220339,0.0,0.0,0.1169230769230769,0.0460048426150121,0.6333333333333333,0.0,6.749438782028063,0.0,0.0032667264822957,-79.93085268188383,1130400000.0,1482800000.0,-17559900000.0,1427100000.0,0.0,0.0,0.0,0.0,0.0,0.0,0.0,0.0,0.0,0.0444429457782573,0.051891623561266,1995-10-11,0.28,bmo,,2025-04-25,1995-09-30,0.0714285714285712,13.423809523809524,409830.77777777775
1995-06-30,HBAN,USD,49196,1995-08-14,1995-08-14 00:00:00,1995,Q2,239900000.0,0.0,239900000.0,1.0,0,72300000.0,2900000.0,75200000.0,164700000.0,239900000.0,239900000.0,360200000.0,180300000.0,15900000.0,0.0,0.0,0.0,0.0,92600000.0,92600000.0,0.3859941642,34400000.0,58200000.0,0.2426010838,0.26,0.26,220780699,220780699,https://www.sec.gov/Archives/edgar/data/49196/000095015295001807/0000950152-95-001807-index.html,https://www.sec.gov/Archives/edgar/data/49196/0000950152-95-001807.txt,1.0865986070639264,0.2636099997128825,0.2880686594800571,0.2545512368361511,3.9414677276658137,7.120187621110847,7.120187621110847,7.120187621110847,22.79411208857528,2708979176.73,6690979176.73,11.636508491108248,11.292118285660692,42.59401221273585,48.20247645427046,1.7232691963931297,1.7232691963931297,27.890701028470197,0.0,105.2040751058176,119.05656898096083,0.0214841075560621,0.0207458220730359,3.086641221374046,0.2504904288929729,0.0,0.0,0.0,1.076142131979695,0.0073828548302619,0.3436426116838488,0.3013755731554814,0.0,0.0,0.1163522012578616,0.0308461859107961,0.4654088050314465,0.0,6.498571749009605,0.0,0.0030045222706341,-76.67608661751723,870200000.0,1572000000.0,-16928600000.0,1163200000.0,0.0,0.0,0.0,0.0,0.0,0.0,0.0,0.0,0.0,0.0370229007633587,0.033517422643906,1995-07-12,0.26,bmo,,2025-04-25,1995-06-30,0.0384615384615384,11.326349206349205,210040.84126984127
1995-03-31,HBAN,USD,49196,1995-05-15,1995-05-15 00:00:00,1995,Q1,234800000.0,0.0,234800000.0,1.0,0,72700000.0,3000000.0,75700000.0,-88300000.0,-12600000.0,-12600000.0,337100000.0,164100000.0,13300000.0,0.0,0.0,247400000.0,1.0536626917,-164100000.0,83300000.0,0.354770017,29400000.0,53900000.0,0.2295570698,0.24,0.24,228061268,228061268,https://www.sec.gov/Archives/edgar/data/49196/000095015295001037/0000950152-95-001037-index.html,https://www.sec.gov/Archives/edgar/data/49196/0000950152-95-001037.txt,1.0295479020137694,0.2363399996530756,0.604223598370943,0.5844920585112243,3.835372870065775,6.487291827211975,6.487291827211975,6.487291827211975,19.73899399699909,2460781081.72,5923681081.719999,11.413641380890535,10.480328286712094,17.857627588679247,18.4604732312078,1.6632518294829333,1.6632518294829333,25.22862470919932,0.0,42.98752599216255,44.43871779234808,0.0219036144256789,0.0541697922623933,2.931801284217641,0.2390573503962611,0.0,0.0,1.5076173065204144,2.556586270871985,0.0077211256788107,0.3525046382189239,0.3096252129471891,0.0,0.0,0.0326560232220609,0.0191652470187393,0.3383458646616541,0.0,5.873427222187679,0.0195970415049122,0.0029705807788543,-69.23753488908955,874700000.0,1479500000.0,-15790400000.0,1160300000.0,0.0,0.0,0.0,0.0,0.0,0.0,0.0,0.0,0.0,0.0364312267657992,0.0197315398597187,1995-04-12,0.25,bmo,,2025-04-25,1995-03-31,-0.04,10.666507936507935,252545.14285714287
1994-12-31,HBAN,USD,49196,1995-03-01,1995-03-01 00:00:00,1994,Q4,232100000.0,0.0,232100000.0,1.0,0,0.0,0.0,0.0,-11400000.0,-11400000.0,-11400000.0,319000000.0,141700000.0,17800000.0,0.0,0.0,220700000.0,0.95088324,-141700000.0,79000000.0,0.3403705299,26500000.0,52500000.0,0.2261956053,0.24,0.24,217055310,219629106,https://www.sec.gov/Archives/edgar/data/49196/000095015295000257/0000950152-95-000257-index.htm,https://www.sec.gov/Archives/edgar/data/49196/000095015295000257/,1.0693127019099418,0.24187383390897,0.3814695894792899,0.3519840173456249,4.117844433292141,6.504332927860645,6.504332927860645,6.504332927860645,19.5986912275954,2213964162.0,5432464162.0,10.542686485714285,9.538837406290392,26.73869760869565,28.9785885078534,1.568185410114747,1.568185410114747,23.40570513571736,0.0,65.60947055555556,71.10555185863875,0.0237131209714676,0.0345082369946691,2.912806346508004,0.2314103069114154,0.0,0.0,1.557515878616796,1.5771428571428572,0.008310884302381,0.3504761904761905,0.0,0.0,0.0,0.0772946859903381,0.0275743214131839,0.3595505617977528,0.0,5.949590633089409,0.0186353579893,0.002954317805814,-71.24912078861374,893800000.0,1411800000.0,-15465000000.0,1182600000.0,0.0,0.0,0.0,0.0,0.0,0.0,0.0,0.0,0.0,0.0371865703357416,0.0294855721336649,1995-01-11,0.25,bmo,,2025-04-25,1994-12-31,-0.04,10.511269841269842,498715.2698412698
1994-09-30,HBAN,USD,49196,1994-09-30,1994-09-29 20:00:00,1994,Q3,241000000.0,0.0,241000000.0,1.0,0,0.0,0.0,0.0,-37900000.0,-37900000.0,-37900000.0,301800000.0,118200000.0,34300000.0,0.0,0.0,0.0,0.0,84900000.0,84900000.0,0.3522821577,29000000.0,55900000.0,0.2319502075,0.25,0.25,219629106,219629106,,,1.0973044711114015,0.2545199997308189,0.591451663059631,0.5623116273122744,5.074464037567043,6.382578454788228,6.382578454788228,6.382578454788228,17.61105379175017,2354424016.32,4989624016.32,10.529624402146691,9.769394258589212,18.12489619953811,19.06416207546559,1.679571990526466,1.679571990526466,20.703834092614105,0.0,38.411270333487295,40.40181389732793,0.0237425372883226,0.0524544428462942,2.674917962619489,0.2207017110165451,0.0,0.0,0.0,2.323792486583184,0.0082398072163409,0.3470483005366726,0.0,0.0,0.0,0.0492686682063125,0.0265560165975103,0.1865889212827988,0.0,6.045751566048607,0.0,0.0032901900540909,-65.90019084264723,1114500000.0,1401800000.0,-14473600000.0,1402400000.0,0.0,0.0,0.0,0.0,0.0,0.0,0.0,0.0,0.0,0.0398773006134969,0.0291400357473567,1994-10-18,0.29,bmo,,2025-04-25,1994-09-30,-0.1379310344827585,12.00921875,390546.109375
1994-06-30,HBAN,USD,49196,1994-06-30,1994-06-29 20:00:00,1994,Q2,254100000.0,0.0,254100000.0,1.0,0,0.0,0.0,0.0,-48000000.0,-48000000.0,-48000000.0,297500000.0,105400000.0,14100000.0,0.0,0.0,0.0,0.0,100700000.0,100700000.0,0.396300669,33200000.0,67500000.0,0.2656434475,0.31,0.31,218404193,218404193,,,1.1634392019204502,0.309060000510155,1.8168149363322887,1.784306402945295,3.7329869394952495,6.3620573438349695,6.3620573438349695,6.3620573438349695,15.326170958631732,2620850316.0,5047450316.0,9.706853022222225,10.314247603305786,6.604965514112903,6.725302324865281,1.886182307304786,1.886182307304786,19.864031153089336,0.0,12.720388901209676,12.952143484731844,0.0257550000425129,0.1486922002454412,2.3331414177761785,0.1971359075706902,0.0,0.0,0.0,5.878518518518519,0.0057614888983991,0.2237037037037037,0.0,0.0,0.0,0.0178931451612903,0.0279417552144824,0.5035460992907801,0.0,6.651375236254049,0.0,0.0041045910611128,-65.20112917429199,815300000.0,1389500000.0,-14240200000.0,1104000000.0,0.0,0.0,0.0,0.0,0.0,0.0,0.0,0.0,0.0,0.0485786254048218,0.032508533386994,1994-07-13,0.31,bmo,,2025-04-25,1994-06-30,0.0,12.03467741935484,367672.2741935484
1994-03-31,HBAN,USD,49196,1994-03-31,1994-03-30 19:00:00,1994,Q1,264500000.0,0.0,264500000.0,1.0,0,0.0,0.0,0.0,-64100000.0,-64100000.0,-64100000.0,301700000.0,98500000.0,18000000.0,0.0,0.0,0.0,0.0,101900000.0,101900000.0,0.3852551985,35200000.0,66700000.0,0.252173913,0.31,0.31,215815699,215815699,,,1.2255827598528872,0.3090600003107281,2.643459223047532,2.6156577237692056,3.491404951036486,6.405465433726395,6.405465433726395,6.405465433726395,14.813565532134898,2348074805.1200004,4693074805.120001,8.80088007916042,8.87740947115312,4.11581911502191,4.159565642373782,1.6985494828703704,1.6985494828703704,17.743193970207944,0.0,8.226248562874673,8.313684331479186,0.0284062500285595,0.2404097172581989,2.241391782407407,0.1879302501895375,0.0,0.0,0.0,8.553223388305847,0.0067289167983694,0.2368815592203898,0.0,0.0,0.0,0.0105170902716914,0.0226843100189035,0.3333333333333333,0.0,6.674027708295895,0.0,0.0040454890068233,-66.49933284047144,753500000.0,1382400000.0,-14351600000.0,1042600000.0,0.0,0.0,0.0,0.0,0.0,0.0,0.0,0.0,0.0,0.0482494212962962,0.0278014992783263,1994-04-13,0.3,bmo,,2025-04-25,1994-03-31,0.0,10.863968253968252,371425.3492063492
1993-12-31,HBAN,USD,49196,1993-12-31,1993-12-30 19:00:00,1993,Q4,308700000.0,0.0,308700000.0,1.0,0,0.0,0.0,0.0,-64200000.0,-64200000.0,-64200000.0,209100000.0,129700000.0,23700000.0,0.0,0.0,0.0,0.0,114800000.0,114800000.0,0.3718820862,46000000.0,68800000.0,0.2228701004,0.31,0.31,220960473,225332878,,,1.397082454652421,0.3113679069649711,0.0877985086500063,0.0153873674953619,3.4286675336724137,5.994737348340126,5.994737348340126,5.994737348340126,18.49878371685057,2470338088.14,5670538088.139999,8.976519215625,8.002390956073858,127.33701485257733,726.5700259235293,1.8649691138003923,1.8649691138003923,18.369090016650468,0.0,292.2957777391752,1667.8053200411764,0.0278504389056324,0.0013763298296388,2.98792088177563,0.22463632390585,0.0,0.0,0.0,0.2819767441860465,0.0080960578214047,0.2906976744186046,0.0,0.0,0.0,0.8247422680412371,0.0518302559118885,0.6751054852320675,0.0,6.480570844573927,0.0,0.0039049419083133,-70.31348090932083,757600000.0,1324600000.0,-15536500000.0,1047800000.0,0.0,0.0,0.0,0.0,0.0,0.0,0.0,0.0,0.0,0.0519402083647893,0.0724111411546444,1994-01-12,0.29,bmo,,2025-04-25,1993-12-31,0.0,11.1371875,420273.734375
1993-09-30,HBAN,USD,49196,1993-09-30,1993-09-29 20:00:00,1993,Q3,283600000.0,0.0,283600000.0,1.0,0,0.0,0.0,0.0,-91800000.0,-91800000.0,-91800000.0,295600000.0,102200000.0,53800000.0,0.0,0.0,0.0,0.0,89600000.0,89600000.0,0.3159379408,30200000.0,59400000.0,0.2094499295,0.26,0.26,225332878,225332878,,,1.258582424886971,0.2636100001350003,0.5356519699712884,0.4997051517710611,3.3217522744284125,5.380040457300687,5.380040457300687,5.380040457300687,17.53006500897752,2850460906.7000003,5949860906.700001,11.996889337962962,10.050990503173486,23.616080420049716,25.314928123445828,2.351283433721026,2.351283433721026,20.979763422778564,0.0,49.29462225932063,52.8406830079929,0.0208387351885375,0.0395023835392143,3.174049327724161,0.2287883652622691,0.0,0.0,0.0,1.8626543209876545,0.0051921427742484,0.2491582491582491,0.0,0.0,0.0,0.0671085335542667,0.0285613540197461,0.1505576208178438,0.0,5.648914097213302,0.0,0.0035318040740608,-65.93711548831325,748500000.0,1212300000.0,-14857800000.0,1028200000.0,0.0,0.0,0.0,0.0,0.0,0.0,0.0,0.0,0.0,0.0489977728285077,0.0359468182002273,1993-10-13,0.28,bmo,,2025-04-25,1993-09-30,0.0,12.4134375,320526.34375
1993-06-30,HBAN,USD,49196,1993-06-30,1993-06-29 20:00:00,1993,Q2,250000000.0,0.0,250000000.0,1.0,0,0.0,0.0,0.0,-73100000.0,-73100000.0,-73100000.0,283700000.0,98800000.0,30600000.0,0.0,0.0,0.0,0.0,78100000.0,78100000.0,0.3124,24900000.0,53200000.0,0.2128,0.27,0.27,195086175,195086175,,,1.28148496427284,0.2727000003972603,-1.5895539496840307,-1.6731067693546198,3.663509215863195,5.615467113443585,5.615467113443585,5.615467113443585,17.497395702181358,2276655662.25,4876655662.25,10.698569841400376,9.106622649,-7.341682238793937,-6.975047984834559,2.078188646508444,2.078188646508444,19.506622649,0.0,-15.7260743703644,-14.940734259344362,0.0233676092885398,-0.1433681893191619,3.025741670470105,0.2117356227123775,0.0,0.0,0.0,-5.5375,0.0052269652355944,0.2236842105263158,0.0,0.0,0.0,-0.0525636891325378,0.0652,0.5326797385620915,0.0,5.869846879732429,0.0,0.0033982970188247,-70.96709953947274,714700000.0,1095500000.0,-13844700000.0,977500000.0,0.0,0.0,0.0,0.0,0.0,0.0,0.0,0.0,0.0,0.0485623003194888,0.0835528196705891,1993-07-14,0.26,bmo,,2025-04-25,1993-06-30,0.2692307692307693,11.06063492063492,357399.0317460318
1993-03-31,HBAN,USD,49196,1993-03-31,1993-03-30 19:00:00,1993,Q1,224900000.0,0.0,224900000.0,1.0,0,0.0,0.0,0.0,-65100000.0,-65100000.0,-65100000.0,255900000.0,89900000.0,19400000.0,0.0,0.0,0.0,0.0,69900000.0,69900000.0,0.3108048021,22600000.0,47300000.0,0.2103156959,0.26,0.26,179431736,179431736,,,1.2534014607092694,0.2636100004070629,1.2985439766352147,1.2071443147604612,3.706702141030392,5.443295716650704,5.443295716650704,5.443295716650704,16.79134397941733,1880444593.28,4138344593.28,9.938924911627907,8.361247635749221,8.070577653562232,8.681646321698985,1.925304180690079,1.925304180690079,18.40082077936861,0.0,17.761135593476393,19.105930716897507,0.0251536259930403,0.1151855262176012,2.992730623528207,0.208308093585422,0.0,0.0,0.0,4.92600422832981,0.0062219328566294,0.2473572938689217,0.0,0.0,0.0,0.0703862660944206,0.0729212983548243,0.845360824742268,0.0,5.682025315575975,0.0,0.0033708425681116,-69.05300186138756,665100000.0,976700000.0,-12390300000.0,896700000.0,0.0,0.0,0.0,0.0,0.0,0.0,0.0,0.0,0.0,0.0484283812839152,0.0913996618747533,1993-04-14,0.23,bmo,,2025-04-25,1993-03-31,0.1304347826086956,10.337903225806452,391324.8387096774
1992-12-31,HBAN,USD,49196,1992-12-31,1992-12-30 19:00:00,1992,Q4,224600000.0,0.0,224600000.0,1.0,0,63000000.0,4000000.0,67000000.0,157600000.0,224600000.0,224600000.0,264200000.0,93700000.0,25300000.0,0.0,0.0,0.0,0.0,54400000.0,54400000.0,0.2422083704,15800000.0,38600000.0,0.1718610864,0.21,0.21,182827807,182827807,,,1.2284783353551902,0.2111276213032517,1.6118992227478832,1.5829101970248978,4.724664230097121,5.149107323701585,5.149107323701585,5.149107323701585,15.768936067805049,1788055952.4599998,3713555952.46,11.58067326722798,7.961068354674976,6.067376832236172,6.178493270421561,1.8993583518801784,1.8993583518801784,16.53408705458593,0.0,12.60113998120122,12.831914141188664,0.0215876913398007,0.1618517583870038,2.9629275547057574,0.2007427185514109,0.0,0.0,0.0,7.634715025906735,0.0067111993802489,0.310880829015544,0.2804986642920748,0.0,0.0,0.0179843909060061,0.0235975066785396,0.2094861660079051,0.0,4.94572265442433,0.0,0.0027779976826029,-66.12615552512753,863800000.0,941400000.0,-12089700000.0,1084400000.0,0.0,0.0,0.0,0.0,0.0,0.0,0.0,0.0,0.0,0.041002761844062,0.0289890257229853,1992-12-30,,bmo,,2025-04-25,1992-12-31,,8.696875,252042.453125
1992-09-30,HBAN,USD,49196,1992-09-30,1992-09-29 20:00:00,1992,Q3,213400000.0,0.0,213400000.0,1.0,0,60800000.0,3100000.0,63900000.0,-129500000.0,-65600000.0,-65600000.0,254600000.0,97400000.0,16400000.0,0.0,0.0,0.0,0.0,50400000.0,50400000.0,0.2361761949,15500000.0,34900000.0,0.1635426429,0.19,0.19,182827807,182827807,,,1.1672185074122778,0.190889999572111,-2.098696069794241,-2.1244033190202845,3.660821682338508,5.00689700883411,5.00689700883411,5.00689700883411,15.405205839394004,1533925300.73,3583725300.73,10.98800358689112,7.18802858823805,-3.997720356346104,-3.949344234629248,1.6756885522503826,1.6756885522503826,16.79346438955014,0.0,-9.339914779072192,-9.226893153269826,0.0227520857654482,-0.2532065934469946,2.9703954555385623,0.2010737341842356,0.0,0.0,0.0,-10.994269340974212,0.0079534511844833,0.3495702005730659,0.2849109653233365,0.0,0.0,-0.0122491529841021,0.0220243673851921,0.2865853658536585,0.0,4.63732118546514,0.0,0.0025808073711999,-65.29750695964974,669300000.0,915400000.0,-11938200000.0,889700000.0,0.0,0.0,0.0,0.0,0.0,0.0,0.0,0.0,0.0,0.0381254096569805,0.0257072492260436,1993-01-13,0.21,bmo,,2025-04-25,1992-09-30,0.0,8.3621875,215032.59375
1992-06-30,HBAN,USD,49196,1992-06-30,1992-06-29 20:00:00,1992,Q2,225100000.0,0.0,225100000.0,1.0,0,59000000.0,3200000.0,62200000.0,-131900000.0,-69700000.0,-69700000.0,253900000.0,106500000.0,13100000.0,0.0,0.0,0.0,0.0,48900000.0,48900000.0,0.2172367837,15300000.0,33600000.0,0.1492669924,0.19,0.19,176017602,176017602,,,1.2788493732575676,0.1908899997399123,1.7503931226150893,1.7185781226584371,4.414331243985473,5.09039999306433,5.09039999306433,5.09039999306433,10.73642623537162,1543674369.54,2549974369.54,11.485672392410711,6.857727097023545,5.01030304946446,5.10305576707438,1.7228508588616072,1.7228508588616072,11.328184671434917,0.0,8.276450404219409,8.429667337322314,0.0217662485450299,0.1959610174068913,1.9902901785714289,0.1406166219839142,0.0,0.0,0.0,9.169642857142858,0.0067371721686997,0.3095238095238095,0.2621057307863172,0.0,0.0,0.0181759169100941,0.0248778320746334,0.4274809160305343,0.0,4.675830963627989,0.0,0.0026494243810124,-62.5448811647826,777000000.0,896000000.0,-11009000000.0,998100000.0,0.0,0.0,0.0,0.0,0.0,0.0,0.0,0.0,0.0,0.0375,0.031814999956652,1992-06-29,,bmo,,2025-04-25,1992-06-30,,7.966825396825397,267714.44444444444
1992-03-31,HBAN,USD,49196,1992-03-31,1992-03-30 19:00:00,1992,Q1,183300000.0,0.0,183300000.0,1.0,0,57400000.0,1900000.0,59300000.0,-80900000.0,-21600000.0,-21600000.0,250200000.0,115100000.0,14300000.0,0.0,0.0,0.0,0.0,46600000.0,46600000.0,0.2542280415,14700000.0,31900000.0,0.1740316421,0.18,0.18,175467547,175467547,,,1.0446376160943311,0.1817999997458219,-0.6297460806242422,-0.6542520367028326,4.367759241542255,4.971289648221958,4.971289648221958,4.971289648221958,11.45795923162931,1351100111.9,2480100111.9,10.588558870689656,7.370977151663939,-12.22715033393665,-11.769164737804878,1.5488938575031528,1.5488938575031528,13.530278842880524,0.0,-22.4443449040724,-21.603659511324043,0.0236103895773794,-0.0849677969743938,2.172876304023845,0.1482437410544592,0.0,0.0,0.0,-3.4639498432601883,0.0079194723660802,0.335423197492163,0.3131478450627387,0.0,0.0,-0.0389140271493212,0.0234588106928532,0.3006993006993007,0.0,4.509441237849883,0.0,0.0024949748547205,-63.52741683908079,766400000.0,872300000.0,-11147000000.0,986900000.0,0.0,0.0,0.0,0.0,0.0,0.0,0.0,0.0,0.0,0.0365699873896595,0.0245059560785904,1992-03-30,,bmo,,2025-04-25,1992-03-31,,7.230952380952381,182277.5555555556
1991-12-31,HBAN,USD,49196,1991-12-31,1991-12-30 19:00:00,1991,Q4,176900000.0,0.0,176900000.0,1.0,0,53400000.0,-6400000.0,47000000.0,-47000000.0,0.0,0.0,252800000.0,127700000.0,12000000.0,0.0,0.0,173400000.0,0.9802148106,-127700000.0,45700000.0,0.2583380441,14000000.0,31700000.0,0.1791972866,0.22,0.22,143970919,143970919,,,1.2287203640062894,0.2201833552232864,-1.3745831545327567,-1.4072286362220137,4.96697530978461,5.924807634241746,5.924807634241746,5.924807634241746,12.903994868574811,966044866.49,1981044866.49,7.618650366640379,5.460965893103448,-4.881479871096514,-4.7682372482231,1.1325262209730362,1.1325262209730362,11.198670811136235,0.0,-10.010332827134915,-9.778108916535045,0.0328142109125613,-0.2097211082298083,2.028253223915592,0.1402867197509041,0.0,0.0,1.3578700078308537,-6.242902208201893,0.0110760901187509,0.3375394321766561,0.3018654607122668,0.0,0.0,-0.0237493683678625,0.0265686828716789,0.3916666666666666,0.0,5.417770809022611,0.0204009040148225,0.0025704231062387,-74.76857183915038,715100000.0,853000000.0,-10764500000.0,930700000.0,196350000.0,0.0,0.0,0.0,0.0,0.0,0.0,0.0,0.0,0.0371629542790152,0.0326454816892569,1991-12-30,,bmo,,2025-04-25,1991-12-31,,6.62703125,204879.328125
1991-09-30,HBAN,USD,49196,1991-09-30,1991-09-29 20:00:00,1991,Q3,167100000.0,0.0,167100000.0,1.0,0,51800000.0,5600000.0,57400000.0,-57400000.0,-11600000.0,0.0,256400000.0,136400000.0,9200000.0,0.0,0.0,178700000.0,1.0694195093,-136400000.0,42300000.0,0.2531418312,12200000.0,30100000.0,0.1801316577,0.21,0.21,143970919,143970919,,,1.1606510617606045,0.2090699997546032,1.087719666497371,1.0453499987730162,7.85922607050942,5.785890690883205,5.785890690883205,5.785890690883205,13.986852442054635,953087483.78,1698887483.78,7.916009001495016,5.703695294913225,6.086126971775223,6.3328072011960135,1.1441626455942375,1.1441626455942375,10.166890986116098,0.0,10.848579079054916,11.288288928770765,0.0315815709599098,0.1579078547995492,2.2536614645858344,0.1535485559581551,0.0,0.0,1.310117302052786,5.20265780730897,0.0114365157296683,0.362126245847176,0.3099940155595452,0.0,0.0,0.0389527458492975,0.0365050867743865,0.6630434782608695,0.0,5.217016745206981,0.0226376214628861,0.0024619461643533,-69.22977966126618,1524200000.0,833000000.0,-9868900000.0,1739800000.0,402300000.0,0.0,0.0,211.508078994614,0.0,0.0,0.4255156608097785,0.0,0.0,0.0361344537815126,0.0423696677243548,1991-09-29,,bmo,,2025-04-25,1991-09-30,,6.26890625,224693.84375
1991-06-30,HBAN,USD,49196,1991-06-30,1991-06-29 20:00:00,1991,Q2,163600000.0,0.0,163600000.0,1.0,0,48900000.0,5300000.0,54200000.0,109400000.0,163600000.0,163600000.0,264000000.0,145100000.0,9600000.0,0.0,0.0,0.0,0.0,41800000.0,41800000.0,0.2555012225,12200000.0,29600000.0,0.1809290954,0.21,0.21,141579375,141579375,,,1.155535543224428,0.2090700004855933,-0.974718245507158,-1.0213352050748918,6.689533697969779,5.772027175568475,5.772027175568475,5.772027175568475,14.088916552993682,794260293.75,1696760293.75,6.708279508023649,4.85489177108802,-5.755509375,-5.4928097769709545,0.9719288959251102,0.9719288959251102,10.371395438569682,0.0,-12.295364447463768,-11.734165240318118,0.0372673797657029,-0.1820561862878595,2.2633382280959373,0.150626252097008,0.0,0.0,0.0,-4.662162162162162,0.0129680409319844,0.3479729729729729,0.2988997555012225,0.0,0.0,-0.0478260869565217,0.0403422982885085,0.6875,0.0,5.210762784753935,0.0,0.0024105412316562,-72.08800716912333,1359000000.0,817200000.0,-10103200000.0,1574700000.0,379550000.0,0.0,0.0,226.5953545232274,0.0,0.0,0.3971837824714737,0.0,0.0,0.0362212432697014,0.0466169595677336,1991-06-29,,bmo,,2025-04-25,1991-06-30,,5.38640625,151091.75
1991-03-31,HBAN,USD,49196,1991-03-31,1991-03-30 19:00:00,1991,Q1,153600000.0,0.0,153600000.0,1.0,0,47000000.0,4900000.0,51900000.0,101700000.0,153600000.0,153600000.0,262600000.0,149100000.0,8900000.0,0.0,0.0,0.0,0.0,36600000.0,36600000.0,0.23828125,11000000.0,25600000.0,0.1666666667,0.19,0.19,134108649,134108649,,,1.1453399996595297,0.1908899999432549,-0.1245258984004827,-0.1893986718186983,4.326342889338927,5.949653552918872,5.949653552918872,5.949653552918872,12.342977222893357,686636282.88,1612636282.88,6.705432450000001,4.4702883,-41.11594508263473,-27.032924522834644,0.8605543086602332,0.8605543086602332,10.498934133333334,0.0,-96.56504687904192,-63.48961743622048,0.0372832031139169,-0.0369919280895895,1.8877052262188243,0.1292221106907231,0.0,0.0,0.0,-0.65234375,0.0151463012650287,0.40625,0.3059895833333333,0.0,0.0,-0.5209580838323353,0.056640625,0.9775280898876404,0.0,5.055087609876715,0.0,0.0021963125970538,-74.6961517746704,927400000.0,797900000.0,-9930600000.0,1141200000.0,356100000.0,0.0,0.0,203.4375,0.0,0.0,0.4423963133640553,0.0,0.0,0.0320842210803358,0.0648727734182155,1991-03-30,,bmo,,2025-04-25,1991-03-31,,4.590983606557377,234222.68852459016
1990-12-31,HBAN,USD,49196,1990-12-31,1990-12-30 19:00:00,1990,Q4,149500000.0,0.0,149500000.0,1.0,0,46500000.0,5300000.0,51800000.0,97700000.0,149500000.0,149500000.0,276700000.0,165900000.0,9500000.0,0.0,0.0,0.0,0.0,38800000.0,38800000.0,0.2595317726,11400000.0,27400000.0,0.183277592,0.24,0.24,115511551,115511551,,,1.2942428588808403,0.2372057146042476,0.9531514298513748,0.8605200011555554,6.7066885804346965,6.800185723417393,6.800185723417393,6.800185723417393,15.808808592657543,421617161.15,1307117161.15,3.84687190830292,2.82018167993311,3.829402008628519,4.241621339537224,0.5367500460216422,0.5367500460216422,8.743258603010034,0.0,11.87209047366031,13.150072043762576,0.0649878670148623,0.2357589044261795,2.113558243157225,0.1405900684235485,0.0,0.0,0.0,4.018248175182482,0.0241925636332699,0.3722627737226277,0.3110367892976589,0.0,0.0,0.0971843778383288,0.071571906354515,1.1263157894736842,0.0,6.02440582665283,0.0,0.0023203035024727,-86.35370154453211,1139700000.0,785500000.0,-9883600000.0,1349600000.0,361500000.0,0.0,0.0,219.73244147157192,0.0,0.0,0.4095890410958904,0.0,0.0,0.0348822406110757,0.0926314286958193,1990-12-30,,bmo,,2025-04-25,1990-12-31,,3.77234375,292719.453125
1990-09-30,HBAN,USD,49196,1990-09-30,1990-09-29 20:00:00,1990,Q3,146500000.0,0.0,146500000.0,1.0,0,47200000.0,5700000.0,52900000.0,93600000.0,146500000.0,146500000.0,278900000.0,171900000.0,9300000.0,0.0,0.0,0.0,0.0,100000.0,100000.0,0.0006825939,-2000000.0,2100000.0,0.014334471,0.0182,0.0182,115511551,115511551,,,1.268271430274536,0.0181800000244131,0.7142142866733735,0.5791628579205901,6.704091437574066,6.672060008959623,6.672060008959623,6.672060008959623,17.765322880999147,415841583.6,1521641583.6,49.50495042857143,2.8385091030716727,5.040504043636363,6.215868215246637,0.5395634924094979,0.5395634924094979,10.386631969965867,0.0,18.444140407272727,22.74501619730941,0.0050500000067814,0.1608785716446083,2.439600363306085,0.15814086497216,0.0,0.0,0.0,30.55555555555556,0.0240476190799115,4.761904761904762,0.3221843003412969,0.0,0.0,0.1890909090909091,0.1064846416382252,1.6774193548387095,0.0,1.652030916880755,0.0,0.0001766279206688,-87.22764011713426,1132400000.0,770700000.0,-9986300000.0,1337700000.0,344900000.0,0.0,0.0,219.93174061433447,0.0,0.0,0.4092178770949721,0.0,0.0,0.0027247956403269,0.1350514287527833,1990-09-29,,bmo,,2025-04-25,1990-09-30,,4.412698412698413,208537.53968253967
1990-06-30,HBAN,USD,49196,1990-06-30,1990-06-29 20:00:00,1990,Q2,144300000.0,0.0,144300000.0,1.0,0,45000000.0,5200000.0,50200000.0,94100000.0,144300000.0,144300000.0,272500000.0,169000000.0,8700000.0,0.0,0.0,0.0,0.0,37700000.0,37700000.0,0.2612612613,10000000.0,27700000.0,0.191961192,0.21,0.21,132491510,132491510,,,1.0891263900607668,0.2090700000324549,-0.3592683033048683,-0.4407829603572334,5.903774513551849,5.711309351067099,5.711309351067099,5.711309351067099,15.210031193696864,681006361.4,1745006361.4,6.146266799638989,4.719378803880804,-14.306856331932773,-11.66106783219178,0.8999687609356415,0.8999687609356415,12.092906177408178,0.0,-36.659797508403365,-29.880245914383565,0.0406750972825787,-0.0857554397582166,2.439804413902471,0.1580109551523451,0.0,0.0,0.0,-1.7184115523465704,0.0123346865405654,0.3032490974729241,0.3118503118503118,0.0,0.0,-0.226890756302521,0.0748440748440748,1.2413793103448276,0.0,5.183283470908336,0.0,0.002370763437179,-74.6934652643026,1114000000.0,756700000.0,-9813300000.0,1307400000.0,311800000.0,0.0,0.0,206.94386694386696,0.0,0.0,0.4349005424954792,0.0,0.0,0.0366063169023391,0.081514657052365,1990-06-29,,bmo,,2025-04-25,1990-06-30,,5.223015873015873,135002.46031746033
1990-03-31,HBAN,USD,49196,1990-03-31,1990-03-30 19:00:00,1990,Q1,133700000.0,0.0,133700000.0,1.0,0,43200000.0,3900000.0,47100000.0,86600000.0,133700000.0,133700000.0,264100000.0,164800000.0,8200000.0,0.0,0.0,0.0,0.0,37100000.0,37100000.0,0.277486911,9700000.0,27400000.0,0.2049364248,0.23,0.23,120572057,120572057,,,1.1088804763445317,0.2272500003877349,-0.0879142337266419,-0.1832928835244139,6.895461690597184,6.116674280509289,6.116674280509289,6.116674280509289,17.601093095724494,641443343.24,1767443343.24,5.852585248540146,4.797631587434555,-60.51352294716981,-29.024585666968328,0.8697536857491526,0.8697536857491526,13.219471527599104,0.0,-166.73993804150945,-79.97481191131222,0.0427161654864163,-0.0344535495346642,2.654101694915254,0.1688578329882677,0.0,0.0,0.0,-0.3868613138686131,0.0130954667914561,0.3065693430656934,0.3231114435302917,0.0,0.0,-1.0849056603773586,0.0860134629768137,1.4024390243902438,0.0,5.59243419575869,0.0,0.0023636991028295,-81.3144458504179,1123200000.0,737500000.0,-9731300000.0,1310400000.0,290200000.0,0.0,0.0,196.42483171278985,0.0,0.0,0.458190541466758,0.0,0.0,0.0371525423728813,0.0953786497977719,1990-03-30,,bmo,,2025-04-25,1990-03-31,,5.523015873015873,184387.5555555556
1989-12-31,HBAN,USD,49196,1989-12-31,1989-12-30 19:00:00,1989,Q4,173400000.0,0.0,173400000.0,1.0,0,51600000.0,12500000.0,64100000.0,109300000.0,173400000.0,173400000.0,329000000.0,203900000.0,12100000.0,0.0,0.0,0.0,0.0,46900000.0,46900000.0,0.270472895,11200000.0,35700000.0,0.2058823529,0.34,0.34,106202928,106202928,,,1.6327233463845745,0.3361489242556476,0.3813454182732137,0.2551718724741751,9.287879520609827,6.7860652580124725,6.7860652580124725,6.7860652580124725,21.713149000939037,632969450.88,1748669450.88,4.432559179831933,3.650342853979238,15.62887533037037,23.356806305535056,0.8782703633689468,0.8782703633689468,10.084598909342562,0.0,43.17702347851852,64.52654800295204,0.0564008262173905,0.042814072562781,2.916747606493687,0.1799773968732341,0.0,0.0,0.0,1.134453781512605,0.0080572608881986,0.1428571428571428,0.2975778546712803,0.0,0.0,0.3308641975308642,0.077277970011534,1.1074380165289257,0.0,7.164174207067701,0.0,0.0030565591876573,-91.86422807476644,1275000000.0,720700000.0,-9684100000.0,1454800000.0,195600000.0,66300000.0,0.0,149.7923875432526,0.0,0.0,0.6008316008316008,0.0,0.0,0.0495351741362564,0.1261735457990386,1989-12-30,,bmo,,2025-04-25,1989-12-31,,,
1989-09-30,HBAN,USD,49196,1989-09-30,1989-09-29 20:00:00,1989,Q3,121100000.0,0.0,121100000.0,1.0,0,38600000.0,4100000.0,42700000.0,78400000.0,121100000.0,121100000.0,241800000.0,153300000.0,6200000.0,0.0,0.0,0.0,0.0,33800000.0,33800000.0,0.2791081751,8700000.0,25100000.0,0.2072667217,0.24,0.24,106202928,106202928,,,1.1402698803181772,0.2363399999668559,-0.0564956175219575,-0.0903929880351321,6.078928445362636,5.903792031044568,5.903792031044568,5.903792031044568,19.529593383715373,688194973.44,1963394973.44,6.854531607968128,5.682865181172585,-114.69916224,-71.6869764,1.097599638660287,1.097599638660287,16.213005561023948,0.0,-327.2324955733333,-204.5203097333333,0.0364722222171073,-0.0139495351906068,3.06347687400319,0.1886929613438774,0.0,0.0,0.0,-0.2390438247011952,0.0138042275323713,0.3784860557768924,0.3187448389760528,0.0,0.0,-0.6,0.0297274979355904,0.5806451612903226,0.0,5.603061635345576,0.0,0.0024657399675819,-83.14224632300157,748200000.0,627000000.0,-8804300000.0,907400000.0,100750000.0,126700000.0,0.0,76.25103220478944,0.0,0.0,1.1803118908382066,0.0,0.0,0.0400318979266347,0.0338973705131745,1989-09-29,,bmo,,2025-04-25,1989-09-30,,,
1989-06-30,HBAN,USD,49196,1989-06-30,1989-06-29 20:00:00,1989,Q2,120600000.0,0.0,120600000.0,1.0,0,37200000.0,4400000.0,41600000.0,79000000.0,120600000.0,120600000.0,234700000.0,146300000.0,5900000.0,0.0,0.0,0.0,0.0,32200000.0,32200000.0,0.2669983416,8100000.0,24100000.0,0.1998341625,0.24,0.24,101971736,101971736,,,1.182680659668283,0.2363399991542754,0.0490331948452853,-0.0147099584535856,10.213614486272942,5.997740393475306,5.997740393475306,5.997740393475306,20.21148291522663,584298047.2800001,1457498047.2800002,6.06118306307054,4.84492576517413,116.859609456,-389.53203152,0.9553597895356444,0.9553597895356444,12.085390110116087,0.0,291.49960945600003,-971.6653648533336,0.0412460731508334,-0.0025671829761929,3.130640941792021,0.1849844453461635,0.0,0.0,0.0,0.2074688796680498,0.0111244595635027,0.2697095435684647,0.308457711442786,0.0,0.0,1.3,0.0538971807628524,1.1016949152542372,0.0,5.647467050743559,0.0,0.0023283674376364,-84.56583498784408,1140400000.0,611600000.0,-8598600000.0,1299600000.0,96200000.0,116150000.0,0.0,73.80597014925372,0.0,0.0,1.2194135490394338,0.0,0.0,0.0394048397645519,0.0637431532988709,1989-06-29,,bmo,,2025-04-25,1989-06-30,,,
1989-03-31,HBAN,USD,49196,1989-03-31,1989-03-30 19:00:00,1989,Q1,113400000.0,0.0,113400000.0,1.0,0,36100000.0,4300000.0,40400000.0,73000000.0,113400000.0,113400000.0,214700000.0,127700000.0,5500000.0,0.0,0.0,0.0,0.0,30800000.0,30800000.0,0.2716049383,7700000.0,23100000.0,0.2037037037,0.26,0.26,87629453,87629453,,,1.294085448644761,0.2636099987980069,0.5306435040739099,0.5055377899026712,12.763973318422972,6.722625553762158,6.722625553762158,6.722625553762158,17.958573814217463,419745079.87,747245079.87,4.542695669588745,3.701455730776014,9.026775911182796,9.475058236343116,0.7125192325072144,0.7125192325072144,6.589462785449736,0.0,16.069786663870968,16.867834760045145,0.0550334026718177,0.1055402484139188,2.454591750127313,0.1481830665491586,0.0,0.0,0.0,2.012987012987013,0.0150091098195866,0.2727272727272727,0.318342151675485,0.0,0.0,0.0473118279569892,0.019400352733686,0.4,0.0,6.3145391414022125,0.0,0.0023672398598102,-91.07069286396208,1212000000.0,589100000.0,-7957100000.0,1368300000.0,,,,74.2063492063492,0.0,0.0,1.2128342245989303,0.0,0.0,0.039212357833984,0.0251057141712387,1989-03-30,,bmo,,2025-04-25,1989-03-31,,,
1988-12-31,HBAN,USD,49196,1988-12-31,1988-12-30 19:00:00,1988,Q4,0.0,0.0,0.0,0.0,0,0.0,0.0,0.0,0.0,0.0,0.0,0.0,0.0,0.0,0.0,0.0,0.0,0.0,0.0,0.0,0.0,-22900000.0,0.0,0.0,0.15,0.15,145677668,145677668,,,0.0,0.0,,,,,,,,651179175.9599999,,0.0,0.0,0.0,0.0,0.0,0.0,0.0,0.0,0.0,0.0,0.0,,0.0,0.0,0.0,0.0,0.0,0.0,0.0130013422818791,0.0,0.0,0.0,0.0,0.0,0.0,0.0,0.0,,0.0,0.0,,,,,,,,,0.0,0.0,0.0,0.0,0.0,0.0,0.0,,1988-12-30,,bmo,,2025-04-25,1988-12-31,,,
1988-09-30,HBAN,USD,49196,1988-09-30,1988-09-29 20:00:00,1988,Q3,0.0,0.0,0.0,0.0,0,0.0,0.0,0.0,0.0,0.0,0.0,0.0,0.0,0.0,0.0,0.0,0.0,0.0,0.0,0.0,0.0,-22500000.0,0.0,0.0,0.15,0.15,144964796,144964796,,,0.0,0.0,,,,,,,,713226796.3199999,,0.0,0.0,0.0,0.0,0.0,0.0,0.0,0.0,0.0,0.0,0.0,,0.0,0.0,0.0,0.0,0.0,0.0,0.0118121951219512,0.0,0.0,0.0,0.0,0.0,0.0,0.0,0.0,,0.0,0.0,,,,,,,,,0.0,0.0,0.0,0.0,0.0,0.0,0.0,,1988-09-29,,bmo,,2025-04-25,1988-09-30,,,
1988-06-30,HBAN,USD,49196,1988-06-30,1988-06-29 20:00:00,1988,Q2,0.0,0.0,0.0,0.0,0,0.0,0.0,0.0,0.0,0.0,0.0,0.0,0.0,0.0,0.0,0.0,0.0,0.0,0.0,0.0,0.0,-21300000.0,0.0,0.0,0.12,0.12,116123212,116123212,,,0.0,0.0,,,,,,,,607324398.76,,0.0,0.0,0.0,0.0,0.0,0.0,0.0,0.0,0.0,0.0,0.0,,0.0,0.0,0.0,0.0,0.0,0.0,0.0100910133843212,0.0,0.0,0.0,0.0,0.0,0.0,0.0,0.0,,0.0,0.0,,,,,,,,,0.0,0.0,0.0,0.0,0.0,0.0,0.0,,1988-06-29,,bmo,,2025-04-25,1988-06-30,,,
1988-03-31,HBAN,USD,49196,1988-03-31,1988-03-30 19:00:00,1988,Q1,0.0,0.0,0.0,0.0,0,0.0,0.0,0.0,0.0,0.0,0.0,0.0,0.0,0.0,0.0,0.0,0.0,0.0,0.0,0.0,0.0,-20800000.0,0.0,0.0,0.15,0.14,145150715,145150715,,,0.0,0.0,,,,,,,,706883982.0500001,,0.0,0.0,0.0,0.0,0.0,0.0,0.0,0.0,0.0,0.0,0.0,,0.0,0.0,0.0,0.0,0.0,0.0,0.0108369609856262,0.0,0.0,0.0,0.0,0.0,0.0,0.0,0.0,,0.0,0.0,,,,,,,,,0.0,0.0,0.0,0.0,0.0,0.0,0.0,,1988-03-30,,bmo,,2025-04-25,1988-03-31,,,
1987-12-31,HBAN,USD,49196,1987-12-31,1987-12-30 19:00:00,1987,Q4,0.0,0.0,0.0,0.0,0,0.0,0.0,0.0,0.0,0.0,0.0,0.0,0.0,0.0,0.0,0.0,0.0,0.0,0.0,0.0,0.0,-8900000.0,0.0,0.0,0.0273,0.0273,145150715,145150715,,,0.0,0.0,,,,,,,,579151352.85,,0.0,0.0,0.0,0.0,0.0,0.0,0.0,0.0,0.0,0.0,0.0,,0.0,0.0,0.0,0.0,0.0,0.0,0.0132270676691729,0.0,0.0,0.0,0.0,0.0,0.0,0.0,0.0,,0.0,0.0,,,,,,,,,0.0,0.0,0.0,0.0,0.0,0.0,0.0,,1987-12-30,,bmo,,2025-04-25,1987-12-31,,,
1987-09-30,HBAN,USD,49196,1987-09-30,1987-09-29 20:00:00,1987,Q3,0.0,0.0,0.0,0.0,0,0.0,0.0,0.0,0.0,0.0,0.0,0.0,0.0,0.0,0.0,0.0,0.0,0.0,0.0,0.0,0.0,-18600000.0,0.0,0.0,0.14,0.14,132704070,132704070,,,0.0,0.0,,,,,,,,680771879.1,,0.0,0.0,0.0,0.0,0.0,0.0,0.0,0.0,0.0,0.0,0.0,,0.0,0.0,0.0,0.0,0.0,0.0,0.0102877192982456,0.0,0.0,0.0,0.0,0.0,0.0,0.0,0.0,,0.0,0.0,,,,,,,,,0.0,0.0,0.0,0.0,0.0,0.0,0.0,,1987-09-29,,bmo,,2025-04-25,1987-09-30,,,
1987-06-30,HBAN,USD,49196,1987-06-30,1987-06-29 20:00:00,1987,Q2,0.0,0.0,0.0,0.0,0,0.0,0.0,0.0,0.0,0.0,0.0,0.0,0.0,0.0,0.0,0.0,0.0,0.0,0.0,0.0,0.0,-3300000.0,0.0,0.0,0.0364,0.0364,132355336,132355336,,,0.0,0.0,,,,,,,,655158913.2,,0.0,0.0,0.0,0.0,0.0,0.0,0.0,0.0,0.0,0.0,0.0,,0.0,0.0,0.0,0.0,0.0,0.0,0.0096925252525252,0.0,0.0,0.0,0.0,0.0,0.0,0.0,0.0,,0.0,0.0,,,,,,,,,0.0,0.0,0.0,0.0,0.0,0.0,0.0,,1987-06-29,,bmo,,2025-04-25,1987-06-30,,,
1987-03-31,HBAN,USD,49196,1987-03-31,1987-03-30 19:00:00,1987,Q1,0.0,0.0,0.0,0.0,0,0.0,0.0,0.0,0.0,0.0,0.0,0.0,0.0,0.0,0.0,0.0,0.0,0.0,0.0,0.0,0.0,-17000000.0,0.0,0.0,0.13,0.13,132081408,132081408,,,0.0,0.0,,,,,,,,659086225.9200001,,0.0,0.0,0.0,0.0,0.0,0.0,0.0,0.0,0.0,0.0,0.0,,0.0,0.0,0.0,0.0,0.0,0.0,0.0096148296593186,0.0,0.0,0.0,0.0,0.0,0.0,0.0,0.0,,0.0,0.0,,,,,,,,,0.0,0.0,0.0,0.0,0.0,0.0,0.0,,1987-03-30,,bmo,,2025-04-25,1987-03-31,,,
1986-12-31,HBAN,USD,49196,1986-12-31,1986-12-30 19:00:00,1986,Q4,0.0,0.0,0.0,0.0,0,0.0,0.0,0.0,0.0,0.0,0.0,0.0,0.0,0.0,0.0,0.0,0.0,0.0,0.0,0.0,0.0,-18500000.0,0.0,0.0,0.13,0.12,132081408,132081408,,,0.0,0.0,,,,,,,,597007964.16,,0.0,0.0,0.0,0.0,0.0,0.0,0.0,0.0,0.0,0.0,0.0,,0.0,0.0,0.0,0.0,0.0,0.0,0.0106146017699115,0.0,0.0,0.0,0.0,0.0,0.0,0.0,0.0,,0.0,0.0,,,,,,,,,0.0,0.0,0.0,0.0,0.0,0.0,0.0,,1986-12-30,,bmo,,2025-04-25,1986-12-31,,,
1986-09-30,HBAN,USD,49196,1986-09-30,1986-09-29 20:00:00,1986,Q3,0.0,0.0,0.0,0.0,0,0.0,0.0,0.0,0.0,0.0,0.0,0.0,0.0,0.0,0.0,0.0,0.0,0.0,0.0,0.0,0.0,-16400000.0,0.0,0.0,0.13,0.13,126882288,126882288,,,0.0,0.0,,,,,,,,657250251.8399999,,0.0,0.0,0.0,0.0,0.0,0.0,0.0,0.0,0.0,0.0,0.0,,0.0,0.0,0.0,0.0,0.0,0.0,0.0128957528957528,0.0,0.0,0.0,0.0,0.0,0.0,0.0,0.0,,0.0,0.0,,,,,,,,,0.0,0.0,0.0,0.0,0.0,0.0,0.0,,1986-09-29,,bmo,,2025-04-25,1986-09-30,,,
1986-06-30,HBAN,USD,49196,1986-06-30,1986-06-29 20:00:00,1986,Q2,0.0,0.0,0.0,0.0,0,0.0,0.0,0.0,0.0,0.0,0.0,0.0,0.0,0.0,0.0,0.0,0.0,0.0,0.0,0.0,0.0,-15400000.0,0.0,0.0,0.12,0.12,114135314,114135314,,,0.0,0.0,,,,,,,,708780299.9399999,,0.0,0.0,0.0,0.0,0.0,0.0,0.0,0.0,0.0,0.0,0.0,,0.0,0.0,0.0,0.0,0.0,0.0,0.0097761674718196,0.0,0.0,0.0,0.0,0.0,0.0,0.0,0.0,,0.0,0.0,,,,,,,,,0.0,0.0,0.0,0.0,0.0,0.0,0.0,,1986-06-29,,bmo,,2025-04-25,1986-06-30,,,
1986-03-31,HBAN,USD,49196,1986-03-31,1986-03-30 19:00:00,1986,Q1,0.0,0.0,0.0,0.0,0,0.0,0.0,0.0,0.0,0.0,0.0,0.0,0.0,0.0,0.0,0.0,0.0,0.0,0.0,0.0,0.0,-14400000.0,0.0,0.0,0.12,0.12,110097910,110097910,,,0.0,0.0,,,,,,,,598932630.4000001,,0.0,0.0,0.0,0.0,0.0,0.0,0.0,0.0,0.0,0.0,0.0,,0.0,0.0,0.0,0.0,0.0,0.0,0.0111599264705882,0.0,0.0,0.0,0.0,0.0,0.0,0.0,0.0,,0.0,0.0,,,,,,,,,0.0,0.0,0.0,0.0,0.0,0.0,0.0,,1986-03-30,,bmo,,2025-04-25,1986-03-31,,,
1985-12-31,HBAN,USD,49196,1985-12-31,1985-12-30 19:00:00,1985,Q4,0.0,0.0,0.0,0.0,0,0.0,0.0,0.0,0.0,0.0,0.0,0.0,0.0,0.0,0.0,0.0,0.0,0.0,0.0,0.0,0.0,-14300000.0,0.0,0.0,0.12,0.12,110207921,110207921,,,0.0,0.0,,,,,,,,495935644.5,,0.0,0.0,0.0,0.0,0.0,0.0,0.0,0.0,0.0,0.0,0.0,,0.0,0.0,0.0,0.0,0.0,0.0,0.0134911111111111,0.0,0.0,0.0,0.0,0.0,0.0,0.0,0.0,,0.0,0.0,,,,,,,,,0.0,0.0,0.0,0.0,0.0,0.0,0.0,,1985-12-30,,bmo,,2025-04-25,1985-12-31,,,
1985-09-30,HBAN,USD,49196,1985-09-30,1985-09-29 20:00:00,1985,Q3,0.0,0.0,0.0,0.0,0,0.0,0.0,0.0,0.0,0.0,0.0,0.0,0.0,0.0,0.0,0.0,0.0,0.0,0.0,0.0,0.0,-13500000.0,0.0,0.0,0.12,0.12,109862486,109862486,,,0.0,0.0,,,,,,,,432858194.84,,0.0,0.0,0.0,0.0,0.0,0.0,0.0,0.0,0.0,0.0,0.0,,0.0,0.0,0.0,0.0,0.0,0.0,0.0154086294416243,0.0,0.0,0.0,0.0,0.0,0.0,0.0,0.0,,0.0,0.0,,,,,,,,,0.0,0.0,0.0,0.0,0.0,0.0,0.0,,1985-09-29,,bmo,,2025-04-25,1985-09-30,,,
