date,symbol,reportedCurrency,cik,fillingDate,acceptedDate,calendarYear,period,revenue,costOfRevenue,grossProfit,grossProfitRatio,researchAndDevelopmentExpenses,generalAndAdministrativeExpenses,sellingAndMarketingExpenses,sellingGeneralAndAdministrativeExpenses,otherExpenses,operatingExpenses,costAndExpenses,interestIncome,interestExpense,depreciationAndAmortization,ebitda,ebitdaratio,operatingIncome,operatingIncomeRatio,totalOtherIncomeExpensesNet,incomeBeforeTax,incomeBeforeTaxRatio,incomeTaxExpense,netIncome,netIncomeRatio,eps,epsdiluted,weightedAverageShsOut,weightedAverageShsOutDil,link,finalLink,revenuePerShare,netIncomePerShare,operatingCashFlowPerShare,freeCashFlowPerShare,cashPerShare,bookValuePerShare,tangibleBookValuePerShare,shareholdersEquityPerShare,interestDebtPerShare,marketCap,enterpriseValue,peRatio,priceToSalesRatio,pocfratio,pfcfRatio,pbRatio,ptbRatio,evToSales,enterpriseValueOverEBITDA,evToOperatingCashFlow,evToFreeCashFlow,earningsYield,freeCashFlowYield,debtToEquity,debtToAssets,netDebtToEBITDA,currentRatio,interestCoverage,incomeQuality,dividendYield,payoutRatio,salesGeneralAndAdministrativeToRevenue,researchAndDdevelopementToRevenue,intangiblesToTotalAssets,capexToOperatingCashFlow,capexToRevenue,capexToDepreciation,stockBasedCompensationToRevenue,grahamNumber,roic,returnOnTangibleAssets,grahamNetNet,workingCapital,tangibleAssetValue,netCurrentAssetValue,investedCapital,averageReceivables,averagePayables,averageInventory,daysSalesOutstanding,daysPayablesOutstanding,daysOfInventoryOnHand,receivablesTurnover,payablesTurnover,inventoryTurnover,roe,capexPerShare,report_date,epsEstimated,time,revenueEstimated,updatedFromDate,fiscalDateEnding,surprise(%),QuarterAvgPrice,QuarterAvgVolume
2025-03-31,HES,USD,4447,2025-04-30,2025-04-30 07:30:32,2025,Q1,2938000000.0,1718000000.0,1220000000.0,0.4152484683,0,271000000.0,578000000.0,849000000.0,-410000000.0,439000000.0,2157000000.0,0.0,92000000.0,619000000.0,1492000000.0,0.5078284547,781000000.0,0.2658270933,0.0,781000000.0,0.2658270933,259000000.0,430000000.0,0.1463580667,1.81,1.81,308600000,308600000,https://www.sec.gov/Archives/edgar/data/4447/000162828025020816/0001628280-25-020816-index.htm,https://www.sec.gov/Archives/edgar/data/4447/000162828025020816/q12025hesscorporationex991.htm,9.520414776409591,1.3933895009721322,,,4.290343486714193,58.36357744653273,58.36357744653273,58.36357744653273,29.87362281270253,49292678000.0,57095678000.0,28.65853372093023,16.777630360789654,0.0,0.0,2.736809616345566,2.736809616345566,19.43351872021784,38.26788069705094,0.0,0.0,0.008723405127228,,0.5067458775192938,0.3363180779718476,5.229892761394102,2.799154334038055,8.48913043478261,0.0,0.0031302823514681,0.3588372093023256,0.0922396187882913,0.0,0.0,0.0,,0.0,,42.77583326127481,0.0229178557316591,0.0158449406735942,-25.285158781594298,851000000.0,18011000000.0,-7803000000.0,22304000000.0,0.0,0.0,0.0,0.0,0.0,0.0,0.0,0.0,0.0,0.0238742990394758,,2025-04-30,1.64,bmo,2762957400.0,2025-05-11,2025-03-31,0.1036585365853659,147.04341666666667,1990968.3333333333
2024-12-31,HES,USD,4447,2025-02-27,2025-02-27 16:41:15,2024,Q4,3141000000.0,745000000.0,2396000000.0,0.7628143903,0,135000000.0,665000000.0,788000000.0,0.0,800000000.0,1453000000.0,0.0,93000000.0,629000000.0,1646000000.0,0.5240369309,1688000000.0,0.5374084686,-760000000.0,928000000.0,0.2954473098,288000000.0,542000000.0,0.1725565107,1.76,1.76,307954545,308500000,https://www.sec.gov/Archives/edgar/data/4447/000162828025008716/0001628280-25-008716-index.htm,https://www.sec.gov/Archives/edgar/data/4447/000162828025008716/hes-20241231.htm,10.199557210626653,1.760000002597786,4.260369009978405,-1.4417712198402528,3.8025092307048105,38.97653142284359,37.80752773108122,36.42095946335197,31.020811853905258,40961034030.45,49250034030.45,18.893465881203877,13.040762187344791,31.22030032808689,-92.25458114966216,3.652018012700606,3.652018012700606,15.679730668720152,29.921041330771565,37.53813569394055,-110.92350006858108,0.0132320878324771,-0.0108395701063096,0.8434379457917262,0.3562954314338443,5.035844471445929,1.1227883934890304,18.150537634408604,2.4206642066420665,0.0037596707125488,0.2841328413284132,0.0429799426934097,0.0,0.0135588113442054,1.3384146341463414,0.5590576249602037,2.5157593123209168,0.0066857688634192,37.977229978995965,0.0483165074721707,0.020694131571914,-43.43822884640329,347000000.0,11643000000.0,-11375000000.0,21370000000.0,0.0,195500000.0,198500000.0,0.0,0.0,0.0,0.0,0.0,0.0,0.048323823109843,5.702140229818657,2025-01-29,1.44,bmo,2937947348.0,2025-04-29,2024-12-31,0.2222222222222222,139.6434375,1563042.5
2024-09-30,HES,USD,4447,2024-11-06,2024-11-06 16:15:12,2024,Q3,3191000000.0,527000000.0,2664000000.0,0.83484801,0,118000000.0,713000000.0,831000000.0,571000000.0,1402000000.0,2333000000.0,0.0,100000000.0,638000000.0,1602000000.0,0.502036979,1090000000.0,0.3415857098,-226000000.0,864000000.0,0.2707615168,270000000.0,498000000.0,0.1560639298,1.62,1.62,307407407,308300000,https://www.sec.gov/Archives/edgar/data/4447/000162828024045716/0001628280-24-045716-index.htm,https://www.sec.gov/Archives/edgar/data/4447/000162828024045716/hes-20240930.htm,10.380361459540238,1.620000002146988,4.912048199281028,1.3922891584717083,6.063614465867441,37.74144583315131,36.57036149424987,35.200843420145695,31.261445824563364,41745925870.600006,49391925870.600006,20.95679009568273,13.082396073519275,27.646308523576163,97.5372099780374,3.857862107993717,3.857862107993717,15.478510144343469,30.8314144011236,32.70988468251656,115.40169595934582,0.0119293078214063,0.0102524974850641,0.8788466869975049,0.3625204894598406,4.772784019975031,1.2608843537414969,10.9,2.542087542087542,0.0036889827399529,0.3092369477911647,0.0369790034471952,0.0,0.0137231731025807,0.7165562913907285,0.3390786587276715,0.0,0.0062676277029144,35.81997688950631,0.0317061561243917,0.019247864569242,-40.88548198189642,767000000.0,11242000000.0,-10924000000.0,20859000000.0,657500000.0,412500000.0,389500000.0,0.0,66.77419354838709,67.7988614800759,0.0,1.3478260869565215,1.327455919395466,0.0460216246187967,3.519759040809319,2024-10-30,1.79,bmo,2955299294.0,2025-04-23,2024-09-30,0.1955307262569832,139.10578125,1659120.046875
2024-06-30,HES,USD,4447,2024-08-08,2024-08-08 16:13:13,2024,Q2,3202000000.0,1880000000.0,1322000000.0,0.4128669582,0,115000000.0,632000000.0,115000000.0,53000000.0,115000000.0,1995000000.0,0.0,106000000.0,663000000.0,1916000000.0,0.598376015,1207000000.0,0.3769519051,-660000000.0,1147000000.0,0.3582136165,296000000.0,757000000.0,0.2364147408,2.47,2.46,306900000,308300000,https://www.sec.gov/Archives/edgar/data/4447/000162828024036142/0001628280-24-036142-index.htm,https://www.sec.gov/Archives/edgar/data/4447/000162828024036142/hes-20240630.htm,10.433365917236886,2.4666014988595637,6.168132942326491,2.417725643532095,6.598240469208212,36.49723036819811,35.324209840338874,34.17073965461062,32.551319648093845,45458028000.0,53317028000.0,15.012558784676354,14.196760774515928,24.01374960380349,61.26418867924529,4.334702774864118,4.334702774864118,16.651164272329794,27.82725887265136,28.16536080295827,71.85583288409704,0.0166527241348876,0.0163227494162307,0.942500238390388,0.3829523440526927,4.101774530271399,1.2687851704733533,11.38679245283019,2.500660501981506,0.0029477741533354,0.1770145310435931,0.0359150530918176,0.0,0.0139480821387059,0.6080295826730058,0.3594628357276702,1.7360482654600302,0.0062460961898813,43.54797293912836,0.0376046077530972,0.0297445972495088,-37.16764418377321,812000000.0,10841000000.0,-10776000000.0,20473000000.0,1502000000.0,418500000.0,382000000.0,36.961274203622736,20.77659574468085,18.28723404255319,2.434980988593156,4.331797235023042,4.921465968586388,0.0721846095165442,3.750407298794395,2024-07-31,2.48,bmo,3270108891.0,2025-04-23,2024-06-30,0.0564516129032258,153.27269841269842,2214218.6507936507
2024-03-31,HES,USD,4447,2024-05-07,2024-05-07 16:06:21,2024,Q1,3309000000.0,1689000000.0,1620000000.0,0.4895738894,0,124000000.0,622000000.0,124000000.0,32000000.0,124000000.0,1813000000.0,0.0,113000000.0,557000000.0,2053000000.0,0.6204291327,1496000000.0,0.4521003324,0.0,1415000000.0,0.427621638,348000000.0,972000000.0,0.2937443336,3.17,3.16,306400000,307900000,https://www.sec.gov/Archives/edgar/data/4447/000162828024021077/0001628280-24-021077-index.htm,https://www.sec.gov/Archives/edgar/data/4447/000162828024021077/hes-20240331.htm,10.799608355091385,3.172323759791123,2.8883812010443863,-0.2349869451697128,4.693211488250653,34.3701044386423,33.195169712793735,32.20626631853786,31.840731070496084,47424592000.0,55629592000.0,12.197683127572017,14.33200120882442,53.587109604519775,-658.6748888888889,4.805897040940414,4.805897040940414,16.811602296766395,27.09673258645884,62.85829604519774,-772.6332222222222,0.0204956955665533,-0.0015181996715965,0.977199027158492,0.3901047777013633,3.996590355577204,1.228058285327008,13.238938053097344,0.910493827160494,0.0028887965973434,0.1409465020576131,0.0374735569658507,0.0,0.0145636959423924,1.08135593220339,0.2892112420670897,1.718132854578097,0.0117860380779691,47.94575931998898,0.0494511288770586,0.0399031158914569,-36.85460182767624,673000000.0,10171000000.0,-10564000000.0,19622000000.0,1509500000.0,402500000.0,343000000.0,45.938349954669086,21.47424511545293,20.355239786856128,1.9591474245115448,4.19106699751861,4.421465968586388,0.0985002026753141,3.123368146214099,2024-04-25,1.67,bmo,2983648267.0,2025-04-23,2024-03-31,0.8922155688622756,145.23065573770492,2798937.4590163934
2023-12-31,HES,USD,4447,2024-02-26,2024-02-26 16:04:11,2023,Q4,3011000000.0,2066000000.0,945000000.0,0.3138492195,0,168000000.0,886000000.0,168000000.0,2909000000.0,168000000.0,2234000000.0,0.0,135000000.0,557000000.0,1358000000.0,0.4510129525,777000000.0,0.2580538027,-712000000.0,685000000.0,0.2274991697,182000000.0,413000000.0,0.137163733,1.34,1.34,307158272,307900000,https://www.sec.gov/Archives/edgar/data/4447/000162828024006845/0001628280-24-006845-index.htm,https://www.sec.gov/Archives/edgar/data/4447/000162828024006845/hes-20231231.htm,9.802763833754083,1.3445836809499958,4.375594351566088,-0.3255650559200958,5.495538143931217,31.2607566694476,30.088722468135256,29.25527592497981,31.687246892702927,44279936491.52,52189936491.52,26.80383564861985,14.706056622889404,32.946381318095234,-442.7993649152,4.927658189574895,4.927658189574895,17.333090830793754,38.43147017048601,38.83179798476191,-521.8993649152,0.009327023314026,-0.0022583591559385,1.0681059425773425,0.3998000583163244,5.824742268041237,1.0489296636085628,5.755555555555556,3.254237288135593,0.0030262012689576,0.324455205811138,0.0557954168050481,0.0,0.0149956262756695,1.074404761904762,0.4795748920624377,2.5831842576028623,0.0059780803719694,29.75002097956211,0.0261867176601598,0.0174652175751681,-37.65973784355708,160000000.0,9242000000.0,-10975000000.0,18780000000.0,665000000.0,414000000.0,318500000.0,39.75423447359681,17.512100677637946,13.24298160696999,2.2639097744360903,5.1393034825870645,6.796052631578948,0.0459603828177164,4.701159407486183,2024-01-31,1.44,bmo,2581160000.0,2025-04-23,2023-12-31,0.1319444444444444,146.59,3892341.253968254
2023-09-30,HES,USD,4447,2023-11-02,2023-11-02 16:08:28,2023,Q3,2800000000.0,1027000000.0,1773000000.0,0.6332142857,0,115000000.0,696000000.0,811000000.0,35000000.0,876000000.0,1903000000.0,96000000.0,117000000.0,503000000.0,1437000000.0,0.5132142857,932000000.0,0.3328571429,-590000000.0,817000000.0,0.2917857143,215000000.0,504000000.0,0.18,1.65,1.64,306100000,307700000,https://www.sec.gov/Archives/edgar/data/4447/000162828023036393/0001628280-23-036393-index.htm,https://www.sec.gov/Archives/edgar/data/4447/000162828023036393/hes-20230930.htm,9.14733747141457,1.6465207448546226,3.221169552433845,-0.0653381247958183,6.592616791898073,30.378961123815746,29.202874877491016,28.196667755635413,30.77425677883045,46833300000.0,54118300000.0,23.230803571428577,16.726178571428573,47.498275862068965,-2341.665,5.426173096976017,5.426173096976017,19.327964285714287,37.66061238691719,54.8867139959432,-2705.915,0.0107615734957818,-0.0004270465672929,1.0778588807785887,0.4009740959441403,5.069589422407794,1.3070761014686247,7.965811965811966,1.637873754152824,0.0028612120008626,0.2658730158730158,0.0410714285714285,0.0,0.0155165725615275,1.0202839756592292,0.3592857142857142,1.7964285714285717,0.0057142857142857,32.32017889642801,0.0328393669713687,0.0220655838185718,-38.27997386475008,920000000.0,8939000000.0,-9986000000.0,18295000000.0,0.0,388000000.0,305500000.0,0.0,37.33203505355404,29.18208373904576,0.0,2.4107981220657275,3.084084084084084,0.0583941605839416,3.2865076772296637,2023-10-25,1.12,bmo,2341690000.0,2025-04-23,2023-09-30,0.4642857142857141,150.57761904761904,1708543.142857143
2023-06-30,HES,USD,4447,2023-08-03,2023-08-03 16:21:39,2023,Q2,2289000000.0,997000000.0,1292000000.0,0.5644386195,0,108000000.0,547000000.0,655000000.0,31000000.0,754000000.0,1751000000.0,101000000.0,122000000.0,559000000.0,1046000000.0,0.4569681083,569000000.0,0.248580166,0.0,365000000.0,0.1594582787,160000000.0,119000000.0,0.0519877676,0.39,0.39,306000000,307500000,https://www.sec.gov/Archives/edgar/data/4447/000162828023027253/0001628280-23-027253-index.htm,https://www.sec.gov/Archives/edgar/data/4447/000162828023027253/hes-20230630.htm,7.480392156862745,0.3888888888888889,3.183006535947712,0.5,7.274509803921568,29.091503267973856,27.91503267973856,27.03267973856209,30.67320261437909,41600700000.0,48638700000.0,87.39642857142856,18.17418086500655,42.7111909650924,271.9,5.0290981624758215,5.0290981624758215,21.24888597640891,46.49971319311664,49.9370636550308,317.9,0.002860528789179,0.0036778227289444,1.1199226305609284,0.4167341430499325,6.72848948374761,1.5414065751144403,4.663934426229508,4.751219512195122,0.0032210996449578,1.1260504201680672,0.0471821756225425,0.0,0.0161943319838056,0.8429158110882957,0.3586719091306247,82.1,0.0078636959370904,15.379725215764369,0.0157589300491026,0.0054412437128486,-35.826797385620914,1301000000.0,8542000000.0,-9624000000.0,18034000000.0,603500000.0,347000000.0,253500000.0,0.0,31.594784353059172,25.09528585757272,0.0,2.8485714285714288,3.5863309352517985,0.0143858800773694,2.683006535947712,2023-07-26,0.57,bmo,2093580000.0,2025-04-23,2023-06-30,0.1403508771929826,136.8640322580645,1597214.6290322582
2023-03-31,HES,USD,4447,2023-05-04,2023-05-04 07:03:39,2023,Q1,2411000000.0,539000000.0,1872000000.0,0.7764413107,0,136000000.0,603000000.0,739000000.0,448000000.0,1187000000.0,1726000000.0,0.0,123000000.0,491000000.0,1218000000.0,0.5051845707,685000000.0,0.2841144753,-81000000.0,604000000.0,0.2505184571,176000000.0,346000000.0,0.1435089175,1.13,1.13,306194690,307300000,https://www.sec.gov/Archives/edgar/data/4447/000162828023015437/0001628280-23-015437-index.htm,https://www.sec.gov/Archives/edgar/data/4447/000162828023015437/hes-20230331.htm,7.874075151335903,1.1300000009797688,2.083641620303736,-0.6499132953611965,6.858381508836747,28.48187863741203,27.30615609304002,26.561531814937744,30.513265922410348,40521805274.6,47641805274.6,29.27876103656069,16.807053203898796,63.5138013708464,-203.6271621839196,4.98239336955613,4.98239336955613,19.760184684612195,39.114782655665024,74.67367597899687,-239.4060566562814,0.0085386126717528,-0.0049109361898231,1.1336530185663347,0.4202753213601969,5.845648604269294,1.6460138648180245,5.569105691056911,1.4906542056074767,0.0033808957688732,0.3959537572254335,0.0564081294068851,0.0,0.0164098823958428,1.311912225705329,0.3471588552467856,1.704684317718941,0.0145167980091248,25.98705344936851,0.0244261951989421,0.0160348503105014,-32.97656794766755,1491000000.0,8361000000.0,-9418000000.0,17926000000.0,1184500000.0,314500000.0,223000000.0,45.05599336374948,57.43970315398887,38.23747680890538,1.9975144987572493,1.566860465116279,2.353711790393013,0.0425427271609492,2.733554915664932,2023-04-26,1.06,bmo,2176730000.0,2025-04-23,2023-03-31,0.0660377358490564,139.19306451612903,1833586.4193548388
2022-12-31,HES,USD,4447,2023-02-24,2023-02-24 16:18:20,2022,Q4,2934000000.0,944000000.0,1990000000.0,0.6782549421,0,116000000.0,821000000.0,937000000.0,40000000.0,977000000.0,1921000000.0,92000000.0,124000000.0,504000000.0,1637000000.0,0.557941377,1057000000.0,0.360259032,-4000000.0,1009000000.0,0.3438991138,300000000.0,497000000.0,0.1693933197,2.04,2.03,306176864,308100000,https://www.sec.gov/Archives/edgar/data/4447/000162828023005059/0001628280-23-005059-index.htm,https://www.sec.gov/Archives/edgar/data/4447/000162828023005059/hes-20221231.htm,9.58269662073487,1.6232447922649047,4.08913979862306,1.4991335204217129,8.11949004742566,28.163460450101155,26.987669453691968,26.06989925927257,30.2896825019411,43422002852.48,50086002852.48,21.842053748732397,14.799591974260396,34.68211090453674,94.60131340409583,5.43999033481333,5.43999033481333,17.070893951083843,30.59621432649969,40.00479461060703,109.11983192261437,0.0114458101273791,0.0105706777635151,1.1463292407917816,0.4210962308435731,4.070861331704338,1.7241228070175438,8.524193548387096,1.7658674188998589,0.002648426890641,0.2313883299798792,0.0395364689843217,0.0,0.0165677205577799,0.6333865814696485,0.2702794819359236,0.604420731707317,0.0057941376959781,30.85694629525758,0.0377536951153339,0.0232579905470541,-31.485070014957103,1651000000.0,8263000000.0,-9175000000.0,17839000000.0,1268500000.0,303000000.0,247500000.0,35.644171779141104,27.17161016949153,20.6885593220339,2.5249569707401034,3.312280701754386,4.350230414746544,0.0622650964670508,2.590006278201347,2023-01-25,1.64,bmo,2701604000.0,2025-04-23,2022-12-31,0.0853658536585366,137.37444444444444,1918223.523809524
2022-09-30,HES,USD,4447,2022-11-03,2022-11-03 16:13:11,2022,Q3,3122000000.0,941000000.0,2181000000.0,0.698590647,0,109000000.0,982000000.0,1091000000.0,58000000.0,1149000000.0,2090000000.0,115000000.0,125000000.0,471000000.0,1483000000.0,0.4750160154,1067000000.0,0.3417680974,-144000000.0,888000000.0,0.2844330557,282000000.0,515000000.0,0.16495836,1.67,1.67,308308466,308900000,https://www.sec.gov/Archives/edgar/data/4447/000162828022028196/0001628280-22-028196-index.htm,https://www.sec.gov/Archives/edgar/data/4447/000162828022028196/hes-20220930.htm,10.12622209342769,1.670404989787079,4.343052973446405,1.9979989780754188,7.732515525538634,26.57727861420452,25.40961687377083,24.51765304427288,29.82402695357707,33602539709.34,40288539709.34,16.311912480262137,10.763145326502242,25.095249969634057,54.54957745022728,4.445368396525995,4.445368396525995,12.904721239378604,27.166918212636546,30.088528535728152,65.40347355412337,0.0153262224955232,0.0183319476839656,1.1998941658949596,0.4190731414314096,4.508428860418071,1.7833044982698962,8.536,2.2095709570957096,0.003422360363078,0.2233009708737864,0.0349135169762972,0.0,0.0166335535739038,0.5399551904406273,0.2315823190262652,1.535031847133758,0.0054452274183215,30.35579392172094,0.0372020336895419,0.0241977164873373,-32.09366946154505,1811000000.0,7834000000.0,-9326000000.0,17855000000.0,1390500000.0,340000000.0,297500000.0,39.63805253042921,30.70138150903294,26.588735387885222,2.2705454545454544,2.931464174454829,3.384892086330935,0.0681307051197248,2.3450539953709866,2022-10-26,1.87,bmo,2792215613.0,2025-04-23,2022-09-30,0.0106951871657752,110.82828125,1834051.28125
2022-06-30,HES,USD,4447,2022-08-04,2022-08-04 16:18:17,2022,Q2,2955000000.0,814000000.0,2141000000.0,0.724534687,0,95000000.0,843000000.0,938000000.0,30000000.0,971000000.0,1785000000.0,0.0,121000000.0,391000000.0,1593000000.0,0.5390862944,1200000000.0,0.4060913706,-88000000.0,1082000000.0,0.3661590525,328000000.0,667000000.0,0.2257191201,2.15,2.15,309614906,310900000,https://www.sec.gov/Archives/edgar/data/4447/000162828022021084/0001628280-22-021084-index.htm,https://www.sec.gov/Archives/edgar/data/4447/000162828022021084/hes-20220630.htm,9.544114132541152,2.1542890444686797,4.873796353977867,2.7324265841386848,6.973178481271183,25.05693314391007,23.894198427255308,23.04798593902323,29.759549109047096,32800603141.64,39734603141.64,12.294079138545728,11.100034904108291,21.73664886788601,38.77139851257683,4.596497077023543,4.596497077023543,13.446566206984771,24.943253698455745,26.331744958011928,46.96761600666667,0.0203349919243787,0.0257922086477127,1.2742432735426008,0.4293201133144476,4.352793471437539,1.6853503184713376,9.917355371900827,2.001326259946949,0.0035365203346745,0.1739130434782608,0.0321489001692047,0.0,0.0169971671388102,0.4393638170974155,0.2243654822335025,1.6956521739130437,0.005414551607445,33.424101051844055,0.0438896344499869,0.0320365033621517,-32.45967750661204,1614000000.0,7398000000.0,-9453000000.0,17374000000.0,1465000000.0,335500000.0,280000000.0,42.82233502538071,39.692874692874696,35.04914004914005,2.101706970128023,2.267409470752089,2.5678233438485805,0.093469730941704,2.1413697698391823,2022-07-27,2.14,bmo,2612086429.0,2025-04-23,2022-06-30,0.0046728971962615,113.12016129032256,2465243.064516129
2022-03-31,HES,USD,4447,2022-05-05,2022-05-05 16:16:52,2022,Q1,2313000000.0,711000000.0,1602000000.0,0.6926070039,0,110000000.0,682000000.0,792000000.0,43000000.0,835000000.0,1546000000.0,0.0,123000000.0,337000000.0,1140000000.0,0.4928664073,803000000.0,0.3471681799,-65000000.0,702000000.0,0.3035019455,197000000.0,417000000.0,0.1802853437,1.35,1.34,308900000,311262547,https://www.sec.gov/Archives/edgar/data/4447/000162828022012659/0001628280-22-012659-index.htm,https://www.sec.gov/Archives/edgar/data/4447/000162828022012659/hes-20220331.htm,7.487860148915507,1.349951440595662,-0.5050178051149239,-2.272580123017158,4.435092262868242,22.816445451602466,21.65101974749109,20.420848170929105,28.31337002266105,33064656000.000004,40317656000.0,19.82293525179856,14.295138780804152,-211.9529230769231,-47.10064957264958,5.241701965757768,5.241701965757768,17.430893212278427,35.3663649122807,-258.4465128205128,-57.43255840455841,0.0126116539667008,-0.0212311296993381,1.366994292961319,0.435549045358117,6.362280701754386,1.4181502388189318,6.528455284552845,-0.3089108910891089,0.0035990091655573,0.2853717026378897,0.0475572849113705,0.0,0.0181836549146378,-3.5,0.2360570687418936,1.6201780415430267,0.0142671854734111,24.90503867989264,0.0326378154221535,0.0214528243646465,-32.74684363871803,963000000.0,6688000000.0,-9484000000.0,16295000000.0,1367500000.0,266000000.0,233000000.0,59.29961089494164,39.49367088607595,30.75949367088608,1.5177165354330708,2.2788461538461537,2.925925925925926,0.0661065313887127,1.7675623179022335,2022-04-27,1.13,bmo,2008224286.0,2025-04-23,2022-03-31,0.1504424778761063,94.84580645161292,3162975.5483870967
2021-12-31,HES,USD,4447,2022-03-01,2022-03-01 16:22:29,2021,Q4,2237000000.0,763000000.0,1474000000.0,0.658918194,0,86000000.0,672000000.0,758000000.0,18000000.0,803000000.0,1566000000.0,0.0,121000000.0,398000000.0,1083000000.0,0.484130532,598000000.0,0.2673223067,-103000000.0,568000000.0,0.2539114886,212000000.0,265000000.0,0.1184622262,0.86,0.85,309744953,310000000,https://www.sec.gov/Archives/edgar/data/4447/000162828022004524/0001628280-22-004524-index.htm,https://www.sec.gov/Archives/edgar/data/4447/000162828022004524/hes-20211231.htm,7.222070862927023,0.8555425921661426,2.902387888140989,1.259100418659606,8.758819066214132,22.68317831154459,21.520931771243426,20.33931445527056,29.90202071185967,22930418870.59,29358418870.59,21.63247063263207,10.25052251702727,25.50658383825361,58.79594582202565,3.6397490270777775,3.6397490270777775,13.124013799995527,27.108420009778392,32.656750690311455,75.27799710407692,0.0115567012314756,0.017007975397266,1.450952380952381,0.4455764075067024,5.935364727608495,1.4184073107049608,4.9421487603305785,2.5252808988764044,0.0033579848861268,0.290566037735849,0.0384443451050514,0.0,0.0175481355106019,0.5661846496106785,0.2275368797496647,1.278894472361809,0.0071524362986142,19.787012679248743,0.0207566493272087,0.0131481022078888,-31.497688357814823,1282000000.0,6666000000.0,-9143000000.0,16320000000.0,1152500000.0,215000000.0,242500000.0,48.72150201162271,25.950196592398427,26.30406290956749,1.847233691164327,3.4681818181818183,3.42152466367713,0.042063492063492,1.6432874694813833,2022-01-26,0.72,bmo,1915907945.0,2025-04-23,2021-12-31,0.1805555555555555,81.08765625,1986511.109375
2021-09-30,HES,USD,4447,2021-11-04,2021-11-04 16:11:19,2021,Q3,1759000000.0,724000000.0,1035000000.0,0.5884025014,0,76000000.0,522000000.0,598000000.0,23000000.0,634000000.0,1358000000.0,0.0,125000000.0,351000000.0,804000000.0,0.4570778852,276000000.0,0.1569073337,0.0,328000000.0,0.186469585,143000000.0,115000000.0,0.0653780557,0.37,0.37,308100000,309900000,https://www.sec.gov/Archives/edgar/data/4447/000162828021021768/0001628280-21-021768-index.htm,https://www.sec.gov/Archives/edgar/data/4447/000162828021021768/hes-20210930.htm,5.709185329438494,0.3732554365465758,1.9961051606621227,0.379746835443038,7.851346965271016,20.305095748133724,19.13664394677053,18.205128205128204,30.298604349237262,24065691000.0,30856691000.0,52.31671956521739,13.68146162592382,39.13120487804878,205.68966666666665,4.290549295774648,4.290549295774648,17.542177942012508,38.37896890547264,50.17348130081301,263.7324017094017,0.0047785870765148,0.0048616929387151,1.642003922267784,0.4725500256541816,8.446517412935323,1.4157875591124045,2.208,3.324324324324324,0.0031995756947099,0.6695652173913044,0.0432063672541216,0.0,0.0184710107747562,0.8097560975609757,0.283115406480955,1.4269340974212037,0.0096645821489482,12.364916869951408,0.0089306827897032,0.0060115002613695,-32.01395650762739,1143000000.0,5896000000.0,-9342000000.0,15971000000.0,1048000000.0,194000000.0,251500000.0,55.9749857873792,26.104972375690608,32.569060773480665,1.6078610603290675,3.447619047619048,2.763358778625954,0.0205027634159386,1.6163583252190847,2021-10-27,0.23,bmo,1468550000.0,2025-04-23,2021-09-30,0.2173913043478261,73.66078125,2044585.796875
2021-06-30,HES,USD,4447,2021-08-05,2021-08-05 16:10:30,2021,Q2,1579000000.0,744000000.0,835000000.0,0.5288157061,0,84000000.0,322000000.0,406000000.0,19000000.0,454000000.0,1198000000.0,0.0,118000000.0,394000000.0,647000000.0,0.4097530082,381000000.0,0.2412919569,-246000000.0,135000000.0,0.0854971501,122000000.0,-73000000.0,-0.0462317923,-0.24,-0.24,305766846,307500000,https://www.sec.gov/Archives/edgar/data/4447/000162828021015850/0001628280-21-015850-index.htm,https://www.sec.gov/Archives/edgar/data/4447/000162828021015850/hes-20210630.htm,5.164065433045674,-0.2387440003877987,2.567315620608521,1.4063002762568968,7.947231793730835,21.36268233606988,20.18531466292457,17.948316083948487,29.63696070567441,26699560992.72,33213560992.72,-91.43685271479453,16.909158323445215,34.01217960856051,62.09200230865115,4.865080355816326,4.865080355816326,21.034554143584547,51.33471559925811,42.31026878053503,77.24083951795349,-0.0027341273521277,0.016105133718013,1.629737609329446,0.4675134598295959,10.068006182380216,1.578131212723658,3.2288135593220337,60.38461538461539,0.0028839425495046,-1.0547945205479452,0.0531982267257758,0.0,0.0188176258428728,0.4522292993630573,0.2248258391386954,0.922077922077922,0.0120329322355921,,0.0021198872646263,-0.0038889776783336,-30.4055201589776,1454000000.0,6172000000.0,-8630000000.0,15964000000.0,1006500000.0,175000000.0,230000000.0,57.112096263457886,21.532258064516128,29.15322580645161,1.5758483033932136,4.179775280898877,3.087136929460581,-0.013301749271137,1.161015344351624,2021-07-28,0.19,bmo,1451590000.0,2025-04-23,2021-06-30,0.263157894736842,80.7136507936508,2049123.603174603
2021-03-31,HES,USD,4447,2021-05-06,2021-05-06 16:08:13,2021,Q1,1898000000.0,698000000.0,1200000000.0,0.6322444679,0,94000000.0,518000000.0,612000000.0,21000000.0,645000000.0,1343000000.0,0.0,117000000.0,396000000.0,973000000.0,0.5126448894,438000000.0,0.2307692308,-96000000.0,459000000.0,0.241833509,123000000.0,252000000.0,0.1327713383,0.82,0.82,305800000,307800000,https://www.sec.gov/Archives/edgar/data/4447/000162828021009296/0001628280-21-009296-index.htm,https://www.sec.gov/Archives/edgar/data/4447/000162828021009296/hes-20210331.htm,6.206671026814912,0.8240680183126227,1.932635709614127,0.6736429038587312,6.102027468933944,21.72334859385219,20.546108567691302,18.36494440810987,29.88227599738391,21638408000.0,28793408000.0,21.466674603174603,11.40063645943098,36.613211505922166,105.04081553398058,3.852992877492878,3.852992877492878,15.170394099051633,29.592402877697843,48.71981049069374,139.77382524271846,0.0116459584272558,0.0095201088730742,1.6063034188034189,0.4760170967231281,7.353545734840699,2.084023668639053,3.743589743589744,1.7589285714285714,0.0036971296594462,0.3174603174603174,0.0495258166491043,0.0,0.0189963590311856,0.6514382402707276,0.202845100105374,0.9722222222222222,0.0131717597471022,18.45302618158559,0.0183846015470408,0.0135549459415846,-31.308862001308043,1832000000.0,6283000000.0,-8786000000.0,16602000000.0,935500000.0,186000000.0,298500000.0,47.939936775553214,22.177650429799424,28.2378223495702,1.877349159248269,4.058139534883721,3.1872146118721463,0.0448717948717948,1.2589928057553956,2021-04-28,0.34,bmo,1610588569.0,2025-04-23,2021-03-31,1.4117647058823526,63.947704918032784,2245769.918032787
2020-12-31,HES,USD,4447,2021-03-01,2021-03-01 08:11:06,2020,Q4,1321000000.0,831000000.0,490000000.0,0.3709311128,0,82000000.0,281000000.0,363000000.0,17000000.0,423000000.0,1254000000.0,0.0,118000000.0,486000000.0,649000000.0,0.4912944739,67000000.0,0.0507191522,-22000000.0,45000000.0,0.0340651022,72000000.0,-97000000.0,-0.0734292203,-0.32,-0.32,305100000,306980092,https://www.sec.gov/Archives/edgar/data/4447/000162828021003531/0001628280-21-003531-index.htm,https://www.sec.gov/Archives/edgar/data/4447/000162828021003531/hes-20201231.htm,4.329727958046542,-0.3179285480170435,1.592920353982301,0.3670927564732874,5.699770567027204,20.76368403802032,19.58374303507047,17.587676171746967,30.13110455588332,16106229000.0,23442229000.0,-41.51089948453608,12.19245193035579,33.140388888888886,143.80561607142857,3.0015335445396945,3.0015335445396945,17.745820590461772,36.12053775038521,48.235039094650205,209.30561607142857,-0.0060225146432476,0.006953831340657,1.6912038762579202,0.4821741671537112,11.303543913713405,1.8983364140480592,0.5677966101694916,-18.0,0.0047186712668744,-0.7835051546391752,0.0620741862225586,0.0,0.0191275702672546,0.7695473251028807,0.2831188493565481,0.7695473251028807,0.012112036336109,,-0.0023251778587541,-0.0052543199176642,-32.490986561783025,1458000000.0,5975000000.0,-9405000000.0,16527000000.0,779500000.0,200000000.0,400000000.0,58.59197577592733,21.660649819494584,40.938628158844764,1.536046511627907,4.155,2.1984126984126986,-0.0180767797241893,1.2258275975090134,2021-01-27,-0.67,bmo,1481121212.0,2025-04-23,2020-12-31,-0.1343283582089553,45.45515625,2274155.09375
2020-09-30,HES,USD,4447,2020-11-05,2020-11-05 16:14:51,2020,Q3,1159000000.0,860000000.0,299000000.0,0.2579810181,0,84000000.0,221000000.0,305000000.0,17000000.0,376000000.0,1236000000.0,0.0,118000000.0,518000000.0,458000000.0,0.3951682485,-77000000.0,-0.0664365833,0.0,-178000000.0,-0.153580673,5000000.0,-243000000.0,-0.209663503,-0.8,-0.8,303750000,305000000,https://www.sec.gov/Archives/edgar/data/4447/000162828020015747/0001628280-20-015747-index.htm,https://www.sec.gov/Archives/edgar/data/4447/000162828020015747/hes-20200930.htm,3.8156378600823047,-0.8,0.4477366255144033,-0.9547325102880658,4.230452674897119,22.65679012345679,21.471604938271604,19.476543209876542,29.83703703703704,12432487500.0,20092487500.0,-12.790625,10.726908973252804,91.41534926470588,-42.870646551724136,2.101502281947262,2.101502281947262,17.33605478861087,43.870060043668126,147.7388786764706,-69.28443965517242,-0.0195455655998045,-0.0233259836376268,1.512001352265044,0.4715588591913121,16.724890829694324,2.199158485273492,-0.652542372881356,-0.7431693989071039,0.0061130164015849,-0.3127572016460905,0.0724762726488352,0.0,0.0189783330697453,3.1323529411764706,0.3675582398619499,0.8223938223938224,0.0138050043140638,,-0.0044601341680271,-0.0130581976463001,-33.14156378600823,1710000000.0,6522000000.0,-8951000000.0,16804000000.0,647500000.0,253500000.0,267500000.0,54.27955133735979,20.930232558139533,44.16279069767442,1.658082975679542,4.3,2.037914691943128,-0.0410750507099391,1.4024691358024692,2020-10-28,-0.71,bmo,1109746478.0,2025-04-23,2020-09-30,-0.0,47.51015625,2224678.6875
2020-06-30,HES,USD,4447,2020-08-06,2020-08-06 16:17:46,2020,Q2,833000000.0,819000000.0,14000000.0,0.0168067227,0,89000000.0,56000000.0,145000000.0,1000000.0,176000000.0,995000000.0,0.0,119000000.0,509000000.0,355000000.0,0.4261704682,-162000000.0,-0.1944777911,0.0,-272000000.0,-0.3265306122,-9000000.0,-320000000.0,-0.3841536615,-1.05,-1.05,304761904,305000000,https://www.sec.gov/Archives/edgar/data/4447/000162828020011992/0001628280-20-011992-index.htm,https://www.sec.gov/Archives/edgar/data/4447/000162828020011992/hes-20200630.htm,2.733281256833203,-1.050000002625,0.8728125021820312,-1.0270312525675782,5.400937513502344,24.16968756042422,22.98843755747109,20.983593802458984,29.58046882395117,15789714246.24,23039714246.24,-12.335714254875,18.955239191164463,59.35982799338346,-50.44637139373802,2.469071813329164,2.469071813329164,27.65872058372149,64.9006035105352,86.61546709112781,-73.60931069086261,-0.0202663578966415,-0.0198230313176525,1.3910867865519938,0.4551314847027525,20.422535211267604,1.991687979539642,-1.361344537815126,-1.011406844106464,0.0048132600004523,-0.2375,0.1068427370948379,0.0,0.0184180906579351,2.1766917293233083,0.695078031212485,1.137524557956778,0.0216086434573829,,-0.0086051588135116,-0.016678828312311,-32.91257820728145,1551000000.0,7006000000.0,-9065000000.0,17262000000.0,695000000.0,369000000.0,171500000.0,64.3937575030012,33.73626373626374,12.417582417582418,1.3976510067114094,2.6677524429967425,7.247787610619469,-0.0500390930414386,1.8998437547496096,2020-07-29,-1.18,bmo,904399999.0,2025-04-23,2020-06-30,-0.1101694915254236,45.78269841269841,2997765.3174603176
2020-03-31,HES,USD,4447,2020-05-07,2020-05-07 16:32:31,2020,Q1,1354000000.0,906000000.0,448000000.0,0.3308714919,0,102000000.0,378000000.0,480000000.0,15000000.0,669000000.0,1575000000.0,0.0,113000000.0,561000000.0,-1838000000.0,-1.3574593796,-221000000.0,-0.1632200886,-2224000000.0,-2445000000.0,-1.805760709,-79000000.0,-2433000000.0,-1.7968980798,-8.0,-8.0,304000000,304000000,https://www.sec.gov/Archives/edgar/data/4447/000156459020022922/0001564590-20-022922-index.htm,https://www.sec.gov/Archives/edgar/data/4447/000156459020022922/hes-10q_20200331.htm,4.453947368421052,-8.00328947368421,1.4638157894736843,-1.2269736842105263,6.842105263157895,26.901315789473685,25.717105263157897,23.68421052631579,29.74671052631579,10123200000.0,16973200000.0,-1.04019728729963,7.476514032496307,22.74876404494381,-27.13994638069705,1.4059999999999997,1.4059999999999997,12.53559822747415,-9.234602829162132,38.14202247191011,-45.50455764075067,-0.2403390232337601,-0.0368460565828986,1.2402777777777778,0.4310469662595935,-3.7268770402611535,2.1931176168464304,-1.9557522123893805,-0.1880811496196111,0.0080014224751066,-0.033292231812577,0.0753323485967503,0.0,0.0173770333542501,1.838202247191011,0.604135893648449,1.4581105169340465,0.0214180206794682,,-0.0112173776398361,-0.1195166281868644,-32.067434210526315,2323000000.0,7818000000.0,-8269000000.0,18067000000.0,982000000.0,421000000.0,245500000.0,52.77695716395864,42.814569536423846,22.8476821192053,1.7052896725440807,2.102088167053364,3.9391304347826086,-0.3379166666666666,2.6907894736842106,2020-05-07,-0.65,bmo,1466833333.0,2025-04-23,2020-03-31,-0.0769230769230769,54.1058064516129,4323924.0322580645
2019-12-31,HES,USD,4447,2020-02-20,2020-02-20 16:03:16,2019,Q4,1683000000.0,1003000000.0,680000000.0,0.404040404,0,131000000.0,428000000.0,559000000.0,16000000.0,665000000.0,1668000000.0,0.0,95000000.0,586000000.0,2153000000.0,1.2792632204,15000000.0,0.008912656,-79000000.0,-64000000.0,-0.0380273321,119000000.0,-222000000.0,-0.1319073084,-0.73,-0.73,302700000,304955472,https://www.sec.gov/Archives/edgar/data/4447/000156459020005545/0001564590-20-005545-index.htm,https://www.sec.gov/Archives/edgar/data/4447/000156459020005545/hes-10k_20191231.htm,5.5599603567889,-0.7333994053518335,0.944829864552362,-1.7806408985794515,5.10406342913776,32.06475057813016,30.875454245127187,28.84704327717212,26.518004625041296,20223387000.0,26610387000.0,-22.774084459459463,12.016272727272728,70.71114335664336,-37.52019851576994,2.316008589097572,2.316008589097572,15.8112816399287,12.359678123548536,93.0433111888112,-49.369920222634505,-0.0109773896924387,-0.0266523110100202,0.9083829592304168,0.3641538885318152,2.9665582907570838,1.2573705179282868,0.1578947368421052,-1.5628415300546448,0.0037085775987968,-0.3378378378378378,0.0778371954842543,0.0,0.0165274079515196,2.8846153846153846,0.4901960784313725,1.4078498293515358,0.0112893642305407,,0.0022027951825792,-0.0103631780412659,-31.46019160885365,646000000.0,9346000000.0,-8920000000.0,18566000000.0,1146000000.0,403500000.0,275000000.0,62.5668449197861,36.87936191425723,23.419740777667,1.4384615384615385,2.440389294403893,3.842911877394636,-0.0254237288135593,2.725470763131814,2020-01-29,-0.56,bmo,1458600000.0,2025-04-23,2019-12-31,0.0714285714285712,65.418125,2364855.96875
2019-09-30,HES,USD,4447,2019-11-07,2019-11-07 16:07:14,2019,Q3,1580000000.0,912000000.0,668000000.0,0.4227848101,0,90000000.0,423000000.0,513000000.0,-65000000.0,553000000.0,1465000000.0,0.0,90000000.0,544000000.0,584000000.0,0.3696202532,105000000.0,0.0664556962,-155000000.0,-40000000.0,-0.0253164557,119000000.0,-205000000.0,-0.1297468354,-0.68,-0.68,302500000,302500000,https://www.sec.gov/Archives/edgar/data/4447/000156459019041724/0001564590-19-041724-index.htm,https://www.sec.gov/Archives/edgar/data/4447/000156459019041724/hes-10q_20190930.htm,5.223140495867769,-0.6776859504132231,1.4644628099173551,-0.8793388429752066,6.158677685950413,33.66611570247934,32.47603305785124,29.47107438016529,24.80661157024793,18295200000.0,23846200000.0,-22.311219512195123,11.579240506329114,41.29841986455982,-68.77894736842106,2.052181716208637,2.052181716208637,15.09253164556962,40.83253424657534,53.82889390519187,-89.64736842105263,-0.0112051248414884,-0.0145393327211509,0.8316320807627594,0.3425904533062243,9.50513698630137,1.4496587030716723,1.1666666666666667,-2.7861635220125787,0.0042087542087542,-0.375609756097561,0.0569620253164556,0.0,0.0166350907998706,1.600451467268623,0.4487341772151899,1.3033088235294117,0.0113924050632911,,0.0210476550680786,-0.0096330059677646,-28.45619834710744,1054000000.0,9824000000.0,-8059000000.0,18708000000.0,1091000000.0,374500000.0,283500000.0,63.91139240506329,39.07894736842105,28.51973684210526,1.4081996434937611,2.303030303030303,3.1557093425605536,-0.0229949523275378,2.343801652892562,2019-10-30,-0.32,bmo,1629375000.0,2025-04-23,2019-09-30,-0.0,62.30703125,2967292.96875
2019-06-30,HES,USD,4447,2019-08-06,2019-08-06 16:17:13,2019,Q2,1660000000.0,825000000.0,835000000.0,0.5030120482,0,89000000.0,477000000.0,566000000.0,15000000.0,609000000.0,1434000000.0,0.0,97000000.0,494000000.0,741000000.0,0.4463855422,226000000.0,0.1361445783,-60000000.0,166000000.0,0.1,132000000.0,-6000000.0,-0.0036144578,-0.02,-0.0199,300000000,302200000,https://www.sec.gov/Archives/edgar/data/4447/000156459019029357/0001564590-19-029357-index.htm,https://www.sec.gov/Archives/edgar/data/4447/000156459019029357/hes-10q_20190630.htm,5.533333333333333,-0.02,2.25,0.17,7.36,35.10333333333333,33.903333333333336,30.98,25.30666666666667,19281000000.0,24568000000.0,-803.3749999999999,11.615060240963857,28.564444444444444,378.05882352941177,2.074564234990316,2.074564234990316,14.8,33.15519568151147,36.39703703703704,481.72549019607845,-0.0003111871790882,0.0026450910222498,0.8064342586615021,0.345471306752708,7.134952766531714,1.5797598627787306,2.329896907216495,19.852941176470587,0.0039417042684508,-12.666666666666666,0.0536144578313253,0.0,0.0165936851809172,0.9244444444444444,0.3759036144578313,1.263157894736842,0.0126506024096385,,0.0023104146057652,-0.0002812280290602,-26.74,1352000000.0,10171000000.0,-7480000000.0,18756000000.0,1088000000.0,376000000.0,276000000.0,57.46987951807229,38.50909090909092,30.327272727272728,1.5660377358490567,2.3371104815864023,2.967625899280576,-0.0006455777921239,2.08,2019-07-31,-0.1,bmo,2028888888.0,2025-04-23,2019-06-30,-0.1,61.85174603174603,3200051.1746031744
2019-03-31,HES,USD,4447,2019-05-01,2019-05-01 16:06:55,2019,Q1,1572000000.0,803000000.0,769000000.0,0.4891857506,0,87000000.0,408000000.0,495000000.0,27000000.0,529000000.0,1332000000.0,0.0,98000000.0,498000000.0,765000000.0,0.4866412214,142000000.0,0.0903307888,-71000000.0,169000000.0,0.1075063613,94000000.0,32000000.0,0.0203562341,0.09,0.09,297400000,299700000,https://www.sec.gov/Archives/edgar/data/4447/000156459019014806/0001564590-19-014806-index.htm,https://www.sec.gov/Archives/edgar/data/4447/000156459019014806/hes-10q_20190331.htm,5.285810356422327,0.1075991930060524,0.8002689979825152,-1.455951580363147,7.73369199731002,35.48419636852724,34.273705447209146,31.41223940820444,26.05245460659045,18093816000.0,23443816000.0,141.3579375,11.51006106870229,76.02443697478992,-41.787103926097,1.9368246628131025,1.9368246628131025,14.913368956743003,30.645511111111112,98.50342857142856,-54.14276212471132,0.0017685600428345,-0.0239308280796046,0.8188824662813102,0.3522748204089151,6.993464052287582,1.6882430647291942,1.4489795918367347,3.1733333333333333,0.0048635401177949,2.75,0.0553435114503816,0.0,0.0165776386074783,2.819327731092437,0.4268447837150127,1.3473895582329318,0.0171755725190839,8.720576887098904,0.0031102981826805,0.001498407941562,-26.526563550773368,1563000000.0,10193000000.0,-7329000000.0,18866000000.0,1058500000.0,447000000.0,259500000.0,63.89312977099236,44.71980074719801,30.70983810709838,1.4086021505376345,2.012531328320802,2.93065693430657,0.0034253907086277,2.2562205783456624,2019-04-25,-0.25,bmo,4366666666.0,2025-04-23,2019-03-31,-1.36,55.02540983606558,4065428.344262295
2018-12-31,HES,USD,4447,2019-02-21,2019-02-21 16:08:05,2018,Q4,1653000000.0,868000000.0,785000000.0,0.4748941319,0,91000000.0,472000000.0,563000000.0,29000000.0,654000000.0,1522000000.0,0.0,99000000.0,533000000.0,732000000.0,0.442831216,128000000.0,0.0774349667,-67000000.0,61000000.0,0.0369026013,27000000.0,-4000000.0,-0.0024198427,-0.0137,-0.0137,291434534,291500000,https://www.sec.gov/Archives/edgar/data/4447/000156459019003671/0001564590-19-003671-index.htm,https://www.sec.gov/Archives/edgar/data/4447/000156459019003671/hes-10k_20181231.htm,5.6719427766923465,-0.0137252093809857,3.0229773661621038,0.744592608918475,9.243928518093876,37.36001993504311,36.1247510907544,33.04001028237786,23.23334817966357,11803098627.0,15781098627.0,-737.6936641875,7.140410542649728,13.397387771850171,54.39215957142857,1.2257865434624573,1.2257865434624573,9.546944117967332,21.558877905737702,17.912711267877413,72.72395680645161,-0.0003388940587897,0.018385002689345,0.6929068439090248,0.3112956655624504,5.434426229508197,2.024058102587381,1.292929292929293,25.91176470588235,0.0070320517198877,-20.75,0.0550514216575922,0.0,0.0167965287173984,0.753688989784336,0.4016938898971567,1.2457786116322702,0.0114942528735632,,0.0036971685907178,-0.0001898163526787,-23.942769939543265,2256000000.0,10528000000.0,-6086000000.0,18699000000.0,1091500000.0,439000000.0,254000000.0,54.50090744101633,51.32488479262673,25.403225806451616,1.6513486513486513,1.7535353535353535,3.5428571428571427,-0.0004154117769238,2.2783847572436287,2019-01-30,-0.44,bmo,2182258064.0,2025-04-23,2018-12-31,-0.2954545454545454,57.01730158730159,4206795.396825396
2018-09-30,HES,USD,4447,2018-11-09,2018-11-09 14:01:39,2018,Q3,1793000000.0,802000000.0,991000000.0,0.5527049637,0,143000000.0,491000000.0,634000000.0,21000000.0,709000000.0,1511000000.0,0.0,99000000.0,489000000.0,712000000.0,0.3970998327,188000000.0,0.104852203,-64000000.0,218000000.0,0.1215839375,121000000.0,52000000.0,0.0290016732,0.18,0.18,294300000,294300000,https://www.sec.gov/Archives/edgar/data/4447/000156459018028852/0001564590-18-028852-index.htm,https://www.sec.gov/Archives/edgar/data/4447/000156459018028852/hes-10q_20180930.htm,6.092422697927285,0.1766904519198097,1.437308868501529,-0.509683995922528,10.20727149167516,37.85253143051308,36.629289840299016,33.10907237512742,23.08188922867821,21951837000.0,25641837000.0,105.5376778846154,12.243076965978808,51.89559574468085,-146.34558,2.2528568349753697,2.2528568349753697,14.30108031232571,36.01381601123595,60.619,-170.94558,0.0023688222539188,-0.0068331411170737,0.6869868637110016,0.3104679745837391,5.182584269662922,2.298774259448417,1.898989898989899,4.360824742268041,0.0039176675737889,1.6538461538461535,0.0797546012269938,0.0,0.0166968136913872,1.3546099290780145,0.3195761293920803,1.1717791411042944,0.0117122141662018,11.472849759918256,0.0042488508810843,0.0024527144945993,-21.743119266055047,2543000000.0,10780000000.0,-5920000000.0,19010000000.0,1128500000.0,373000000.0,247000000.0,59.330730619074174,42.980049875311714,29.51371571072319,1.5169204737732656,2.093994778067885,3.049429657794677,0.0053366174055829,1.946992864424057,2018-10-31,-0.05,bmo,,2025-04-23,2018-09-30,-8.6,65.92079365079366,2823961.206349206
2018-06-30,HES,USD,4447,2018-08-01,2018-08-01 16:29:57,2018,Q2,1534000000.0,1224000000.0,310000000.0,0.2020860495,0,129000000.0,450000000.0,129000000.0,21000000.0,191000000.0,1415000000.0,0.0,98000000.0,444000000.0,569000000.0,0.3709256845,119000000.0,0.0775749674,-92000000.0,27000000.0,0.017601043,114000000.0,-130000000.0,-0.0847457627,-0.44,-0.44,295833333,297500000,https://www.sec.gov/Archives/edgar/data/4447/000156459018018485/0001564590-18-018485-index.htm,https://www.sec.gov/Archives/edgar/data/4447/000156459018018485/hes-10q_20180630.htm,5.185352118518707,-0.4394366202134497,1.4366197199285855,-0.2298591551885737,9.829859166005477,38.31887328261281,37.10197187279096,33.70816905206554,22.09690143334862,19788291644.37,23319291644.37,-38.05440700840385,12.899798985899608,46.56068622204706,-291.0042888877941,1.984385443679302,1.984385443679302,15.201624279250323,40.98293786356766,54.868921516164704,-342.9307594760294,-0.0065695413397137,-0.003436375470004,0.6457079823505816,0.2999906820723071,6.205623901581722,2.413367609254499,1.2142857142857142,-4.885057471264368,0.0043965392042699,-0.6692307692307692,0.0840938722294654,0.0,0.0167722698471859,1.16,0.3213820078226858,1.1103603603603605,0.0123859191655801,,-0.0195575050721434,-0.0061599696739954,-21.28985917891815,2749000000.0,10976000000.0,-5434000000.0,18978000000.0,1036000000.0,369000000.0,235000000.0,63.07040417209909,26.69117647058824,16.985294117647058,1.4269767441860466,3.371900826446281,5.298701298701299,-0.0130365022061772,1.6664788751171593,2018-07-25,-0.32,bmo,1934173913.0,2025-04-23,2018-06-30,-0.28125,59.73921875,4079701.546875
2018-03-31,HES,USD,4447,2018-05-01,2018-05-01 16:16:14,2018,Q1,1346000000.0,1102000000.0,244000000.0,0.1812778603,0,110000000.0,358000000.0,110000000.0,37000000.0,150000000.0,1252000000.0,0.0,103000000.0,417000000.0,525000000.0,0.3900445765,94000000.0,0.0698365527,-86000000.0,8000000.0,0.0059435364,73000000.0,-106000000.0,-0.0787518574,-0.34,-0.34,307894736,309500000,https://www.sec.gov/Archives/edgar/data/4447/000156459018010026/0001564590-18-010026-index.htm,https://www.sec.gov/Archives/edgar/data/4447/000156459018010026/hes-10q_20180331.htm,4.37162394358051,-0.344273505215107,0.6820512839167214,-0.6170940187817956,12.101538494636689,38.7697436957805,37.60051292335183,34.443589837794434,21.66649578575452,15585631536.32,18427631536.32,-36.75856494415094,11.579221052243684,74.21729303009523,-82.02963966484211,1.469649366932579,1.469649366932579,13.690662359821694,35.10025054537143,87.75062636342857,-96.9875344016842,-0.0068011360176828,-0.0121907155033938,0.6193305044790194,0.2975715839072128,5.413333333333333,2.633403361344538,0.912621359223301,-3.230769230769231,0.0057103877884318,-0.839622641509434,0.0817236255572065,0.0,0.0163102573396158,1.9047619047619049,0.2971768202080238,0.9592326139088728,0.0096582466567607,,-0.0375049106265959,-0.0048820928518791,-17.998846203073768,3110000000.0,11577000000.0,-5121000000.0,19651000000.0,1010500000.0,405000000.0,235500000.0,66.66419019316493,30.62613430127042,19.519056261343017,1.350050150451354,2.9386666666666668,4.610878661087866,-0.0099952852428099,1.2991453026985171,2018-04-25,-0.5,bmo,2442740740.0,2025-04-23,2018-03-31,-0.4599999999999999,49.01180327868852,4550533.065573771
2017-12-31,HES,USD,4447,2018-02-21,2018-02-21 16:51:04,2017,Q4,1663000000.0,1512000000.0,151000000.0,0.0907997595,0,125000000.0,1267000000.0,125000000.0,-5000000.0,481000000.0,1993000000.0,0.0,80000000.0,646000000.0,-1483000000.0,-0.8917618761,-330000000.0,-0.1984365604,-2147000000.0,-2477000000.0,-1.4894768491,158000000.0,-2677000000.0,-1.6097414311,-8.54,-8.5,313500000,315053615,https://www.sec.gov/Archives/edgar/data/4447/000156459018002698/0001564590-18-002698-index.htm,https://www.sec.gov/Archives/edgar/data/4447/000156459018002698/hes-10k_20171231.htm,5.304625199362041,-8.539074960127591,1.0940988835725678,-0.6730462519936204,15.460925039872407,39.4066985645933,38.25837320574163,35.250398724082935,22.5103668261563,14881845000.0,17011845000.0,-1.3897875420246546,8.948794347564641,43.38730320699708,-70.5300710900474,1.346651434259343,1.346651434259343,10.22961214672279,-11.471237356709374,49.59721574344023,-80.62485781990522,-0.179883609861546,-0.014178349525882,0.6313455795855578,0.3018778123918311,-1.4362778152393796,2.5285420944558523,-4.125,-0.1301707779886148,0.0060476372385278,-0.0336197235711617,0.0751653638003607,0.0,0.0155763239875389,1.6151603498542273,0.333132892363199,0.8575851393188855,0.0126277811184606,,-0.0165145437664277,-0.1176599859353023,-16.035087719298247,3722000000.0,11994000000.0,-4601000000.0,20274000000.0,1033500000.0,428000000.0,302000000.0,55.41791942273001,25.892857142857142,13.80952380952381,1.6240234375,3.475862068965517,6.517241379310345,-0.2422405212197991,1.7671451355661882,2018-02-05,-0.9,bmo,1498346534.0,2025-04-23,2017-12-31,0.1222222222222222,45.10920634920635,4149687.9206349207
2017-09-30,HES,USD,4447,2017-11-07,2017-11-06 19:12:41,2017,Q3,1370000000.0,1498000000.0,-128000000.0,-0.0934306569,0,113000000.0,0.0,113000000.0,22000000.0,153000000.0,1651000000.0,0.0,79000000.0,759000000.0,-1728000000.0,-1.2613138686,-281000000.0,-0.2051094891,-2286000000.0,-2567000000.0,-1.8737226277,-1974000000.0,-624000000.0,-0.4554744526,-1.99,-1.98,314356435,314500000,https://www.sec.gov/Archives/edgar/data/4447/000156459017021928/0001564590-17-021928-index.htm,https://www.sec.gov/Archives/edgar/data/4447/000156459017021928/hes-10q_20170930.htm,4.358110245142588,-1.985007878079544,0.2799370084471151,-1.3519685067048175,8.03546458337969,45.896944975852016,44.75174812311381,41.7742363059945,21.609228390696057,14740173237.15,18928173237.15,-5.905518123858173,10.759250538065691,167.5019686039773,-34.682760558,1.1224621715770635,1.1224621715770635,13.816184844635035,-10.953803956684029,215.0928776948864,-44.53687820505883,-0.0423332880801779,-0.0288327683238391,0.5112701797136765,0.2524060150375939,-2.423611111111111,1.844173441734417,-3.556962025316456,-0.148397976391231,0.0061736045116926,-0.1458333333333333,0.0824817518248175,0.0,0.0135338345864661,5.829545454545454,0.3744525547445255,0.6758893280632411,0.0153284671532846,,-0.0026486664650306,-0.023780487804878,-27.604811080135832,1869000000.0,14068000000.0,-8089000000.0,22508000000.0,990500000.0,462500000.0,374000000.0,68.51824817518248,25.293724966622165,22.349799732977303,1.3135186960690317,3.558194774346793,4.026881720430108,-0.0475175144684739,1.6319055151519326,2017-10-25,-1.29,bmo,1625158878.0,2025-04-23,2017-09-30,-0.1705426356589147,42.29714285714285,3882679.8412698414
2017-06-30,HES,USD,4447,2017-08-03,2017-08-03 16:13:34,2017,Q2,1216000000.0,1418000000.0,-202000000.0,-0.1661184211,0,100000000.0,0.0,100000000.0,12000000.0,153000000.0,1571000000.0,0.0,82000000.0,741000000.0,398000000.0,0.3273026316,-355000000.0,-0.2919407895,0.0,-425000000.0,-0.3495065789,-8000000.0,-449000000.0,-0.3692434211,-1.43,-1.43,314400000,314400000,https://www.sec.gov/Archives/edgar/data/4447/000156459017015349/0001564590-17-015349-index.htm,https://www.sec.gov/Archives/edgar/data/4447/000156459017015349/hes-10q_20170630.htm,3.867684478371501,-1.428117048346056,0.5248091603053435,-1.001908396946565,7.929389312977099,47.958015267175576,46.84478371501272,43.829516539440206,21.67620865139949,13792728000.0,18033728000.0,-7.679692650334076,11.34270394736842,83.5922909090909,-43.7864380952381,1.0009236574746008,1.0009236574746008,14.830368421052633,45.3108743718593,109.2953212121212,-57.24993015873016,-0.0325533861031697,-0.0228381216536714,0.4886066763425254,0.2422116699043096,10.655778894472364,2.016052880075543,-4.329268292682927,-0.39568345323741,0.0065251776153346,-0.2004454342984409,0.0822368421052631,0.0,0.0125908338729404,2.909090909090909,0.3947368421052631,0.6477732793522267,0.0180921052631578,,-0.0135001607324841,-0.0163582046050714,-29.693066157760818,2152000000.0,14728000000.0,-8450000000.0,25295000000.0,925000000.0,534500000.0,376500000.0,69.42434210526315,31.988716502115658,23.86459802538787,1.2963752665245205,2.813492063492064,3.771276595744681,-0.0325834542815674,1.5267175572519085,2017-07-26,-1.32,bmo,1098616438.0,2025-04-23,2017-06-30,0.1060606060606059,46.73825396825397,4436925.492063492
2017-03-31,HES,USD,4447,2017-05-04,2017-05-04 16:02:34,2017,Q1,1277000000.0,1346000000.0,-69000000.0,-0.0540328896,0,96000000.0,0.0,96000000.0,-2000000.0,154000000.0,1500000000.0,0.0,84000000.0,737000000.0,511000000.0,0.4001566171,-223000000.0,-0.1746280345,0.0,-309000000.0,-0.2419733751,-13000000.0,-324000000.0,-0.2537196554,-1.03,-1.03,313900000,313900000,https://www.sec.gov/Archives/edgar/data/4447/000156459017008749/0001564590-17-008749-index.htm,https://www.sec.gov/Archives/edgar/data/4447/000156459017008749/hes-10q_20170331.htm,4.068174577891048,-1.0321758521822235,1.1118190506530743,-0.1306148454921949,8.556865243708188,48.52819369225868,47.333545715195925,45.07167887862376,21.88276521185091,15133119000.0,19232119000.0,-11.67678935185185,11.850523884103367,43.36137249283667,-369.1004634146341,1.0696295589482614,1.0696295589482614,15.060390759592796,37.63624070450098,55.10635816618911,-469.0760731707317,-0.0214099948596188,-0.0027092894729764,0.4795730845349166,0.241459074733096,8.021526418786692,1.961900282220132,-2.6547619047619047,-1.179054054054054,0.0060793812564349,-0.2839506172839506,0.0751761942051683,0.0,0.0133451957295373,1.1174785100286533,0.3054032889584965,0.5291723202170964,0.0172278778386844,,-0.0081877394778591,-0.0116862037871956,-29.654348518636507,2045000000.0,14858000000.0,-8696000000.0,25621000000.0,969000000.0,499000000.0,350000000.0,64.27564604541895,37.77860326894502,25.208023774145616,1.400219298245614,2.382300884955752,3.570291777188329,-0.0229007633587786,1.2424338961452692,2017-04-26,-1.1,bmo,1305028037.0,2025-04-23,2017-03-31,-0.0272727272727272,52.969193548387096,4121297.580645161
2016-12-31,HES,USD,4447,2017-02-23,2017-02-23 16:21:56,2016,Q4,1388000000.0,1738000000.0,-350000000.0,-0.2521613833,0,105000000.0,0.0,105000000.0,-2000000.0,1138000000.0,2876000000.0,0.0,84000000.0,768000000.0,-27000000.0,-0.0194524496,-1488000000.0,-1.0720461095,-221000000.0,-1709000000.0,-1.2312680115,3189000000.0,-4892000000.0,-3.5244956772,-15.61,-15.46,313458233,316523200,https://www.sec.gov/Archives/edgar/data/4447/000156459017002225/0001564590-17-002225-index.htm,https://www.sec.gov/Archives/edgar/data/4447/000156459017002225/hes-10k_20161231.htm,4.428022153752139,-15.606544939593276,1.0400109669475486,-0.513625048093728,8.715674729143261,49.738684005151015,48.54235237139233,46.36662390679654,21.98059988425954,19525313333.57,23599313333.57,-0.997818547300184,14.067228626491357,59.893599182730064,-121.27523809670808,1.3434232374824548,1.3434232374824548,17.002387127932277,-874.048641984074,72.39053169806748,-146.57958592279502,-0.2505465554598374,-0.0082457063428114,0.4682812715013073,0.237797421473743,-150.88888888888889,1.8996001776988003,-17.714285714285715,-0.0665577786851776,0.0046094010611989,-0.0183973834832379,0.0756484149855907,0.0,0.0131022675657733,1.4938650306748469,0.350864553314121,0.6341145833333334,0.0036023054755043,,-0.1610381853374996,-0.1731926644480634,-29.882769102446897,2025000000.0,15216000000.0,-8754000000.0,25995000000.0,939500000.0,445500000.0,363000000.0,66.52737752161383,22.422324510932103,16.726121979286535,1.3528265107212476,4.013856812933025,5.380804953560372,-0.3365900646759323,1.553636015041277,2017-01-25,-1.08,bmo,1497940594.0,2025-04-23,2016-12-31,-0.0648148148148148,54.6568253968254,4000172.8253968256
2016-09-30,HES,USD,4447,2016-11-02,2016-11-02 16:43:23,2016,Q3,1177000000.0,1481000000.0,-304000000.0,-0.2582837723,0,106000000.0,0.0,106000000.0,19000000.0,184000000.0,1665000000.0,0.0,84000000.0,811000000.0,278000000.0,0.2361937128,-488000000.0,-0.414613424,-316000000.0,-633000000.0,-0.5378079864,-316000000.0,-339000000.0,-0.2880203908,-1.08,-1.08,313200000,313200000,https://www.sec.gov/Archives/edgar/data/4447/000156459016027023/0001564590-16-027023-index.htm,https://www.sec.gov/Archives/edgar/data/4447/000156459016027023/hes-10q_20160930.htm,3.7579821200510857,-1.082375478927203,1.0600255427841634,-0.6289910600255428,11.277139208173692,66.77841634738186,65.58109833971903,63.3397190293742,23.6941251596424,16793784000.0,20601784000.0,-12.38479646017699,14.268295666949872,50.58368674698795,-85.2476345177665,0.846546224417784,0.846546224417784,17.503639762107053,74.10713669064748,62.05356626506024,-104.57758375634518,-0.0201860402634689,-0.0117305307725763,0.3698457505796955,0.2129197016744537,13.697841726618703,1.869698127627054,-5.809523809523809,-1.0473186119873816,0.0054186715751494,-0.2684365781710914,0.0900594732370433,0.0,0.0108824980411503,1.5933734939759037,0.4494477485131691,0.6522811344019729,0.0186915887850467,,-0.0075177022897365,-0.0099460157258537,-29.280810983397192,2276000000.0,20540000000.0,-8651000000.0,28188000000.0,426500000.0,491500000.0,390000000.0,65.22514868309261,27.832545577312622,24.49020931802836,1.3798358733880425,3.2336244541484715,3.674937965260546,-0.0170884161709849,1.6890166028097062,2016-10-26,-1.27,bmo,1313616071.0,2025-04-23,2016-09-30,-0.1181102362204723,53.58265625,4368788.90625
2016-06-30,HES,USD,4447,2016-08-05,2016-08-05 16:31:17,2016,Q2,1224000000.0,1557000000.0,-333000000.0,-0.2720588235,0,106000000.0,0.0,106000000.0,45000000.0,305000000.0,1862000000.0,0.0,85000000.0,797000000.0,185000000.0,0.1511437908,-638000000.0,-0.5212418301,-305000000.0,-678000000.0,-0.5539215686,-305000000.0,-392000000.0,-0.3202614379,-1.25,-1.25,313178294,313200000,https://www.sec.gov/Archives/edgar/data/4447/000156459016023003/0001564590-16-023003-index.htm,https://www.sec.gov/Archives/edgar/data/4447/000156459016023003/hes-10q_20160630.htm,3.9083168388419662,-1.2516831706095186,0.6290346546175387,-1.3347029727417827,9.946410909307785,67.61004962879069,66.41264863649842,64.24136150380843,21.192401028916773,18822015469.4,22279015469.4,-12.003836396301022,15.37746361879085,95.54322573299493,-45.02874514210527,0.9355343441224712,0.9355343441224712,18.201810024019608,120.42711064540542,113.09144908324872,-53.29908007033493,-0.020826675051739,-0.0222080361521095,0.3256623092599036,0.1913886779225331,18.686486486486487,2.1650303880317905,-7.505882352941176,-0.5281501340482574,0.0047285053051142,-0.2270408163265306,0.0866013071895424,0.0,0.0109540223169948,3.1218274111675126,0.5024509803921569,0.7716436637390214,0.0179738562091503,,-0.010901453560735,-0.0115774240231548,-31.153180750132066,2492000000.0,20799000000.0,-8429000000.0,28636000000.0,0.0,435500000.0,396500000.0,0.0,30.346820809248555,21.791907514450862,0.0,2.9657142857142857,4.129973474801061,-0.0194840697847805,1.9637376273593217,2016-07-27,-1.26,bmo,1379781818.0,2025-04-23,2016-06-30,-0.1190476190476189,57.91140625,3992724.078125
2016-03-31,HES,USD,4447,2016-05-05,2016-05-05 17:04:06,2016,Q1,973000000.0,1512000000.0,-539000000.0,-0.5539568345,0,98000000.0,0.0,98000000.0,20000000.0,230000000.0,1742000000.0,0.0,85000000.0,868000000.0,108000000.0,0.1109969168,-769000000.0,-0.7903391572,-346000000.0,-834000000.0,-0.8571428571,-346000000.0,-509000000.0,-0.5231243577,-1.7,-1.7,299418604,299800000,https://www.sec.gov/Archives/edgar/data/4447/000156459016018033/0001564590-16-018033-index.htm,https://www.sec.gov/Archives/edgar/data/4447/000156459016018033/hes-10q_20160331.htm,3.249631075028324,-1.6999611687455467,-0.2003883499503591,-2.27106796610407,11.92978643371138,72.25335938043449,71.00093219324475,68.7933205379583,22.299883543642466,15764389500.6,18799389500.6,-7.742823919744596,16.20183915786228,-262.73982501,-23.182925736176472,0.7653359307020098,0.7653359307020098,19.321058068448096,174.06842130185183,-313.3231583433333,-27.64616103029412,-0.0322879614196685,-0.043135194038064,0.3200310709777648,0.1893817513215352,28.10185185185185,2.2549019607843137,-9.047058823529412,-0.4054054054054054,0.0050747287103604,-0.1571709233791748,0.1007194244604316,0.0,0.010773385428637,-10.333333333333334,0.6372045220966084,0.7142857142857143,0.0256937307297019,,-0.0137566549530255,-0.0147823309034937,-31.37413599056123,2752000000.0,21259000000.0,-8229000000.0,29368000000.0,0.0,401500000.0,407500000.0,0.0,20.59523809523809,24.761904761904763,0.0,4.369942196531792,3.6346153846153846,-0.0247111370035925,2.070679616153711,2016-04-27,-1.81,bmo,1035226744.0,2025-04-23,2016-03-31,-0.0497237569060773,44.19786885245902,7209866.278688525
2015-12-31,HES,USD,4447,2016-02-26,2016-02-25 19:12:15,2015,Q4,1474000000.0,1835000000.0,-361000000.0,-0.2449118046,0,140000000.0,0.0,140000000.0,-87000000.0,518000000.0,2353000000.0,0.0,86000000.0,983000000.0,-1214000000.0,-0.8236092266,-879000000.0,-0.5963364993,-671000000.0,-2283000000.0,-1.5488466757,-492000000.0,-1821000000.0,-1.2354138399,-6.43,-6.37,283000000,286045586,https://www.sec.gov/Archives/edgar/data/4447/000156459016013433/0001564590-16-013433-index.htm,https://www.sec.gov/Archives/edgar/data/4447/000156459016013433/hes-10k_20151231.htm,5.208480565371024,-6.434628975265018,2.2014134275618376,-1.1024734982332156,9.597173144876326,72.08833922261483,70.76325088339223,68.5017667844523,23.731448763250885,13719840000.0,17633840000.0,-1.8835584843492583,9.307896879240165,22.0222150882825,-43.97384615384616,0.7077189724543484,0.7077189724543484,11.96325644504749,-14.525403624382207,28.304719101123595,-56.51871794871795,-0.1327274953643774,-0.022740789980058,0.3419993809965955,0.1938879953209533,-3.224052718286656,1.6757990867579908,-10.22093023255814,2.8063063063063063,0.0052478746107826,-0.0395387149917627,0.0949796472184531,0.0,0.0109665155724521,1.5008025682182986,0.6343283582089553,0.9511698880976602,0.0176390773405698,,-0.0217853063606578,-0.0538438793613246,-38.43992932862191,1776000000.0,20026000000.0,-9390000000.0,28503000000.0,0.0,497000000.0,467000000.0,0.0,22.414168937329705,19.56948228882834,0.0,4.015317286652079,4.598997493734336,-0.0939337666357165,3.303886925795053,2016-01-27,-1.1,bmo,1465200000.0,2025-04-23,2015-12-31,0.2727272727272725,56.758125,3305107.484375
2015-09-30,HES,USD,4447,2015-11-05,2015-11-05 16:16:55,2015,Q3,1671000000.0,1881000000.0,-210000000.0,-0.1256732496,0,119000000.0,0.0,119000000.0,-32000000.0,263000000.0,2144000000.0,0.0,84000000.0,988000000.0,493000000.0,0.2950329144,-473000000.0,-0.2830640335,-300000000.0,-539000000.0,-0.3225613405,-300000000.0,-279000000.0,-0.1669658887,-0.99,-0.98,282978723,283500000,https://www.sec.gov/Archives/edgar/data/4447/000156459015009662/0001564590-15-009662-index.htm,https://www.sec.gov/Archives/edgar/data/4447/000156459015009662/hes-10q_20150930.htm,5.90503760242073,-0.9859398510325456,0.9965413548070892,-2.406541356821375,10.64744362423319,79.02714297003878,73.82180461673792,75.38022567159581,23.450526349290225,14165914873.38,17704914873.38,-12.69347210876344,8.477507404775585,50.233740685744685,-20.80163711215859,0.6640998956157705,0.6640998956157705,10.595400881735488,35.91260623403652,62.783386075815606,-25.998406568839943,-0.0196951628252605,-0.0480731393691844,0.3071585954713797,0.1797235023041474,7.178498985801217,2.133003048780488,-5.630952380952381,0.5766871165644172,0.0050120306831308,-0.2544802867383512,0.0712148414123279,0.0,0.0404048716260697,3.4148936170212765,0.5763016157989228,0.9746963562753036,0.0119688809096349,,-0.0061850396307151,-0.0079753022896835,-38.20958652075053,2973000000.0,20890000000.0,-8496000000.0,31329000000.0,0.0,576500000.0,552000000.0,0.0,25.69377990430622,25.598086124401917,0.0,3.502793296089385,3.5158878504672897,-0.0130795555763911,3.403082711628464,2015-10-28,-1.22,bmo,1909514563.0,2025-04-23,2015-09-30,-0.1557377049180327,57.234375,3204310.703125
2015-06-30,HES,USD,4447,2015-08-07,2015-08-07 16:33:03,2015,Q2,1953000000.0,1932000000.0,21000000.0,0.0107526882,0,151000000.0,0.0,151000000.0,-18000000.0,241000000.0,2173000000.0,0.0,86000000.0,1028000000.0,391000000.0,0.2002048131,-220000000.0,-0.1126472094,-156000000.0,-709000000.0,-0.363031234,-156000000.0,-567000000.0,-0.2903225806,-1.99,-1.99,284300000,284300000,https://www.sec.gov/Archives/edgar/data/4447/000156459015006685/0001564590-15-006685-index.htm,https://www.sec.gov/Archives/edgar/data/4447/000156459015006685/hes-10q_20150630.htm,6.869504045022863,-1.994372142103412,1.902919451283855,-2.2687302145620825,3.274709813577207,74.22792824481182,69.04678156876538,74.22792824481182,21.255715793176226,19013984000.0,24039984000.0,-8.383590828924161,9.735782898105478,35.145996303142326,-29.47904496124031,0.9010085769795764,0.9010085769795764,12.30925960061444,61.48333503836317,44.43619963031424,-37.271293023255815,-0.0298201576271443,-0.0339224015335239,0.2822821399800976,0.167529107373868,12.854219948849105,1.1239622101345548,-2.558139534883721,-0.9783001808318263,0.0037866866828119,-0.1269841269841269,0.0773169482846902,0.0,0.0414252770122054,2.192236598890943,0.6072708653353814,1.1536964980544746,0.0128008192524321,,-0.0053399450450041,-0.0166348833797858,-46.56876538867394,433000000.0,19630000000.0,-10529000000.0,29204000000.0,0.0,648500000.0,557500000.0,0.0,28.695652173913043,26.50621118012422,0.0,3.136363636363636,3.3954305799648505,-0.0268682177889399,4.171649665845937,2015-07-29,-0.7,bmo,2716442307.0,2025-04-23,2015-06-30,-0.257142857142857,70.94380952380952,2723253.0634920634
2015-03-31,HES,USD,4447,2015-05-07,2015-05-07 16:48:34,2015,Q1,1538000000.0,1776000000.0,-238000000.0,-0.1547464239,0,147000000.0,0.0,147000000.0,12000000.0,416000000.0,2192000000.0,0.0,85000000.0,956000000.0,301000000.0,0.1957087126,-654000000.0,-0.4252275683,-351000000.0,-727000000.0,-0.4726918075,-351000000.0,-389000000.0,-0.2529258778,-1.37,-1.37,283500000,283500000,https://www.sec.gov/Archives/edgar/data/4447/000156459015003601/0001564590-15-003601-index.htm,https://www.sec.gov/Archives/edgar/data/4447/000156459015003601/hes-10q_20150331.htm,5.425044091710759,-1.3721340388007055,1.2768959435626102,-3.08641975308642,5.3121693121693125,76.42680776014109,69.87301587301587,76.42680776014109,21.393298059964728,19241145000.0,23715145000.0,-12.36577442159383,12.510497399219766,53.15233425414365,-21.98988,0.8880391840125538,0.8880391840125538,15.419470091027309,78.78785714285715,65.5114502762431,-27.103022857142857,-0.0202170920701444,-0.0454754641680627,0.2759957539114783,0.1656463809866762,14.863787375415283,1.2468993366022498,-7.694117647058824,-0.9627659574468084,0.0037419810515434,-0.1850899742930591,0.0955786736020806,0.0,0.0514667183734522,3.4171270718232045,0.8042912873862159,1.2939330543933054,0.0169050715214564,,-0.0103429300619417,-0.0113599859825365,-44.6384479717813,856000000.0,19809000000.0,-10111000000.0,29922000000.0,0.0,694500000.0,536500000.0,0.0,34.51013513513514,27.66891891891892,0.0,2.607929515418502,3.2527472527472527,-0.0179535699450777,4.36331569664903,2015-04-29,-1.09,bmo,1676530612.0,2025-04-23,2015-03-31,-0.1009174311926606,71.3211475409836,3216849.3278688523
2014-12-31,HES,USD,4447,2015-02-27,2015-02-26 17:38:30,2014,Q4,2557000000.0,1935000000.0,622000000.0,0.2432538131,0,164000000.0,-352000000.0,164000000.0,-32000000.0,335000000.0,2270000000.0,0.0,82000000.0,875000000.0,1049000000.0,0.4102463825,203000000.0,0.0793899101,-111000000.0,176000000.0,0.0688306609,181000000.0,-8000000.0,-0.0031286664,-0.028,-0.0277,285834964,289000000,https://www.sec.gov/Archives/edgar/data/4447/000156459015001040/0001564590-15-001040-index.htm,https://www.sec.gov/Archives/edgar/data/4447/000156459015001040/hes-10k_20141231.htm,8.9457215598019,-0.0279881785210853,3.6979380870984,-1.7737508137737832,8.55038853819157,78.08701807382809,71.58676361230602,78.08701807382809,21.232531930558363,21100337042.48,24643337042.48,-659.3855325774999,8.251989457364099,19.962475915307472,-41.61802178003945,0.9453556022616486,0.9453556022616486,9.637597591896752,23.492218343641564,23.314415366584672,-48.60618746051282,-0.0003791408631954,-0.0240280522050092,0.2682347670250896,0.1551920783866452,3.3775023832221165,1.3784786641929498,2.475609756097561,-13.727272727272728,0.0033648751608592,-8.875,0.0641376613218615,0.0,0.0481621649644875,1.4796594134342478,0.6116542823621431,1.7874285714285714,0.0086038326163472,,-0.0001706478903549,-0.0002178649237472,-47.40672663124585,1836000000.0,20462000000.0,-9571000000.0,31211000000.0,0.0,1210000000.0,672000000.0,0.0,32.93023255813954,24.511627906976745,0.0,2.733050847457627,3.671726755218217,-0.0003584229390681,5.471688900872183,2015-01-28,0.29,bmo,2805555555.0,2025-04-23,2014-12-31,-0.3793103448275862,79.20828125,4102120.75
2014-09-30,HES,USD,4447,2014-11-10,2014-11-10 14:01:51,2014,Q3,2745000000.0,1840000000.0,905000000.0,0.3296903461,0,139000000.0,34000000.0,173000000.0,26000000.0,263000000.0,2103000000.0,0.0,75000000.0,837000000.0,1504000000.0,0.5479052823,642000000.0,0.2338797814,-17000000.0,624000000.0,0.2273224044,237000000.0,1008000000.0,0.3672131148,3.35,3.31,300700000,305000000,https://www.sec.gov/Archives/edgar/data/4447/000156459014005364/0001564590-14-005364-index.htm,https://www.sec.gov/Archives/edgar/data/4447/000156459014005364/hes-10q_20140930.htm,9.12869970069837,3.352178250748254,4.449617559028932,-0.0798137678749584,13.701363485201195,81.02760226139009,74.84868639840373,81.02760226139009,20.189557698703027,28362024000.0,30238024000.0,7.034232142857142,10.332249180327867,21.19732735426009,-1181.7509999999995,1.164047773445516,1.164047773445516,11.01567358834244,20.105069148936167,22.599420029895363,-1259.9176666666665,0.0355404818781621,-0.00084620194948,0.2460907038785142,0.146333129957291,1.247340425531915,1.7676969092721837,8.56,3.4573643410852712,0.0026796395066868,0.0753968253968253,0.0506375227686703,0.0,0.0453447223917022,1.0179372197309418,0.4961748633879781,1.6272401433691757,0.0087431693989071,78.17561470973872,0.0110518072983723,0.0257688473042411,-40.17791819088793,3850000000.0,22507000000.0,-7745000000.0,33375000000.0,0.0,1620500000.0,829500000.0,0.0,83.73913043478261,39.96195652173913,0.0,1.074766355140187,2.252141982864137,0.0413708187974553,4.529431326903891,2014-10-29,1.07,bmo,2355967741.0,2025-04-23,2014-09-30,0.1588785046728971,98.8834375,2149030.203125
2014-06-30,HES,USD,4447,2014-08-07,2014-08-07 17:01:41,2014,Q2,2846000000.0,1831000000.0,1015000000.0,0.3566408995,0,143000000.0,25000000.0,168000000.0,-25000000.0,628000000.0,2459000000.0,0.0,85000000.0,760000000.0,362000000.0,0.1271960647,387000000.0,0.1359803233,89000000.0,1056000000.0,0.3710470836,89000000.0,931000000.0,0.3271257906,3.01,2.96,309700000,314100000,https://www.sec.gov/Archives/edgar/data/4447/000119312514300920/0001193125-14-300920-index.htm,https://www.sec.gov/Archives/edgar/data/4447/000119312514300920/d752527d10q.htm,9.189538262835002,3.0061349693251533,3.054568937681627,0.1356151113981272,7.232805941233452,78.6373910235712,72.63803680981596,78.6373910235712,19.896674200839524,30626233000.0,34463233000.0,8.22401530612245,10.761150035137035,32.3744534883721,729.1960238095238,1.257544263775971,1.257544263775971,12.109358046380883,95.20230110497238,36.43047885835095,820.5531666666667,0.0303987761080508,0.0013713733582579,0.2495277983082861,0.1479632830951279,10.599447513812157,1.6676811869887769,4.552941176470588,0.9732510288065844,0.0025141844901395,0.0827067669172932,0.05024595924104,0.0,0.0452387329259087,0.955602536997886,0.3176387912860154,1.1894736842105262,0.0070274068868587,72.93064341331564,0.0098609695232698,0.0237421263356539,-45.38585728123991,3510000000.0,22496000000.0,-7950000000.0,32604000000.0,0.0,1798000000.0,948500000.0,0.0,75.15565264882578,41.38722009830694,0.0,1.197514715500327,2.17458432304038,0.0382278065204894,2.9189538262835,2014-07-30,1.2,bmo,2397623188.0,2025-04-23,2014-06-30,0.1499999999999999,90.2326984126984,2376825.285714286
2014-03-31,HES,USD,4447,2014-05-08,2014-05-08 17:14:35,2014,Q1,5554000000.0,4202000000.0,1352000000.0,0.2434281599,0,153000000.0,293000000.0,446000000.0,-58000000.0,565000000.0,4767000000.0,0.0,81000000.0,752000000.0,1410000000.0,0.2538710839,787000000.0,0.1416996759,-162000000.0,658000000.0,0.1184731725,248000000.0,386000000.0,0.0694994598,1.21,1.2,318100000,322600000,https://www.sec.gov/Archives/edgar/data/4447/000119312514190297/0001193125-14-190297-index.htm,https://www.sec.gov/Archives/edgar/data/4447/000119312514190297/d699735d10q.htm,17.459918264696636,1.213454888399874,3.640364665199623,-0.8990883370009431,4.049041182018233,76.20873939012888,69.97170701037409,76.20873939012888,17.783715812637535,26364128000.0,30652128000.0,17.075212435233162,4.7468721642059775,22.76694991364421,-92.18226573426574,1.087539311937959,1.087539311937959,5.518928339935182,21.739097872340427,26.469886010362693,-107.17527272727273,0.014641106278956,-0.0108480735642005,0.2300140252454418,0.1339225670093188,3.0411347517730496,1.172291296625222,9.716049382716047,2.824390243902439,0.0029964958446568,0.2046632124352331,0.0275477133597407,0.0,0.0476510711883946,1.246977547495682,0.2599927979834354,1.9202127659574468,0.003781058696435,45.61476751463542,0.0137805237940066,0.0097346918188237,-48.97359320968249,1067000000.0,22258000000.0,-10134000000.0,32217000000.0,0.0,2088000000.0,1004500000.0,0.0,44.27177534507378,22.596382674916708,0.0,2.0328979196903725,3.982938388625593,0.0159227786486263,4.539453002200566,2014-04-30,1.04,bmo,1945855072.0,2025-04-23,2014-03-31,0.3269230769230767,79.46868852459016,2616544.9672131147
2013-12-31,HES,USD,4447,2014-02-28,2014-02-28 16:45:49,2013,Q4,5183000000.0,4078000000.0,1105000000.0,0.2131969902,0,214000000.0,245000000.0,459000000.0,5000000.0,917000000.0,4995000000.0,0.0,97000000.0,797000000.0,1063000000.0,0.2050935751,155000000.0,0.0299054602,-4000000.0,187000000.0,0.0360794906,-666000000.0,1925000000.0,0.3714065213,5.92,5.76,325314177,334300000,https://www.sec.gov/Archives/edgar/data/4447/000119312514077565/0001193125-14-077565-index.htm,https://www.sec.gov/Archives/edgar/data/4447/000119312514077565/d652042d10k.htm,15.932290586893174,5.91735662353258,4.764624813753506,0.3012472462889313,5.576148007837974,76.18481379617218,70.43959845623328,76.18481379617218,18.120944049727044,27001076691.0,30985076691.0,3.5066333364935063,5.209545956202971,17.420049478064517,275.52119072448977,1.0894559671965784,1.0894559671965784,5.978212751495273,29.14870808184384,19.99037205870968,316.1742519489796,0.0712934532955732,0.0036294848950473,0.2339412524209167,0.1354957818232806,3.7478833490122296,1.3094768764215314,1.597938144329897,1.867469879518072,0.0029998803724371,0.042077922077922,0.0412888288635925,0.0,0.043677408800916,0.9367741935483872,0.2801466332240015,1.821831869510665,0.0017364460737024,100.71388202184916,0.0193315493400092,0.0470407115976736,-48.3102216599678,2041000000.0,22915000000.0,-9371000000.0,32681000000.0,0.0,1281000000.0,824500000.0,0.0,46.54487493869544,21.054438450220697,0.0,1.9336178283546703,4.274633123689728,0.0776710781149128,4.463377567464574,2014-01-29,1.09,bmo,2984625000.0,2025-04-23,2013-12-31,-0.1192660550458716,81.2153125,2611932.265625
2013-09-30,HES,USD,4447,2013-11-07,2013-11-07 17:06:37,2013,Q3,2706000000.0,1614000000.0,1092000000.0,0.4035476718,0,153000000.0,0.0,153000000.0,-3000000.0,307000000.0,1921000000.0,0.0,86000000.0,681000000.0,1447000000.0,0.5347376201,785000000.0,0.2900960828,-92000000.0,691000000.0,0.2553584627,325000000.0,420000000.0,0.155210643,1.24,1.23,339000000,343300000,https://www.sec.gov/Archives/edgar/data/4447/000119312513433105/0001193125-13-433105-index.htm,https://www.sec.gov/Archives/edgar/data/4447/000119312513433105/d600752d10q.htm,7.982300884955753,1.238938053097345,3.699115044247787,-0.4513274336283185,0.9469026548672568,70.33038348082596,64.81710914454277,70.33038348082596,18.569321533923304,26218260000.0,32106260000.0,15.606107142857145,9.688935698447894,20.907703349282297,-171.36117647058825,1.099666974247127,1.099666974247127,11.864841093865484,22.18815480304077,25.603078149920258,-209.8448366013072,0.0160193697064564,-0.0058356275359234,0.2604227833235467,0.1482003055184265,4.069108500345543,1.3371370793008812,9.127906976744184,3.4262295081967213,0.0032420152977352,0.2023809523809523,0.0565410199556541,0.0,0.0446104640061103,1.1220095693779903,0.5199556541019955,2.066079295154185,0.0062823355506282,44.27795431842797,0.011625900682574,0.0104929172808354,-51.28466076696165,2334000000.0,21973000000.0,-8797000000.0,31617000000.0,0.0,509000000.0,689000000.0,0.0,25.260223048327138,38.7546468401487,0.0,3.562913907284768,2.322302158273381,0.017615971814445,4.150442477876106,2013-10-30,1.44,bmo,3226576271.0,2025-04-23,2013-09-30,-0.1805555555555555,74.49625,2498890.484375
2013-06-30,HES,USD,4447,2013-08-08,2013-08-08 16:15:54,2013,Q2,3011000000.0,1641000000.0,1370000000.0,0.4549983394,0,167000000.0,0.0,167000000.0,-17000000.0,367000000.0,2008000000.0,0.0,99000000.0,613000000.0,986000000.0,0.3274659582,1003000000.0,0.3331119229,967000000.0,1998000000.0,0.6635669213,409000000.0,1431000000.0,0.4752573896,4.21,4.16,340100000,344000000,https://www.sec.gov/Archives/edgar/data/4447/000119312513326860/0001193125-13-326860-index.htm,https://www.sec.gov/Archives/edgar/data/4447/000119312513326860/d561628d10q.htm,8.853278447515436,4.207586004116436,3.6665686562775655,-0.661570126433402,2.131725962952073,70.4880917377242,64.99264922081741,70.4880917377242,17.34489855924728,22688071000.0,27763071000.0,3.963674178895877,7.535061773497175,18.19412269446672,-100.83587111111108,0.946400992783548,0.946400992783548,9.220548322816338,28.157272819472613,22.26389013632718,-123.39142666666665,0.0630727927464613,-0.0099171057777454,0.241938847870521,0.140001931061118,5.147058823529412,1.4840338630625278,10.131313131313131,0.7847702957835117,0.0014985848730815,0.023759608665269,0.0554633012288276,0.0,0.0451144153712465,1.1804330392943063,0.4888741281966124,2.401305057096248,0.0073065426768515,81.68938692193609,0.022759028251339,0.0361738163249829,-48.18729785357248,3259000000.0,22104000000.0,-7463000000.0,31298000000.0,0.0,568000000.0,684500000.0,0.0,30.987202925045708,37.45886654478976,0.0,2.904424778761062,2.402635431918009,0.0596921536728819,4.328138782710967,2013-07-31,1.41,bmo,2848947019.0,2025-04-23,2013-06-30,0.0709219858156029,69.19921875,3275882.40625
2013-03-31,HES,USD,4447,2013-05-09,2013-05-09 16:05:17,2013,Q1,3466000000.0,1990000000.0,1476000000.0,0.4258511252,0,149000000.0,0.0,149000000.0,-37000000.0,368000000.0,2358000000.0,0.0,106000000.0,679000000.0,1071000000.0,0.3090017311,1108000000.0,0.3196768609,470000000.0,1653000000.0,0.4769186382,470000000.0,1276000000.0,0.3681477207,3.76,3.72,339200000,342600000,https://www.sec.gov/Archives/edgar/data/4447/000119312513210974/0001193125-13-210974-index.htm,https://www.sec.gov/Archives/edgar/data/4447/000119312513210974/d516537d10q.htm,10.21816037735849,3.7617924528301887,2.414504716981132,-2.0341981132075477,1.3089622641509433,66.40625,60.89622641509434,66.40625,22.057783018867923,24944768000.000004,31876768000.000004,4.887297805642634,7.196990190421236,30.457592185592187,-36.15183768115943,1.1074258823529413,1.1074258823529413,9.196990190421236,29.76355555555556,38.92157264957265,-46.19821449275363,0.0511530113248597,-0.0276611111396185,0.3274583795782464,0.1726470519392365,6.472455648926237,1.27153821208518,10.452830188679243,0.6923076923076923,0.0014030998404154,0.0274294670846395,0.0429890363531448,0.0,0.0437469278842777,1.8424908424908424,0.4353721869590305,2.2223858615611194,0.0034622042700519,74.97097389384761,0.0224152158965388,0.0312331717824448,-57.22582547169811,2512000000.0,20656000000.0,-8435000000.0,30032000000.0,0.0,1690000000.0,972500000.0,0.0,25.824120603015075,31.025125628140703,0.0,3.4851138353765325,2.9008746355685133,0.0566481687014428,4.44870283018868,2013-04-24,1.57,bmo,2797584615.0,2025-04-23,2013-03-31,0.2420382165605094,64.98033333333333,4485133.5
2012-12-31,HES,USD,4447,2013-02-28,2013-02-28 17:12:31,2012,Q4,9511000000.0,7691000000.0,1820000000.0,0.1913573757,0,201000000.0,282000000.0,483000000.0,15000000.0,888000000.0,8579000000.0,0.0,106000000.0,751000000.0,1539000000.0,0.161812638,932000000.0,0.097991799,-250000000.0,997000000.0,0.104825991,429000000.0,566000000.0,0.059510041,1.66,1.66,338700000,341527617,https://www.sec.gov/Archives/edgar/data/4447/000119312513084779/0001193125-13-084779-index.htm,https://www.sec.gov/Archives/edgar/data/4447/000119312513084779/d457291d10k.htm,28.080897549453795,1.6710953646294655,4.635370534396221,-0.6170652494833185,1.8954827280779447,63.16799527605551,56.648951874815474,63.16799527605551,24.26040744021257,17937552000.0,25406552000.0,7.922946996466432,1.8859796025654505,11.4251923566879,-85.8256076555024,0.8383992521617201,0.8383992521617201,2.6712808327200084,16.5084808317089,16.182517197452228,-121.56244976076556,0.0315539154952693,-0.011651534166981,0.3791072680532835,0.186057714364362,4.853151397011046,0.9959247273163132,8.79245283018868,4.175531914893617,0.0019512138557145,0.0618374558303886,0.0211334244558931,0.0,0.0506491719043905,1.1331210191082803,0.1870465776469351,0.6032553407934893,0.0027336767952896,48.73493861924859,0.0147335841811465,0.0136761223602184,-61.7877177443165,-34000000.0,19187000000.0,-13890000000.0,31296000000.0,0.0,2676000000.0,1238500000.0,0.0,32.87088805096867,14.732804576778053,0.0,2.737985048059808,6.108816521048452,0.0264547791540079,5.252435783879539,2013-01-30,1.2,bmo,14138000000.0,2025-04-23,2012-12-31,0.0,52.05516129032258,3375917.7741935486
2012-09-30,HES,USD,4447,2012-11-08,2012-11-08 14:27:48,2012,Q3,9194000000.0,6731000000.0,2463000000.0,0.2678921035,0,167000000.0,259000000.0,426000000.0,1048000000.0,1474000000.0,8205000000.0,0.0,104000000.0,748000000.0,1737000000.0,0.1889275615,989000000.0,0.1075701544,0.0,1102000000.0,0.1198607788,510000000.0,557000000.0,0.0605829889,1.65,1.64,338600000,340000000,https://www.sec.gov/Archives/edgar/data/4447/000119312512460034/0001193125-12-460034-index.htm,https://www.sec.gov/Archives/edgar/data/4447/000119312512460034/d400299d10q.htm,27.15298287064383,1.6450088600118131,5.4991139988186655,-0.8800945067926758,1.559362079149439,60.9923213230951,54.47135262847017,60.66745422327229,23.46426461901949,18267470000.0,25580470000.0,8.199043985637344,1.9868903632804005,9.810671321160044,-61.300234899328856,0.8892741699931848,0.8892741699931848,2.7823004133130302,14.726810592976395,13.738168635875402,-85.8405033557047,0.0304913597777907,-0.0163131511917085,0.3817057735371434,0.1857528664834644,4.210132412204951,1.0393730886850152,9.509615384615383,3.14527027027027,0.0018612320151613,0.0610412926391382,0.0181640200130519,0.0,0.0523074007391263,1.1600429645542427,0.2349358277137263,2.1951219512195124,0.0029366978464215,47.38635081446967,0.015186389188833,0.013923607639236,-60.31600708800945,309000000.0,18444000000.0,-13403000000.0,30661000000.0,0.0,2625000000.0,1263500000.0,0.0,34.00237706135789,16.285841628287027,0.0,2.646873771136453,5.526272577996716,0.0271151786583584,6.379208505611341,2012-11-02,1.19,bmo,2541383561.0,2025-04-23,2012-09-30,0.226890756302521,49.22015873015873,3751186.634920635
2012-06-30,HES,USD,4447,2012-08-03,2012-08-03 11:58:40,2012,Q2,9309000000.0,6646000000.0,2663000000.0,0.2860672468,0,172000000.0,265000000.0,437000000.0,1006000000.0,1443000000.0,8089000000.0,0.0,105000000.0,769000000.0,1913000000.0,0.2055000537,1110000000.0,0.1192394457,-48000000.0,1056000000.0,0.1134386078,521000000.0,549000000.0,0.0589751853,1.62,1.61,338500000,340400000,https://www.sec.gov/Archives/edgar/data/4447/000119312512334056/0001193125-12-334056-index.htm,https://www.sec.gov/Archives/edgar/data/4447/000119312512334056/d352118d10q.htm,27.500738552437223,1.621861152141802,3.663220088626293,-2.1802067946824226,1.208271787296898,58.96307237813885,52.26883308714919,58.96307237813885,23.485967503692763,14707825000.000002,22143825000.0,6.697552367941713,1.5799575679449998,11.861149193548387,-19.92930216802168,0.7369018988927302,0.7369018988927302,2.378754431195617,11.575444328280188,17.857923387096776,-30.005182926829267,0.0373270690941726,-0.0501773715692157,0.3930557643168495,0.1931599940907076,3.887088342916885,1.1187182382834555,10.571428571428571,2.317757009345794,0.00231169462514,0.0619307832422586,0.0184767429369427,0.0,0.0557935687201457,1.5951612903225807,0.2124825437748415,0.0,0.0031152647975077,46.3861306995221,0.0166235464999099,0.0143162616042557,-57.877400295420976,841000000.0,17693000000.0,-12730000000.0,29663000000.0,0.0,3299000000.0,1360000000.0,0.0,36.65814023472765,17.726452001203732,0.0,2.4551163649796823,5.077158135981666,0.0275063880955959,5.843426883308715,2012-07-25,1.38,bmo,2546100000.0,2025-04-23,2012-06-30,0.3043478260869566,48.5536507936508,5287712.682539683
2012-03-31,HES,USD,4447,2012-05-04,2012-05-04 14:36:38,2012,Q1,9747000000.0,7352000000.0,2395000000.0,0.2457166308,0,167000000.0,251000000.0,418000000.0,975000000.0,1393000000.0,8745000000.0,0.0,104000000.0,681000000.0,1633000000.0,0.1675387299,937000000.0,0.0961321432,-39000000.0,898000000.0,0.0921309121,338000000.0,545000000.0,0.0559146404,1.61,1.6,338000000,340300000,https://www.sec.gov/Archives/edgar/data/4447/000119312512211529/0001193125-12-211529-index.htm,https://www.sec.gov/Archives/edgar/data/4447/000119312512211529/d317401d10q.htm,28.83727810650888,1.6124260355029585,2.923076923076923,-2.633136094674556,1.1715976331360949,56.67751479289941,49.89349112426036,56.67751479289941,20.952662721893493,19925100000.0,26507100000.0,9.139954128440367,2.0442289935364726,20.167105263157897,-22.387752808988765,1.0400950044370203,1.0400950044370203,2.719513696522007,16.23214941824862,26.829048582995952,-29.78325842696629,0.0273524348685828,-0.044667278959704,0.3642532755650676,0.1716731862130046,4.030618493570116,1.0025637895250883,9.009615384615383,1.7642857142857142,0.0034127808643369,0.1247706422018348,0.0171334769672719,0.0,0.0564125273697935,1.9008097165991904,0.1926746691289627,2.7577092511013217,0.001744126397866,45.34574688758241,0.0179824186832916,0.0142097304062157,-60.321005917159766,21000000.0,16864000000.0,-13278000000.0,28366000000.0,0.0,3801500000.0,1417000000.0,0.0,47.63193688792165,17.272850924918387,0.0,1.889488563351324,5.210489014883062,0.0284491308660019,5.556213017751479,2012-04-25,1.53,bmo,2983500000.0,2025-04-23,2012-03-31,-0.0196078431372549,61.06354838709677,4694439.967741936
2011-12-31,HES,USD,4447,2012-02-27,2012-02-27 16:51:55,2011,Q4,9733000000.0,7325000000.0,2408000000.0,0.2474057331,0,187000000.0,273000000.0,460000000.0,1144000000.0,1604000000.0,8929000000.0,0.0,93000000.0,674000000.0,569000000.0,0.0584609062,804000000.0,0.0826055687,-1002000000.0,-198000000.0,-0.0203431624,-64000000.0,-131000000.0,-0.013459365,-0.39,-0.38,337500000,340300000,https://www.sec.gov/Archives/edgar/data/4447/000119312512081827/0001193125-12-081827-index.htm,https://www.sec.gov/Archives/edgar/data/4447/000119312512081827/d270298d10k.htm,28.83851851851852,-0.3881481481481481,3.371851851851852,-2.894814814814815,1.04,55.087407407407404,48.257777777777775,54.86222222222222,18.22222222222222,19170000000.0,24876000000.0,-36.583969465648856,1.969587999589027,16.845342706502635,-19.62128966223132,1.0353208036292936,1.0353208036292936,2.5558409534573103,43.71880492091388,21.85940246045694,-25.461617195496416,-0.0068335941575378,-0.0509650495565988,0.3271224886584575,0.1547679885527391,10.028119507908611,1.029506172839506,8.64516129032258,-8.492537313432836,0.0017605633802816,-0.2576335877862595,0.0192129867461214,0.0,0.0588971790678659,1.858523725834798,0.2173019623959724,0.8790523690773068,0.0027740676050549,,0.0175026123301985,-0.0035567864027585,-57.72296296296296,239000000.0,16287000000.0,-12205000000.0,27256000000.0,0.0,3599000000.0,1469500000.0,0.0,45.60819112627986,17.4839590443686,0.0,1.9733297413793105,5.147575544624034,-0.0070749621948585,6.266666666666667,2012-01-25,1.27,bmo,10598529914.0,2025-04-23,2011-12-31,-0.078740157480315,58.397936507936514,3754343.476190476
2011-09-30,HES,USD,4447,2011-11-04,2011-11-04 12:48:23,2011,Q3,8762000000.0,6790000000.0,1972000000.0,0.2250627711,0,177000000.0,266000000.0,443000000.0,828000000.0,1271000000.0,8061000000.0,0.0,94000000.0,586000000.0,1251000000.0,0.142775622,604000000.0,0.0689340333,-391000000.0,213000000.0,0.0243095184,-54000000.0,298000000.0,0.0340104999,0.89,0.88,337400000,340200000,https://www.sec.gov/Archives/edgar/data/4447/000095012311095214/0000950123-11-095214-index.htm,https://www.sec.gov/Archives/edgar/data/4447/000095012311095214/y92517e10vq.htm,25.969176052163604,0.8832246591582691,3.029045643153527,-4.184943687018376,2.4510966212211027,56.058091286307054,48.995257854179016,56.058091286307054,16.852400711321874,17700004000.0,22465004000.0,14.848996644295305,2.020087194704405,17.318986301369865,-12.535413597733712,0.9358149518874908,0.9358149518874908,2.5639128052955944,17.957637090327736,21.981412915851276,-15.910059490084986,0.0168361543873097,-0.0797739932714139,0.295654012900497,0.1497629824044564,3.808952837729816,1.1321525885558583,6.425531914893617,3.827715355805243,0.0019209035206997,0.1140939597315436,0.0202008673818762,0.0,0.0638206700768633,2.3816046966731896,0.2777904587993609,0.0,0.0033097466331887,33.37690058725889,0.0246004081152607,0.0085250028607392,-49.91108476585655,873000000.0,16531000000.0,-10946000000.0,27423000000.0,0.0,3623500000.0,1474000000.0,0.0,46.20618556701031,20.094256259204712,0.0,1.9477911646586343,4.478891820580475,0.0157555250079306,7.213989330171903,2011-10-26,1.36,bmo,10609225225.0,2025-04-23,2011-09-30,-0.1838235294117647,62.5371875,4970228.515625
2011-06-30,HES,USD,4447,2011-08-05,2011-08-05 12:40:16,2011,Q2,9855000000.0,7440000000.0,2415000000.0,0.2450532725,0,174000000.0,247000000.0,421000000.0,887000000.0,1308000000.0,8748000000.0,0.0,97000000.0,588000000.0,1646000000.0,0.1670218163,1008000000.0,0.102283105,-47000000.0,961000000.0,0.0975139523,392000000.0,607000000.0,0.0615930999,1.8,1.78,337200000,340400000,https://www.sec.gov/Archives/edgar/data/4447/000095012311073432/0000950123-11-073432-index.htm,https://www.sec.gov/Archives/edgar/data/4447/000095012311073432/y91340e10vq.htm,29.225978647686837,1.8001186239620404,5.0088967971530245,0.9311981020166074,6.506524317912218,56.06168446026097,48.979833926453146,56.06168446026097,16.720047449584815,25209072000.0,28556072000.0,10.38264909390445,2.5579981735159816,14.92544227353464,80.28366878980891,1.3335311045281424,1.3335311045281424,2.897622729578894,17.348767922235723,16.907088217880403,90.94290445859872,0.024078633279321,0.0124558333603077,0.2931125687685146,0.1497931929388229,2.0334143377885785,1.307533843437316,10.391752577319588,2.968365553602812,0.0013487208097148,0.0560131795716639,0.0176560121765601,0.0,0.0645562434105593,0.8140911782119598,0.1395230847285641,36.18421052631579,0.0028411973617453,47.6513153173234,0.0197429144508817,0.0175418316330953,-45.00889679715303,2090000000.0,16516000000.0,-9201000000.0,27006000000.0,0.0,4032500000.0,1492000000.0,0.0,45.49596774193548,17.32258064516129,0.0,1.9781972879553311,5.195530726256983,0.032109606432501,4.077698695136418,2011-07-27,1.94,bmo,10740842696.0,2025-04-23,2011-06-30,-0.0824742268041236,77.34619047619049,3671528.952380952
2011-03-31,HES,USD,4447,2011-05-06,2011-05-06 12:31:06,2011,Q1,10563000000.0,7571000000.0,2992000000.0,0.2832528638,0,164000000.0,283000000.0,447000000.0,913000000.0,1360000000.0,8931000000.0,0.0,99000000.0,558000000.0,2142000000.0,0.2027833002,1284000000.0,0.121556376,201000000.0,1485000000.0,0.1405850611,511000000.0,929000000.0,0.0879484995,2.77,2.74,335800000,339200000,https://www.sec.gov/Archives/edgar/data/4447/000095012311046363/0000950123-11-046363-index.htm,https://www.sec.gov/Archives/edgar/data/4447/000095012311046363/y90538e10vq.htm,31.456223942823108,2.766527695056581,3.379988088147707,0.1578320428826682,5.8606313281715305,53.95175699821322,46.82251340083383,53.95175699821322,16.828469326980347,28613518000.0,32197518000.0,7.7000855758880515,2.708843889046672,25.210148017621144,539.8776981132074,1.5793739581608432,1.5793739581608432,3.048141437091735,15.03152100840336,28.367857268722464,607.5003396226415,0.0324671716354486,0.0018522713634863,0.3064525031738146,0.1515407920954226,1.673202614379085,1.2836348796082169,12.969696969696969,1.1652977412731007,0.0023764991078692,0.0731969860064585,0.0155258922654548,0.0,0.0653437781477741,0.9533039647577092,0.1024330209220865,1.939068100358423,0.0018934014957871,57.95108431670361,0.0287222692461258,0.0271296323336156,-46.980345443716494,2085000000.0,15723000000.0,-9084000000.0,26238000000.0,0.0,4289000000.0,1502000000.0,0.0,51.16365077268525,18.449346189406945,0.0,1.759061338289963,4.878221649484536,0.051277805376166,3.222156045265039,2011-04-27,1.86,bmo,10444615384.0,2025-04-23,2011-03-31,-0.021505376344086,81.72854838709678,3218833.9032258065
2010-12-31,HES,USD,4447,2011-02-25,2011-02-25 12:18:38,2010,Q4,9007000000.0,6753000000.0,2254000000.0,0.2502498057,0,197000000.0,291000000.0,488000000.0,992000000.0,1480000000.0,8233000000.0,0.0,100000000.0,633000000.0,1090000000.0,0.1210169868,674000000.0,0.0748306872,-417000000.0,357000000.0,0.0396358388,274000000.0,58000000.0,0.006439436,0.17,0.17,327500000,339747215,https://www.sec.gov/Archives/edgar/data/4447/000095012311018415/0000950123-11-018415-index.htm,https://www.sec.gov/Archives/edgar/data/4447/000095012311018415/y87868e10vk.htm,27.50229007633588,0.1770992366412213,4.512977099236641,-2.635114503816794,4.909923664122138,51.325190839694656,43.972519083969466,50.95877862595419,17.35267175572519,25066850000.000004,29041850000.000004,108.04676724137931,2.7830409681358947,16.959979702300405,-29.04617612977984,1.5019983222481876,1.5019983222481876,3.2243643832574667,26.64389908256881,19.649424898511505,-33.65220162224798,0.0023138128644005,-0.0344279396892708,0.3345317274851698,0.1577296869702791,3.646788990825688,1.1532904242742676,6.74,17.80722891566265,0.0013065064018813,0.5646551724137931,0.0218718774286665,0.0,0.0680302859080122,1.583897158322057,0.2599089596980126,1.0103582218385845,0.0031086932385922,14.24981115255824,0.0056308268393418,0.0017582151085243,-49.627480916030535,1167000000.0,14401000000.0,-9807000000.0,24702000000.0,1969500000.0,4172500000.0,1567000000.0,0.0,56.96135051088405,19.3513993780542,0.0,1.580018717828732,4.650826446280992,0.0034753430403259,7.148091603053435,2011-01-26,1.26,bmo,9489900000.0,2025-04-23,2010-12-31,-0.0476190476190476,68.98546875,2959895.515625
2010-09-30,HES,USD,4447,2010-11-05,2010-11-05 11:20:15,2010,Q3,8953000000.0,6030000000.0,2923000000.0,0.3264827432,0,151000000.0,232000000.0,383000000.0,848000000.0,1006000000.0,7036000000.0,0.0,94000000.0,584000000.0,1969000000.0,0.2199262817,828000000.0,0.0924829666,463000000.0,1291000000.0,0.1441974757,200000000.0,1154000000.0,0.1288953423,3.54,3.52,325200000,327600000,https://www.sec.gov/Archives/edgar/data/4447/000095012310101434/0000950123-10-101434-index.htm,https://www.sec.gov/Archives/edgar/data/4447/000095012310101434/y86480e10vq.htm,27.53075030750308,3.5485854858548587,3.8314883148831487,-0.6642066420664207,7.235547355473555,48.67158671586716,42.38314883148831,48.67158671586716,17.460024600246,19225824000.0,22456824000.0,4.165039861351819,2.147416955210544,15.430035313001603,-89.00844444444445,1.214671721000758,1.214671721000758,2.508301574891098,11.40519248349416,18.02313322632424,-103.96677777777778,0.0600234351463947,-0.0112348890741952,0.3527925195855446,0.166761236374496,1.6409344845099034,1.345972285670778,8.808510638297872,1.1420714940421632,0.0017164413863353,0.0285961871750433,0.0168658550206634,0.0,0.0610721218456025,1.173354735152488,0.1632972188093376,0.0,0.0033508321233106,62.33854296783554,0.0259533156464837,0.0367048346055979,-35.38976014760148,2272000000.0,13783000000.0,-8818000000.0,23401000000.0,3905000000.0,3963000000.0,1655000000.0,39.59678320116162,60.76119402985075,25.104477611940297,2.2729119065752728,1.481208548268239,3.5850178359096314,0.0729087692696487,4.49569495694957,2010-10-27,1.04,bmo,7173618320.0,2025-04-23,2010-09-30,0.2596153846153846,53.80328125,3435979.90625
2010-06-30,HES,USD,4447,2010-08-04,2010-08-04 14:39:46,2010,Q2,7750000000.0,5928000000.0,1822000000.0,0.2350967742,0,159000000.0,245000000.0,404000000.0,810000000.0,1042000000.0,6970000000.0,0.0,83000000.0,558000000.0,1338000000.0,0.1726451613,679000000.0,0.0876129032,-65000000.0,697000000.0,0.0899354839,301000000.0,375000000.0,0.0483870968,1.15,1.15,325300000,327500000,https://www.sec.gov/Archives/edgar/data/4447/000095012310072412/0000950123-10-072412-index.htm,https://www.sec.gov/Archives/edgar/data/4447/000095012310072412/y83146e10vq.htm,23.824162311712264,1.152782047340916,3.0156778358438365,0.245926836766062,4.189978481401783,44.666461727636026,40.922225637872735,44.666461727636026,13.553642791269596,16375602000.000002,19338602000.0,10.917068,2.112980903225807,16.692764525993883,204.695025,1.1270200963523744,1.1270200963523744,2.495303483870968,14.453364723467862,19.713151885830783,241.732525,0.0228999214807492,0.0048853165825598,0.2977288368891947,0.1466440677966101,2.2144992526158447,1.3105845181674565,8.180722891566266,2.477272727272727,0.0019541266330239,0.0853333333333333,0.020516129032258,0.0,0.0412881355932203,0.9184505606523956,0.116258064516129,1.674721189591078,0.0038709677419354,34.03734187553173,0.0166260101798789,0.0132593168799943,-30.401936673839533,1966000000.0,13312000000.0,-6674000000.0,19719000000.0,4187000000.0,4178000000.0,1516500000.0,44.95354838709678,58.52732793522267,24.7165991902834,2.002066649444588,1.537743190661479,3.6412776412776418,0.0258086717136958,2.7697509990777744,2010-07-28,1.13,bmo,7621113043.0,2025-04-23,2010-06-30,0.0176991150442478,57.8331746031746,4166703.349206349
2010-03-31,HES,USD,4447,2010-05-07,2010-05-07 16:12:07,2010,Q1,9220000000.0,7168000000.0,2052000000.0,0.2225596529,0,155000000.0,253000000.0,408000000.0,745000000.0,1002000000.0,8170000000.0,0.0,84000000.0,542000000.0,1592000000.0,0.1726681128,1005000000.0,0.1090021692,-39000000.0,966000000.0,0.1047722343,398000000.0,538000000.0,0.05835141,1.66,1.65,324800000,327000000,https://www.sec.gov/Archives/edgar/data/4447/000095012310046391/0000950123-10-046391-index.htm,https://www.sec.gov/Archives/edgar/data/4447/000095012310046391/y84184e10vq.htm,28.386699507389164,1.6564039408866995,2.540024630541872,0.1139162561576354,4.217980295566503,43.1865763546798,39.4365763546798,43.1865763546798,13.605295566502464,20316240000.0,23281240000.0,9.440631970260222,2.2034967462039043,24.62574545454545,549.0875675675676,1.4483667213231626,1.4483667213231626,2.5250802603036875,14.623894472361808,28.21968484848485,629.2227027027027,0.0264812780317617,0.0018212031360133,0.3090468382405361,0.1447460683161374,1.862437185929648,1.2254012561060712,11.964285714285714,1.4524647887323945,0.0032486326209967,0.1226765799256505,0.0168112798264642,0.0,0.0406691375338074,0.9551515151515152,0.085466377440347,1.4538745387453875,0.0026030368763557,40.118877645245256,0.0258998806547437,0.0187254185374682,-32.24214901477833,1615000000.0,12809000000.0,-7142000000.0,19369000000.0,2251500000.0,4362000000.0,1421500000.0,43.955531453362255,56.513671875,17.640904017857142,2.047523872973573,1.5925349922239502,5.101779359430605,0.0383546018393099,2.4261083743842367,2010-04-28,1.09,bmo,6807013422.0,2025-04-23,2010-03-31,0.3669724770642201,60.7327868852459,3428120.6393442624
2009-12-31,HES,USD,4447,2010-02-26,2010-02-26 17:15:36,2009,Q4,8678000000.0,6497000000.0,2181000000.0,0.2513251901,0,203000000.0,266000000.0,469000000.0,790000000.0,1259000000.0,7756000000.0,0.0,91000000.0,584000000.0,1386000000.0,0.1597142199,922000000.0,0.1062456787,-211000000.0,711000000.0,0.0819313206,341000000.0,358000000.0,0.0412537451,1.09,1.09,318200000,328338998,https://www.sec.gov/Archives/edgar/data/4447/000095012310018336/0000950123-10-018336-index.htm,https://www.sec.gov/Archives/edgar/data/4447/000095012310018336/y80747e10vk.htm,27.27215587680704,1.125078566939032,3.994343180389692,1.0873664362036457,4.280326838466373,42.51414204902577,38.66436203645506,42.06159648020113,14.324324324324325,19251100000.0,22356100000.0,13.44350558659218,2.218379811016363,15.146420141620773,55.639017341040464,1.438366706515242,1.438366706515242,2.5761811477298915,16.12994227994228,17.58937844217152,64.61300578034682,0.0185963399494054,0.0179729989455148,0.333756724447101,0.1516035974885457,2.24025974025974,1.165985401459854,10.131868131868131,3.435135135135136,0.0016528925619834,0.0888826815642458,0.0233924867480986,0.0,0.0415747497030375,0.7277734067663257,0.1065913805024199,0.4103815439219166,0.0147499423830375,32.630637682246295,0.0210782012139645,0.0126770538243626,-43.54494028912634,1137000000.0,12303000000.0,-7950000000.0,18989000000.0,1776000000.0,4235500000.0,1431000000.0,0.0,58.49930737263352,19.919963059873787,0.0,1.5384797537295762,4.51808066759388,0.0267483562462641,2.9069767441860463,2010-01-27,0.91,bmo,6378878048.0,2025-04-23,2009-12-31,0.3516483516483515,57.67828125,3943261.0625
2009-09-30,HES,USD,4447,2009-11-06,2009-11-06 15:40:57,2009,Q3,7384000000.0,5696000000.0,1688000000.0,0.2286023835,0,148000000.0,240000000.0,388000000.0,836000000.0,1057000000.0,6753000000.0,0.0,97000000.0,626000000.0,1257000000.0,0.1702329361,517000000.0,0.0700162514,17000000.0,534000000.0,0.0723185265,182000000.0,341000000.0,0.0461809317,1.05,1.05,326000000,326000000,https://www.sec.gov/Archives/edgar/data/4447/000095012309059277/0000950123-09-059277-index.htm,https://www.sec.gov/Archives/edgar/data/4447/000095012309059277/y79728e10vq.htm,22.650306748466257,1.0460122699386505,1.638036809815951,-0.2147239263803681,2.9355828220858897,39.89877300613497,36.14110429447853,39.89877300613497,13.730061349693251,17427960000.0,20849960000.0,12.777096774193549,2.3602329360780065,32.63662921348315,-248.9708571428571,1.339890828015684,1.339890828015684,2.823667388949079,16.587080350039777,39.04486891385768,-297.85657142857144,0.0195662601933903,-0.0040165343505493,0.3366648727608211,0.1539895206948693,2.722354813046937,1.0708101422387135,5.329896907216495,1.5170454545454546,0.0018935090509732,0.0967741935483871,0.0200433369447453,0.0,0.0430776804866898,1.1310861423220977,0.0817984832069339,1.2609603340292277,0.0,30.643574166504617,0.0154170553038062,0.012531236219315,-34.0398773006135,458000000.0,11782000000.0,-8504000000.0,18329000000.0,3824500000.0,4789500000.0,1391000000.0,43.29360780065005,67.12078651685394,22.5,2.078828828828829,1.3408662900188324,4.0,0.0262166525716921,1.852760736196319,2009-10-28,0.55,bmo,5524527027.0,2025-04-23,2009-09-30,0.3454545454545453,52.49171875,4746473.421875
2009-06-30,HES,USD,4447,2009-08-07,2009-08-07 16:09:43,2009,Q2,6755000000.0,5461000000.0,1294000000.0,0.1915618061,0,136000000.0,245000000.0,381000000.0,913000000.0,982000000.0,6443000000.0,0.0,95000000.0,558000000.0,870000000.0,0.1287934863,213000000.0,0.0315321984,-91000000.0,217000000.0,0.0321243523,115000000.0,100000000.0,0.014803849,0.31,0.31,323975000,325779000,https://www.sec.gov/Archives/edgar/data/4447/000095012309032096/0000950123-09-032096-index.htm,https://www.sec.gov/Archives/edgar/data/4447/000095012309032096/y78486e10vq.htm,20.85037425727294,0.308665792113589,1.901381279419708,-0.2129793965583764,3.281117370167451,38.20665174782005,34.425495794428585,38.20665174782005,13.605988116367003,17413656250.0,20663656250.0,43.534140625,2.577891376757957,28.26892248376624,-252.37182971014497,1.4068230933915011,1.4068230933915011,3.059016469282013,23.751329022988507,33.54489650974026,-299.47327898550725,0.0057426193881597,-0.0039624073778302,0.3484407820326385,0.149156176511274,3.735632183908046,0.9862078024431892,2.2421052631578946,6.03921568627451,0.0018950643980927,0.33,0.0201332346410066,0.0,0.0423640890856273,1.1120129870129871,0.1014063656550703,0.0,0.0,16.28939669169336,0.004670203175119,0.0036112816438554,-36.18566247395633,-105000000.0,11153000000.0,-9030000000.0,17541000000.0,3998000000.0,5210000000.0,1230000000.0,54.58623242042931,87.85753524995422,22.38051638893976,1.6487673907737368,1.0243856687300694,4.021354933726068,0.0080788495718209,2.1143606759780846,2009-07-29,0.00714,bmo,170750000.0,2025-04-23,2009-06-30,55.02240896358544,57.86809523809524,5657602.174603174
2009-03-31,HES,USD,4447,2009-05-08,2009-05-08 15:45:36,2009,Q1,6915000000.0,5591000000.0,1324000000.0,0.1914678236,0,160000000.0,257000000.0,417000000.0,727000000.0,1144000000.0,6735000000.0,0.0,77000000.0,486000000.0,623000000.0,0.0900939986,180000000.0,0.0260303688,-120000000.0,60000000.0,0.0086767896,77000000.0,-59000000.0,-0.0085321764,-0.18,-0.18,323000000,323400000,https://www.sec.gov/Archives/edgar/data/4447/000095012309008410/0000950123-09-008410-index.htm,https://www.sec.gov/Archives/edgar/data/4447/000095012309008410/y76932e10vq.htm,21.40866873065016,-0.1826625386996904,1.934984520123839,-0.2445820433436532,3.582043343653251,37.55727554179567,33.76470588235294,37.21362229102167,13.637770897832818,17506600000.0,20677600000.0,-74.18050847457627,2.5316847433116414,28.01056,-221.60253164556963,1.4564559068219636,1.4564559068219636,2.990253073029645,33.19036918138042,33.08416,-261.7417721518987,-0.0033701575405846,-0.0045125838255286,0.3600665557404326,0.1522174937572539,5.089887640449438,0.9587587318645888,2.3376623376623376,-36.76470588235294,0.0037128854260678,-1.1016949152542372,0.0231381055676066,0.0,0.0430837407238068,1.1264,0.1018076644974692,1.448559670781893,0.0,,-0.0024143154705548,-0.002168479858865,-36.12925696594427,-307000000.0,10906000000.0,-9165000000.0,17274000000.0,1949500000.0,5067000000.0,1205000000.0,50.74620390455532,81.91915578608477,17.73922375245931,1.7735316747884071,1.0986441344075455,5.073502722323049,-0.0049084858569051,2.179566563467492,2009-04-29,-0.27,bmo,20739000000.0,2025-04-23,2009-03-31,-0.6666666666666667,56.60639344262295,5243937.081967213
2008-12-31,HES,USD,4447,2009-02-27,2009-02-27 17:12:34,2008,Q4,7383000000.0,6122000000.0,1261000000.0,0.1707977787,0,672000000.0,1025000000.0,453000000.0,598000000.0,1051000000.0,7173000000.0,0.0,267000000.0,598000000.0,808000000.0,0.1094406068,210000000.0,0.0284437221,-199000000.0,11000000.0,0.0014899093,85000000.0,-74000000.0,-0.0100230259,-0.23,-0.23,322600000,323000000,https://www.sec.gov/Archives/edgar/data/4447/000095012309003700/0000950123-09-003700-index.htm,https://www.sec.gov/Archives/edgar/data/4447/000095012309003700/y74825e10vk.htm,22.88592684438933,-0.2293862368257904,1.534407935523869,-2.0489770613763176,2.814631122132672,38.14941103533788,34.3521388716677,38.14941103533788,13.087414755114692,17304264000.0,20351264000.0,-58.46035135135135,2.3437984559122307,34.95810909090909,-26.17891679273827,1.4060505403428945,1.4060505403428945,2.7565033184342407,25.18720792079208,41.11366464646465,-30.78859909228441,-0.0042764026253875,-0.0381986775051513,0.3213618266027464,0.1383399209486166,3.771039603960396,0.9485122897800776,0.7865168539325843,-6.6891891891891895,0.0018642803877703,-0.4359459459459459,0.0910199106054449,0.0,0.0428486480814299,2.3353535353535357,0.1565759176486523,1.9331103678929769,0.0,,-0.0672663209564457,-0.0027042829995614,-45.62926224426534,-398000000.0,11082000000.0,-8950000000.0,17098000000.0,2326000000.0,5576500000.0,1562500000.0,0.0,74.16693890885331,19.229010127409342,0.0,1.2134786917740337,4.680428134556575,-0.0060128382221499,3.583384996900186,2009-01-28,0.33,bmo,15899400000.0,2025-04-23,2008-12-31,-1.4545454545454544,52.69078125,5785488.484375
2008-09-30,HES,USD,4447,2008-11-06,2008-11-06 17:14:23,2008,Q3,11398000000.0,8887000000.0,2511000000.0,0.2203018073,0,170000000.0,266000000.0,436000000.0,497000000.0,933000000.0,9820000000.0,0.0,68000000.0,497000000.0,2065000000.0,0.1811721355,1578000000.0,0.1384453413,-78000000.0,1500000000.0,0.1316020354,725000000.0,775000000.0,0.067994385,2.4,2.37,322400000,327400000,https://www.sec.gov/Archives/edgar/data/4447/000095012308014597/0000950123-08-014597-index.htm,https://www.sec.gov/Archives/edgar/data/4447/000095012308014597/y72373e10vq.htm,35.353598014888334,2.4038461538461537,3.737593052109182,-0.2233250620347394,4.280397022332506,37.93734491315136,34.13771712158809,37.93734491315136,12.40694789081886,26462592000.0,29014592000.0,8.53632,2.321687313563783,21.960657261410788,-367.536,2.1635673289183224,2.1635673289183224,2.5455862432005616,14.050649878934625,24.07849958506224,-402.98044444444446,0.0292866246813615,-0.0027208219058813,0.3214782111029352,0.1329366420988572,1.2358353510895883,0.9321917808219178,23.205882352941178,1.5548387096774194,0.0012470433735289,0.0425806451612903,0.0149148973504123,0.0,0.0414159172357833,1.0597510373443984,0.1120371995086857,2.569416498993964,0.0,45.297899120972616,0.0390899937670805,0.0273339681867879,-35.8855459057072,-594000000.0,11006000000.0,-9181000000.0,17287000000.0,5459000000.0,6956000000.0,1645000000.0,36.73276013335673,61.8566445369641,18.401035219984244,2.4501289767841787,1.4549770792403405,4.891029168959824,0.0633635843348867,3.960918114143921,2008-10-29,2.42,bmo,11575156118.0,2025-04-23,2008-09-30,-0.0206611570247933,98.39265625,4984935.640625
2008-06-30,HES,USD,4447,2008-08-08,2008-08-08 12:28:50,2008,Q2,11717000000.0,9053000000.0,2664000000.0,0.2273619527,0,156000000.0,267000000.0,423000000.0,482000000.0,905000000.0,9958000000.0,0.0,65000000.0,482000000.0,2259000000.0,0.192796791,1759000000.0,0.1501237518,-36000000.0,1712000000.0,0.1461124861,812000000.0,900000000.0,0.0768114705,2.81,2.76,321000000,326200000,https://www.sec.gov/Archives/edgar/data/4447/000095012308009133/0000950123-08-009133-index.htm,https://www.sec.gov/Archives/edgar/data/4447/000095012308009133/y64309e10vq.htm,36.50155763239876,2.803738317757009,5.26791277258567,1.6666666666666667,4.607476635514018,34.585669781931465,30.769470404984425,34.585669781931465,12.49221183800623,40506990000.0,42972990000.0,11.251941666666667,3.457112742169498,23.954458900059137,75.714,3.64862096919474,3.64862096919474,3.6675761713749258,19.023014608233733,25.412767593140156,80.32334579439252,0.0222183874931215,0.0132075970098,0.3553413799315438,0.1283385926672956,1.091633466135458,0.8625077867758298,27.06153846153846,1.8788888888888888,0.0008146742080811,0.0366666666666666,0.0133139882222411,0.0,0.0398516542503009,0.6836191602602011,0.0986600665699411,2.3983402489626555,0.0,46.70980915493092,0.0472513001494754,0.0304940028461069,-39.63239875389408,-1545000000.0,9877000000.0,-9945000000.0,15434000000.0,5558000000.0,6595500000.0,1325000000.0,48.13006742340189,77.58312161714349,14.643764497956475,1.8699329715927224,1.1600461301896463,6.145960624575696,0.0810664745090974,3.601246105919003,2008-07-30,2.76,bmo,11748000000.0,2025-04-23,2008-06-30,0.0,115.54328125,4290013.984375
2008-03-31,HES,USD,4447,2008-05-09,2008-05-09 14:12:54,2008,Q1,10667000000.0,8339000000.0,2328000000.0,0.2182431799,0,152000000.0,233000000.0,385000000.0,1095000000.0,385000000.0,8724000000.0,0.0,67000000.0,452000000.0,1989000000.0,0.186462923,1943000000.0,0.1821505578,-14000000.0,1477000000.0,0.138464423,718000000.0,759000000.0,0.0711540264,2.39,2.34,317500000,323800000,https://www.sec.gov/Archives/edgar/data/4447/000095012308005424/0000950123-08-005424-index.htm,https://www.sec.gov/Archives/edgar/data/4447/000095012308005424/y57542e10vq.htm,33.596850393700784,2.3905511811023623,3.703937007874016,1.0299212598425196,2.840944881889764,33.874015748031496,30.015748031496063,33.874015748031496,12.683464566929134,27997150000.000004,31055150000.000004,9.221722661396576,2.624650792162745,23.807100340136056,85.61819571865445,2.603175267317527,2.603175267317527,2.9113293334583297,15.613448969331325,26.40744047619048,94.969877675841,0.0271099022579083,0.0116797602613123,0.3682008368200837,0.1465960833672676,1.5374560080442434,0.9179461364208408,29.0,1.549407114624506,0.0022859469624586,0.0843214756258234,0.0142495547014155,0.0,0.0453485358901269,0.7219387755102041,0.0795912627730383,1.8783185840707963,0.0,42.6848367455069,0.0521910950926065,0.0294322940902745,-35.05511811023622,-652000000.0,9530000000.0,-8964000000.0,15705000000.0,2425000000.0,5564000000.0,1213500000.0,40.92059623136777,58.140064755965945,12.702961985849624,2.199381443298969,1.547985891962131,7.084961767204758,0.0705718270571827,2.674015748031496,2008-04-30,2.02,bmo,9245384615.0,2025-04-23,2008-03-31,0.1584158415841583,91.89295081967214,4142176.721311476
2007-12-31,HES,USD,4447,2008-02-27,2008-02-27 17:09:42,2007,Q4,9456000000.0,6685000000.0,2771000000.0,0.2930414552,0,614000000.0,944000000.0,451000000.0,1206000000.0,1657000000.0,8342000000.0,0.0,256000000.0,530000000.0,1921000000.0,0.2031514382,1114000000.0,0.1178087986,-27000000.0,1087000000.0,0.1149534687,577000000.0,510000000.0,0.0539340102,1.58,1.58,323800000,323800000,https://www.sec.gov/Archives/edgar/data/4447/000095012308002199/0000950123-08-002199-index.htm,https://www.sec.gov/Archives/edgar/data/4447/000095012308002199/y50075e10vk.htm,29.203211859172328,1.5750463248919089,2.489190858554663,0.003088326127239,1.8746139592340951,30.185299567634345,26.40210006176652,30.185299567634345,13.082149474984558,32658468000.0,36031468000.0,16.00905294117647,3.453729695431472,40.51919106699752,32658.468,3.341361571516268,3.341361571516268,3.810434433164128,18.756620510150963,44.70405459057072,36031.468,0.0156161642364853,3.06199298754614e-05,0.4072027828933906,0.1523095174314033,1.7558563248308172,0.863160518444666,4.3515625,1.580392156862745,0.0009914733293674,0.0634901960784313,0.0649323181049069,0.0,0.0468791856415751,0.9987593052109182,0.0851311336717428,1.518867924528302,0.0,32.706620367590496,0.0287670148761224,0.0204769934955432,-46.71093267449043,-1098000000.0,8549000000.0,-9431000000.0,14761000000.0,1538000000.0,5090500000.0,1295500000.0,0.0,77.29094988780852,16.828721017202692,0.0,1.1644312837484758,5.348,0.0521792510742787,2.486102532427424,2008-01-30,1.64,bmo,8833636363.0,2025-04-23,2007-12-31,0.0731707317073171,74.48078125,4186338.59375
2007-09-30,HES,USD,4447,2007-11-07,2007-11-07 17:19:45,2007,Q3,7451000000.0,5892000000.0,1559000000.0,0.2092336599,0,133000000.0,238000000.0,371000000.0,365000000.0,736000000.0,6628000000.0,0.0,59000000.0,365000000.0,1188000000.0,0.1594416857,823000000.0,0.1104549725,-6000000.0,817000000.0,0.1096497114,422000000.0,395000000.0,0.0530130184,1.26,1.23,319900000,319900000,https://www.sec.gov/Archives/edgar/data/4447/000095012307015071/0000950123-07-015071-index.htm,https://www.sec.gov/Archives/edgar/data/4447/000095012307015071/y41998e10vq.htm,23.29165364176305,1.2347608627696156,2.6977180368865272,0.4001250390747108,1.7661769302907158,29.724914035636136,25.89559237261644,29.724914035636136,12.641450453266646,21471688000.0,24891688000.0,13.589675949367088,2.8817189638974634,24.880287369640783,167.7475625,2.25803848985172,2.25803848985172,3.340717756005905,20.952599326599326,28.84320741599073,194.4663125,0.018396317979285,0.0059613384844265,0.419076664212851,0.1664856283422459,2.878787878787879,0.8230240549828178,13.94915254237288,2.1848101265822786,0.0014903346211066,0.0810126582278481,0.0178499530264394,0.0,0.0511781417112299,0.8516801853997682,0.0986444772513756,2.0136986301369864,0.0,28.737103390197166,0.0226337233670731,0.0173924529963453,-34.02469521725539,-1133000000.0,8284000000.0,-9158000000.0,14365000000.0,3171000000.0,4347500000.0,1160500000.0,37.15474432962018,67.82077393075356,20.4837067209776,2.422301690507152,1.327027027027027,4.393736017897092,0.0415395940687769,2.297592997811816,2007-10-31,1.36,bmo,7596716417.0,2025-04-23,2007-09-30,-0.0147058823529411,61.94222222222223,2985857.3492063493
2007-06-30,HES,USD,4447,2007-08-03,2007-08-03 16:57:46,2007,Q2,7421000000.0,5694000000.0,1727000000.0,0.2327179625,0,142000000.0,241000000.0,383000000.0,354000000.0,737000000.0,6431000000.0,0.0,62000000.0,354000000.0,1344000000.0,0.1811076674,990000000.0,0.1334052015,0.0,1053000000.0,0.1418946234,496000000.0,557000000.0,0.0750572699,1.78,1.75,318600000,318600000,https://www.sec.gov/Archives/edgar/data/4447/000095012307010816/0000950123-07-010816-index.htm,https://www.sec.gov/Archives/edgar/data/4447/000095012307010816/y37893e10vq.htm,23.292529817953547,1.7482736974262398,3.763339610797238,0.8380414312617702,1.5128688010043942,28.52165725047081,24.676710608914,28.52165725047081,12.721280602636536,18784656000.0,22293656000.0,8.431174147217234,2.531283654494004,15.666935779816514,70.35451685393258,2.0672010564542758,2.0672010564542758,3.004130979652338,16.587541666666667,18.59354128440367,83.49683895131086,0.0296518605397937,0.0142137284813733,0.4391988555078683,0.1717519473253862,2.610863095238096,0.806207783853329,15.96774193548387,2.1526032315978454,0.0017035180202394,0.0574506283662477,0.0191348874814715,0.0,0.0527176485776993,0.7773144286905754,0.1255895431882495,2.632768361581921,0.0,33.495259687082616,0.0307158902970974,0.0253043794294021,-33.673885750156934,-1205000000.0,7862000000.0,-9137000000.0,13774000000.0,3361500000.0,4262500000.0,1009500000.0,39.609217086646005,67.2550052687039,15.489989462592202,2.272198407838334,1.3381903642773207,5.810204081632653,0.0612963574336964,2.925298179535468,2007-07-25,1.46,bmo,6393082352.0,2025-04-23,2007-06-30,0.1643835616438356,58.26396825396826,2912673.619047619
2007-03-31,HES,USD,4447,2007-05-04,2007-05-04 16:42:27,2007,Q1,7319000000.0,5883000000.0,1436000000.0,0.1962016669,0,131000000.0,222000000.0,353000000.0,327000000.0,680000000.0,6563000000.0,0.0,64000000.0,327000000.0,1410000000.0,0.192649269,756000000.0,0.1032927996,-9000000.0,747000000.0,0.1020631234,377000000.0,370000000.0,0.0505533543,1.19,1.17,317300000,317300000,https://www.sec.gov/Archives/edgar/data/4447/000095012307006796/0000950123-07-006796-index.htm,https://www.sec.gov/Archives/edgar/data/4447/000095012307006796/y34435e10vq.htm,23.0664985817838,1.1660888748818152,2.0138670028364323,-1.471793255594075,0.7847462968799244,27.14465805231642,23.28395839899149,27.14465805231642,13.252442483454145,17600631000.0,21492631000.0,11.892318243243244,2.404786309605137,27.54402347417841,-37.68871734475375,2.043495994427029,2.043495994427029,2.9365529443913103,15.243000709219858,33.63479029733959,-46.02276445396146,0.0210219735871969,-0.0265331396357323,0.4807848600952049,0.1822061864742377,2.7602836879432626,0.8451091350040421,11.8125,1.727027027027027,0.0035794171243065,0.1702702702702702,0.0178986200300587,0.0,0.0539006468077616,1.730829420970266,0.1511135401011067,3.382262996941896,0.0,26.68697031818596,0.0225958141036266,0.0172077016091526,-33.88827607942011,-958000000.0,7388000000.0,-8887000000.0,13410000000.0,1728500000.0,4536500000.0,1022000000.0,42.50990572482579,65.32381438041816,15.894951555328914,2.117153601388487,1.377751756440281,5.662175168431184,0.0429583188203877,3.4856602584305074,2007-04-25,1.17,bmo,7318000000.0,2025-04-23,2007-03-31,0.0,52.48934426229508,3466505.770491803
2006-12-31,HES,USD,4447,2007-03-01,2007-03-01 13:11:11,2006,Q4,7155000000.0,4909000000.0,2246000000.0,0.3139063592,0,231000000.0,484000000.0,371000000.0,1035000000.0,1406000000.0,6315000000.0,0.0,100000000.0,353000000.0,1846000000.0,0.2580013976,840000000.0,0.1174004193,3000000.0,843000000.0,0.1178197065,484000000.0,359000000.0,0.050174703,1.13,1.13,315017951,317300000,https://www.sec.gov/Archives/edgar/data/4447/000095012307003008/0000950123-07-003008-index.htm,https://www.sec.gov/Archives/edgar/data/4447/000095012307003008/y30212e10vk.htm,22.712991362197005,1.139617595950905,2.4728749505452785,-0.5777448536575619,1.215803730499155,25.74773905503563,21.770187947162416,25.74773905503563,12.291363040450989,15615439831.07,19004439831.07,10.874261720800837,2.182451408954577,20.045494006508346,-85.79911995093407,1.9252175848933544,1.9252175848933544,2.656106195816911,10.294929485953412,24.39594330047497,-104.41999907181318,0.0229900664908393,-0.011655131201484,0.4650474664036493,0.1683627923585074,1.8358613217768147,0.8677845377652471,8.4,2.16991643454039,0.0008325093715345,0.0362116991643454,0.0322851153039832,0.0,0.0559275129441171,1.233632862644416,0.1343116701607267,0.7851307189542484,0.0,25.694512466071348,0.0227964835539654,0.0169731927568436,-42.56106662315253,-891000000.0,6858000000.0,-8445000000.0,12670000000.0,1614500000.0,4714500000.0,1119500000.0,0.0,88.0566306783459,18.42534121002241,0.0,1.022069539870914,4.884577114427861,0.0442608802860313,3.0506198042028405,2007-01-31,1.11,bmo,7026081081.0,2025-04-23,2006-12-31,0.0180180180180178,45.72301587301588,3685606.714285714
2006-09-30,HES,USD,4447,2006-11-02,2006-11-02 17:15:03,2006,Q3,7035000000.0,5477000000.0,1558000000.0,0.221464108,0,115000000.0,230000000.0,345000000.0,323000000.0,668000000.0,6145000000.0,0.0,49000000.0,323000000.0,1215000000.0,0.1727078891,890000000.0,0.1265103056,44000000.0,936000000.0,0.1330490405,639000000.0,297000000.0,0.042217484,1.03,0.94,316000000,316000000,https://www.sec.gov/Archives/edgar/data/4447/000095012306013416/0000950123-06-013416-index.htm,https://www.sec.gov/Archives/edgar/data/4447/000095012306013416/y26511e10vq.htm,22.2626582278481,0.939873417721519,2.6202531645569622,0.1265822784810126,1.7278481012658229,24.46202531645569,20.50949367088608,24.46202531645569,12.10126582278481,13088720000.0,16317720000.0,11.017441077441076,1.8605145700071075,15.807632850241545,327.218,1.6932367399741268,1.6932367399741268,2.319505330490405,13.430222222222222,19.707391304347823,407.943,0.0226912944886894,0.0030560665978032,0.4883570504527814,0.1745503306052619,2.65761316872428,0.8227649913887585,18.163265306122447,2.787878787878788,0.0030560665978032,0.1346801346801346,0.0163468372423596,0.0,0.0577518842188005,0.9516908212560388,0.1120113717128642,0.0,0.0,22.74427763455612,0.0184952417416887,0.0145745411718519,-32.63370253164557,-1132000000.0,6481000000.0,-8642000000.0,12059000000.0,3137500000.0,4745000000.0,1191000000.0,41.3091684434968,76.01606719006756,20.277524192075955,2.178693093837101,1.183960224816256,4.438411669367909,0.0384217335058214,2.4936708860759493,2006-10-25,1.39,bmo,8042299212.0,2025-04-23,2006-09-30,-0.0863309352517984,48.69492063492064,3280711.301587302
2006-06-30,HES,USD,4447,2006-08-08,2006-08-08 15:38:16,2006,Q2,6718000000.0,5027000000.0,1691000000.0,0.251711819,0,134000000.0,225000000.0,359000000.0,393000000.0,752000000.0,5779000000.0,0.0,44000000.0,282000000.0,1425000000.0,0.2121167014,939000000.0,0.1397737422,-44000000.0,1097000000.0,0.1632926466,532000000.0,565000000.0,0.0841024114,2.01,1.79,315500000,315500000,https://www.sec.gov/Archives/edgar/data/4447/000095012306010116/0000950123-06-010116-index.htm,https://www.sec.gov/Archives/edgar/data/4447/000095012306010116/y23908e10vq.htm,21.293185419968303,1.79080824088748,2.1743264659271,-0.2313787638668779,1.5404120443740097,22.687797147385105,18.72900158478605,22.687797147385105,12.101426307448495,16674175000.0,19962175000.0,7.377953539823009,2.4820147365287286,24.30637755102041,-228.4133561643836,2.329446074322436,2.329446074322436,2.971446114915153,14.008543859649125,29.099380466472304,-273.4544520547945,0.0338847349269154,-0.0043780276985218,0.5272422464375524,0.1776501600451892,2.307368421052632,0.7330788430480105,21.34090909090909,1.2141592920353983,0.0023389463046897,0.0690265486725663,0.0199464126228044,0.0,0.0587930709847486,1.1064139941690962,0.1129800535873772,0.0,0.0,30.235138783048708,0.0332890637862974,0.0282570642660665,-34.0459587955626,-1818000000.0,5909000000.0,-9093000000.0,11113000000.0,3074000000.0,4680500000.0,908000000.0,40.806787734444775,87.08175850407798,20.55301372588025,2.205515430072226,1.0335115131578947,4.378919860627177,0.0789326627549594,2.405705229793978,2006-07-26,1.8,bmo,7175502958.0,2025-04-23,2006-06-30,-0.0611111111111111,47.97793650793651,4238195.984126984
2006-03-31,HES,USD,4447,2006-05-05,2006-05-05 14:24:35,2006,Q1,7159000000.0,5494000000.0,1665000000.0,0.2325743819,0,106000000.0,231000000.0,337000000.0,409000000.0,746000000.0,6240000000.0,0.0,57000000.0,266000000.0,1187000000.0,0.1658052801,919000000.0,0.1283698841,252000000.0,1164000000.0,0.1625925409,469000000.0,695000000.0,0.0970805978,2.5,2.22,314800000,314800000,https://www.sec.gov/Archives/edgar/data/4447/000095012306005820/0000950123-06-005820-index.htm,https://www.sec.gov/Archives/edgar/data/4447/000095012306005820/y20735e10vq.htm,22.74142312579416,2.207750952986023,3.805590851334181,-0.4383735705209657,1.6010165184243963,21.470775095298603,17.512706480304956,21.470775095298603,12.172808132147397,14943556000.0,18214556000.0,5.375379856115107,2.0873803603855285,12.473752921535892,-108.28663768115942,2.2109122651279773,2.2109122651279773,2.54428774968571,15.34503454085931,15.204136894824709,-131.98953623188405,0.0465083411204133,-0.0092347497476504,0.5585145731617103,0.1898415891375408,2.755686604886268,0.7423800259403373,16.12280701754386,1.7237410071942445,0.0046173748738252,0.0992805755395683,0.0148065372258695,0.0,0.0626602967060598,1.115191986644407,0.1866182427713368,0.0,0.0,32.658043327867425,0.0396929713352742,0.0372874081227533,-31.643900889453622,-1589000000.0,5513000000.0,-8547000000.0,10627000000.0,1551000000.0,4746000000.0,761500000.0,38.99706662941752,73.66763742264288,10.942846741900254,2.307865892972276,1.221703357794085,8.224550898203592,0.1028258618138777,4.243964421855146,2006-04-26,1.6,bmo,7085432098.0,2025-04-23,2006-03-31,0.0125,47.35612903225806,4703756.177419355
2005-12-31,HES,USD,4447,2006-03-09,2006-03-09 14:14:15,2005,Q4,7059000000.0,5652000000.0,1407000000.0,0.199320017,0,103000000.0,238000000.0,341000000.0,381000000.0,722000000.0,6374000000.0,0.0,55000000.0,258000000.0,1031000000.0,0.146054682,685000000.0,0.0970392407,33000000.0,718000000.0,0.1017141238,266000000.0,452000000.0,0.0640317325,1.64,1.64,274050000,275031000,https://www.sec.gov/Archives/edgar/data/4447/000095012306002849/0000950123-06-002849-index.htm,https://www.sec.gov/Archives/edgar/data/4447/000095012306002849/y17683e10vk.htm,25.75807334428024,1.649334063127167,1.0545520890348477,-1.590950556467798,1.1494252873563218,22.93742017879949,19.372377303411785,22.93742017879949,14.012041598248494,11584093500.0,15054093500.0,6.407131360619469,1.6410388865278367,40.08336851211073,-26.569021788990824,1.8428402004454345,1.8428402004454345,2.1326099305850685,14.601448593598448,52.09028892733564,-34.5277373853211,0.0390190220754002,-0.037637817754147,0.6021317212853962,0.1980120324352602,3.365664403491756,0.8205366837288661,12.454545454545457,0.6393805309734514,0.0010359032409398,0.0265486725663716,0.0145913018841195,0.0,0.0511116923881768,2.508650519031142,0.1027057656891911,0.940337224383917,0.0,29.175469824425697,0.0339708229668305,0.024920057338185,-44.10326582740376,-1157000000.0,5309000000.0,-7539000000.0,9332000000.0,1541000000.0,5377500000.0,886500000.0,0.0,79.53821656050955,13.614649681528665,0.0,1.1315315315315315,6.610526315789474,0.0719058224626153,2.6455026455026456,2006-01-25,1.09,bmo,5116155963.0,2025-04-23,2005-12-31,0.2752293577981649,41.64031746031746,5662726.936507937
2005-09-30,HES,USD,4447,2005-11-07,2005-11-07 13:08:10,2005,Q3,5769000000.0,4680000000.0,1089000000.0,0.1887675507,0,83000000.0,202000000.0,285000000.0,373000000.0,658000000.0,5338000000.0,0.0,54000000.0,252000000.0,869000000.0,0.150632692,431000000.0,0.0747096551,133000000.0,564000000.0,0.0977639106,292000000.0,272000000.0,0.0471485526,0.95,0.87,273576000,313233000,https://www.sec.gov/Archives/edgar/data/4447/000095012305013153/0000950123-05-013153-index.htm,https://www.sec.gov/Archives/edgar/data/4447/000095012305013153/y14371e10vq.htm,21.087376085621543,0.9942392607538671,1.769161037517911,-0.6323654121706582,2.77436617247127,20.1918296926631,16.620609995028804,20.1918296926631,14.039974266748546,12537988080.0,15565988080.0,11.523886102941177,2.173338200728029,25.90493404958677,-72.47391953757226,2.269729920347574,2.269729920347574,2.6982125290344947,17.912529436133486,32.161132396694214,-89.97680971098266,0.0216940707124998,-0.0137980670340532,0.6855539464156408,0.2008485812781755,3.484464902186421,0.7619246861924687,7.981481481481482,1.7794117647058822,0.003190304516544,0.1470588235294117,0.0143872421563529,0.0,0.0518164942985945,1.3574380165289257,0.1138845553822152,0.0,0.0,21.253210842253463,0.0176705054857067,0.0152142297796174,-35.827338655437615,-1707000000.0,4547000000.0,-7868000000.0,8413000000.0,2749500000.0,5272000000.0,802500000.0,48.0811232449298,110.76923076923076,17.653846153846153,1.871836469824789,0.8125,5.098039215686274,0.0492396813902968,2.401526449688569,2005-10-26,1.1,bmo,6322277227.0,2025-04-23,2005-09-30,-0.0818181818181818,41.59421875,4586880.234375
2005-06-30,HES,USD,4447,2005-08-05,2005-08-05 12:00:38,2005,Q2,4963000000.0,3863000000.0,1100000000.0,0.221640137,0,86000000.0,205000000.0,291000000.0,386000000.0,677000000.0,4540000000.0,0.0,54000000.0,261000000.0,803000000.0,0.1617973,369000000.0,0.0743501914,65000000.0,488000000.0,0.0983276244,189000000.0,299000000.0,0.0602458191,1.06,0.96,272134000,311173000,https://www.sec.gov/Archives/edgar/data/4447/000095012305009475/0000950123-05-009475-index.htm,https://www.sec.gov/Archives/edgar/data/4447/000095012305009475/y11587e10vq.htm,18.23733895801333,1.0987234230195415,2.226844128260342,0.4189112716529357,3.365988814334115,19.35443568242116,15.764292591149948,19.35443568242116,14.110695466204149,9660757000.0,12530757000.0,8.07755602006689,1.9465559137618376,15.941843234323434,84.74348245614036,1.83420486045187,1.83420486045187,2.5248351803344757,15.604927770859277,20.677816831683167,109.91892105263156,0.0309499555780152,0.0118003175113503,0.7188152648566546,0.216850907841228,3.574097135740971,0.7357037522529903,6.833333333333333,2.0267558528428093,0.0041404622846843,0.1337792642140468,0.0173282288938142,0.0,0.0559596769574431,0.8118811881188119,0.0991335885553093,0.0,0.0,21.8738740517319,0.0198653997675158,0.0181410023055454,-33.51198306716544,-1613000000.0,4290000000.0,-7702000000.0,8144000000.0,2482500000.0,4573000000.0,632500000.0,43.83034454966754,111.4574165156614,16.005695055656226,2.053371948696732,0.8074832775919732,5.622998544395925,0.056768558951965,1.8079328566074069,2005-07-27,0.98,bmo,5131073684.0,2025-04-23,2005-06-30,-0.0306122448979592,32.5659375,4546198.078125
2005-03-31,HES,USD,4447,2005-05-06,2005-05-06 12:25:11,2005,Q1,5070000000.0,4017000000.0,1053000000.0,0.2076923077,0,29000000.0,253000000.0,282000000.0,254000000.0,536000000.0,4553000000.0,0.0,61000000.0,254000000.0,771000000.0,0.1520710059,517000000.0,0.1019723866,-61000000.0,456000000.0,0.0899408284,237000000.0,219000000.0,0.0431952663,0.76,0.71,271179000,309726000,https://www.sec.gov/Archives/edgar/data/4447/000095012305005767/0000950123-05-005767-index.htm,https://www.sec.gov/Archives/edgar/data/4447/000095012305005767/y08656e10vq.htm,18.696137975285698,0.8075846581040568,1.6999841433149323,-0.022125607071344,3.112335394702392,18.53388352342917,14.931097171978656,18.53388352342917,14.333705781052368,8696710530.0,11688710530.0,9.927751746575344,1.7153275207100591,18.864881843817788,-1449.451755,1.7303443155590927,1.7303443155590927,2.305465587771203,15.160454643320364,25.35512045553145,-1948.1184216666663,0.0251819350827582,-0.0006899160296646,0.761241543971349,0.2261764010404351,3.880674448767834,0.7593803786574871,8.475409836065573,2.105022831050228,0.0077040623312548,0.3059360730593607,0.0057199211045364,0.0,0.0577559706786474,1.0130151843817787,0.0921104536489152,1.8385826771653544,0.0,18.351370514043403,0.0222567275575097,0.0137398833051006,-32.6205200255182,-1398000000.0,4049000000.0,-7478000000.0,8157000000.0,1274000000.0,3821000000.0,587000000.0,45.230769230769226,97.72964899178491,12.949962658700525,1.989795918367347,0.920907840440165,6.949826989619377,0.0435734182252288,1.722109750386276,2005-04-27,0.7,bmo,4547272727.0,2025-04-23,2005-03-31,0.1,30.54377049180328,4440975.852459016
2004-12-31,HES,USD,4447,2005-03-14,2005-03-14 17:04:15,2004,Q4,4304000000.0,3209000000.0,1095000000.0,0.2544144981,0,342000000.0,737000000.0,289000000.0,757000000.0,1046000000.0,4255000000.0,0.0,241000000.0,275000000.0,717000000.0,0.1665892193,49000000.0,0.0113847584,331000000.0,380000000.0,0.0882899628,151000000.0,229000000.0,0.0532063197,0.74,0.74,309600000,309600000,https://www.sec.gov/Archives/edgar/data/4447/000095012305003078/0000950123-05-003078-index.htm,https://www.sec.gov/Archives/edgar/data/4447/000095012305003078/y05893e10vk.htm,13.901808785529717,0.7396640826873385,0.8204134366925064,-0.5652454780361758,2.832687338501292,18.078165374677003,14.92248062015504,18.078165374677003,13.165374677002584,8501616000.0,11459616000.0,9.281240174672488,1.9752825278810409,33.47092913385827,-48.580662857142855,1.5189594425585136,1.5189594425585136,2.662550185873606,15.982728033472805,45.11659842519685,-65.48352,0.0269360554511048,-0.0205843218512809,0.6851884938359836,0.2351029916625797,4.125523012552302,0.9229295294869064,0.2033195020746888,1.1091703056768558,0.0014114963555164,0.0524017467248908,0.0794609665427509,0.0,0.0598945561549779,1.688976377952756,0.099674721189591,1.56,0.0,17.345455202788298,0.0025314142621878,0.0149331594391913,-30.813953488372093,-362000000.0,4620000000.0,-6380000000.0,9120000000.0,1032500000.0,3224000000.0,562500000.0,0.0,91.99127454035526,16.71548769086943,0.0,0.9783536585365854,5.384228187919463,0.0409147757727354,1.3856589147286822,2005-01-26,0.61,bmo,4304000000.0,2025-04-23,2004-12-31,0.0,28.0990625,3693177.109375
2004-09-30,HES,USD,4447,2004-11-05,2004-11-05 12:56:55,2004,Q3,3930000000.0,3060000000.0,870000000.0,0.2213740458,0,81000000.0,186000000.0,267000000.0,230000000.0,497000000.0,3557000000.0,0.0,62000000.0,230000000.0,603000000.0,0.1534351145,373000000.0,0.0949109415,-62000000.0,311000000.0,0.0791348601,133000000.0,178000000.0,0.0452926209,0.62,0.58,269439000,307203000,https://www.sec.gov/Archives/edgar/data/4447/000095012304013054/0000950123-04-013054-index.htm,https://www.sec.gov/Archives/edgar/data/4447/000095012304013054/y68361e10vq.htm,14.585861734938147,0.660631905551906,3.032226218179254,3.032226218179254,3.919254450914678,19.52575536577853,15.8997027156425,19.52575536577853,14.467096448546796,7994255130.0,10893255130.0,11.227886418539327,2.034161610687023,9.78489,9.78489,1.5195314826078692,1.5195314826078692,2.771820643765903,18.065099718076286,13.333237613219094,13.333237613219094,0.0222659894018168,0.1021983895577773,0.729138946968257,0.2437877343501747,4.807628524046435,0.8927320490367776,6.016129032258065,4.564245810055866,0.0033704044489383,0.1513700733488764,0.0206106870229007,0.0,0.0620908802033682,0.0,0.0,0.0,0.0,17.036287210812073,0.0190323197420543,0.0120612549125897,-28.224384740145265,-490000000.0,4284000000.0,-6396000000.0,8761000000.0,2006500000.0,2559500000.0,496000000.0,47.29007633587786,93.17647058823528,15.558823529411764,1.903147699757869,0.9659090909090908,5.784499054820416,0.0338338718874738,0.0,2004-10-27,0.7,bmo,4652586206.0,2025-04-23,2004-09-30,-0.1714285714285714,27.18234375,2965185.5
2004-06-30,HES,USD,4447,2004-08-06,2004-08-06 12:03:47,2004,Q2,3936000000.0,2862000000.0,1074000000.0,0.2728658537,0,96000000.0,174000000.0,333000000.0,239000000.0,572000000.0,3434000000.0,0.0,60000000.0,239000000.0,741000000.0,0.1882621951,502000000.0,0.1275406504,-60000000.0,442000000.0,0.112296748,161000000.0,288000000.0,0.0731707317,1.04,0.95,267447000,304233000,https://www.sec.gov/Archives/edgar/data/4447/000095012304009350/0000950123-04-009350-index.htm,https://www.sec.gov/Archives/edgar/data/4447/000095012304009350/y99758e10vq.htm,14.716934570213912,1.0768488709912618,1.6377076579658774,1.6377076579658774,2.284564792276601,20.815339113917897,17.162278881423234,20.815339113917897,14.765542331751712,7060600800.0,10348600800.0,6.128993749999999,1.7938518292682928,16.12009315068493,16.12009315068493,1.2682954553619543,1.2682954553619543,2.629217682926829,13.965723076923076,23.626942465753423,23.626942465753423,0.0407897299617902,0.0620343809835559,0.6985809232980061,0.2673587240478482,4.437246963562753,1.0397476340694007,8.366666666666667,1.5208333333333333,0.003787875,0.092863448803125,0.024390243902439,0.0,0.0671662312663275,0.0,0.0,0.0,0.0,22.457446972947785,0.027800069371088,0.021224850762768,-24.960085549660302,126000000.0,4590000000.0,-5683000000.0,9247000000.0,2023500000.0,1808500000.0,428000000.0,44.54268292682927,61.35220125786164,14.559748427672956,2.020533880903491,1.4669400307534597,6.181425485961123,0.0517334291359798,0.0,2004-07-28,0.82,bmo,3534292134.0,2025-04-23,2004-06-30,0.0853658536585366,23.48258064516129,3497502.241935484
2004-03-31,HES,USD,4447,2004-05-07,2004-05-07 15:41:55,2004,Q1,4562000000.0,3601000000.0,961000000.0,0.2106532223,0,0.0,0.0,253000000.0,226000000.0,479000000.0,4080000000.0,0.0,0.0,226000000.0,708000000.0,0.1551950899,482000000.0,0.1056554143,-57000000.0,425000000.0,0.0931608943,144000000.0,281000000.0,0.0615957913,1.01,0.92,304200000,304200000,https://www.sec.gov/Archives/edgar/data/4447/000095012304005950/0000950123-04-005950-index.htm,https://www.sec.gov/Archives/edgar/data/4447/000095012304005950/y97016e10vq.htm,14.99671268902038,0.9237343852728468,1.2952005259697568,0.0986193293885601,1.8310322156476,18.04404996712689,14.832347140039449,18.04404996712689,12.912557527942145,6619392000.0,10055392000.0,5.889138790035588,1.4509846558526962,16.80048730964467,220.6464,1.205937693568956,1.205937693568956,2.204163086365629,14.202531073446329,25.521299492385783,335.17973333333333,0.0424510287349653,0.0045321382991066,0.7156130442703589,0.2782657976763956,4.853107344632768,1.168983174835406,0.0,1.402135231316726,0.0101217755346714,0.2384341637010676,0.0,0.0,0.0692122414281666,0.9238578680203046,0.0797895659798334,1.6106194690265487,0.0,19.36563868285451,0.0278207820884792,0.0213867113174518,-20.70759368836292,462000000.0,4512000000.0,-5431000000.0,9475000000.0,2000500000.0,1604000000.0,486000000.0,41.4094695309075,41.63843376839767,9.82227159122466,2.173415912339209,2.161464585834333,9.162849872773537,0.0511932956822736,1.1965811965811963,2004-04-28,0.56,bmo,3067707317.0,2025-04-23,2004-03-31,0.4642857142857141,20.28,2748215.016129032
2003-12-31,HES,USD,4447,2004-03-12,2004-03-12 14:21:51,2003,Q4,3439000000.0,2334000000.0,1105000000.0,0.3213143356,0,0.0,0.0,289000000.0,815000000.0,1104000000.0,3438000000.0,0.0,0.0,254000000.0,424000000.0,0.1232916546,1000000.0,0.0002907822,100000000.0,101000000.0,0.0293690026,32000000.0,69000000.0,0.0200639721,0.26,0.26,261516000,266100000,https://www.sec.gov/Archives/edgar/data/4447/000095012304003250/0000950123-04-003250-index.htm,https://www.sec.gov/Archives/edgar/data/4447/000095012304003250/y93542e10vk.htm,13.150247021214764,0.2638461891433029,1.613667997369186,0.3020847672800134,1.9807583474816075,20.41940072500344,16.68349164104682,20.41940072500344,15.069823643677632,4634063520.0,8057063520.0,16.790085217391304,1.3475032044198896,10.981193175355449,58.65903189873418,0.8678021573033707,0.8678021573033707,2.342850689153824,19.00250830188679,19.09256758293839,101.98814582278482,0.0148897397936401,0.0170476730970662,0.7380149812734083,0.2818422370020739,8.07311320754717,1.1937055076807792,0.0,6.115942028985507,0.0056433352144469,0.3790083166434783,0.0,0.0,0.0698705571050561,0.8127962085308057,0.0997382960162838,0.0,0.0,11.010021525062903,5.999546121293432e-05,0.0053052437336613,-24.5071047278178,517000000.0,4363000000.0,-5457000000.0,9472000000.0,1702000000.0,1320000000.0,569500000.0,49.776097702820586,59.46015424164525,22.326478149100257,1.8080967402733965,1.5136186770428015,4.0310880829015545,0.0129213483146067,1.3115832300891723,2004-01-28,0.33,bmo,3334787878.0,2025-04-23,2003-12-31,0.0303030303030303,16.954375,2982459.53125
2003-09-30,HES,USD,4447,2003-11-12,2003-11-12 14:51:20,2003,Q3,3296000000.0,2504000000.0,792000000.0,0.2402912621,0,70000000.0,171000000.0,241000000.0,253000000.0,494000000.0,2998000000.0,0.0,73000000.0,253000000.0,551000000.0,0.1671723301,298000000.0,0.0904126214,-73000000.0,225000000.0,0.0682645631,79000000.0,146000000.0,0.0442961165,0.55,0.55,267300000,267300000,https://www.sec.gov/Archives/edgar/data/4447/000095012303012528/0000950123-03-012528-index.htm,https://www.sec.gov/Archives/edgar/data/4447/000095012303012528/y91570e10vq.htm,12.330714552936776,0.5462027684249906,0.3741114852225963,-0.7706696595585485,1.2682379349046016,17.63561541339319,13.980546202768425,17.63561541339319,17.07070707070707,4463910000.0,8614910000.0,7.643681506849315,1.3543416262135923,44.6391,-21.66946601941748,0.9469473907509548,0.9469473907509548,2.6137469660194177,15.635045372050817,86.1491,-41.81995145631068,0.0327067526002988,-0.0461478838059011,0.9524819686041578,0.3398682915752025,7.533575317604356,1.166896551724138,4.082191780821918,0.684931506849315,0.006048509042521,0.184931506849315,0.0212378640776699,0.0,0.0739535235788358,3.06,0.0928398058252427,1.209486166007905,0.0,14.721888266715666,0.0172266270725068,0.0119339545528854,-25.25813692480359,363000000.0,3737000000.0,-5959000000.0,9282000000.0,1611000000.0,1241500000.0,504500000.0,41.0133495145631,39.46485623003195,20.127795527156547,2.194407456724368,2.2805100182149363,4.471428571428572,0.0309715740347899,1.144781144781145,2003-10-29,0.43,bmo,3253000000.0,2025-04-23,2003-09-30,0.0,15.99125,1965370.15625
2003-06-30,HES,USD,4447,2003-08-14,2003-08-14 14:20:51,2003,Q2,3213000000.0,2468000000.0,745000000.0,0.231870526,0,106000000.0,167000000.0,273000000.0,270000000.0,543000000.0,3011000000.0,0.0,77000000.0,251000000.0,472000000.0,0.1469032057,202000000.0,0.0628695923,-77000000.0,125000000.0,0.0389044507,62000000.0,252000000.0,0.0784313725,0.95,0.94,267000000,267137809,https://www.sec.gov/Archives/edgar/data/4447/000095012303009468/0000950123-03-009468-index.htm,https://www.sec.gov/Archives/edgar/data/4447/000095012303009468/y89246e10vq.htm,12.03370786516854,0.9438202247191012,2.1385767790262173,0.7677902621722846,2.535580524344569,17.127340823970037,13.46816479400749,17.127340823970037,17.674157303370787,4376130000.0,8341130000.0,4.34139880952381,1.3620074696545286,7.663975481611208,21.346975609756097,0.9569494861141484,0.9569494861141484,2.5960566448801745,17.67188559322034,14.607933450087566,40.68843902439024,0.0575851265844479,0.0468450434516342,1.0150885633063635,0.3413235294117647,8.400423728813559,1.1588674793550924,2.623376623376624,2.265873015873016,0.0061698349911908,0.1071428571428571,0.0329909741674447,0.0,0.0718382352941176,0.6409807355516638,0.1139122315592903,1.4581673306772909,0.0,19.071325071155933,0.0091950867052023,0.0199635585835379,-25.60112359550562,404000000.0,3596000000.0,-6080000000.0,9036000000.0,2018000000.0,1552000000.0,400000000.0,48.17927170868347,50.50648298217179,16.373581847649916,1.8680232558139536,1.7819494584837543,5.496659242761693,0.0551060572928056,1.3707865168539326,2003-07-29,0.41,bmo,3287174999.0,2025-04-23,2003-06-30,-0.0243902439024389,15.706190476190477,1591801.142857143
2003-03-31,HES,USD,4447,2003-05-14,2003-05-14 16:03:16,2003,Q1,4297000000.0,3419000000.0,878000000.0,0.2043286013,0,0.0,0.0,248000000.0,295000000.0,543000000.0,3962000000.0,0.0,0.0,295000000.0,630000000.0,0.1466139167,335000000.0,0.0779613684,36000000.0,371000000.0,0.0863393065,155000000.0,176000000.0,0.0409588085,0.66,0.66,267300000,267300000,https://www.sec.gov/Archives/edgar/data/4447/000095012303005930/0000950123-03-005930-index.htm,https://www.sec.gov/Archives/edgar/data/4447/000095012303005930/y86571e10vq.htm,16.075570520014963,0.6584362139917695,1.82566404788627,0.5424616535727647,0.7332585110362888,16.408529741863074,12.753460531238307,16.408529741863074,18.14066591844369,3942675000.0,8595675000.0,5.600390625,0.917541307889225,8.079252049180328,27.19086206896552,0.8989227086183311,0.8989227086183311,2.0003898068419828,13.643928571428573,17.614088114754097,59.28051724137931,0.0446397433214759,0.0367770612591704,1.105563155494756,0.3472749409152761,7.385714285714286,1.065326633165829,0.0,2.772727272727273,0.0136962848827255,0.3068181818181818,0.0,0.0,0.0699706366826613,0.7028688524590164,0.079823132417966,1.1627118644067798,0.0,15.591322250183996,0.0174267719144787,0.0135530571384568,-27.940516273849607,182000000.0,3409000000.0,-6609000000.0,9092000000.0,2144000000.0,1560000000.0,421500000.0,48.508261577845005,45.25007312079556,9.23954372623574,1.8553540587219344,1.988947062245492,9.74074074074074,0.0401276789785681,1.2832023943135054,2003-04-29,0.63,bmo,3895043478.0,2025-04-23,2003-03-31,0.0952380952380951,15.944098360655738,2833684.950819672
2002-12-31,HES,USD,4447,2003-03-26,2003-03-26 17:10:26,2002,Q4,3185000000.0,1917000000.0,1268000000.0,0.3981161695,0,0.0,0.0,264000000.0,826000000.0,1090000000.0,3007000000.0,0.0,0.0,308000000.0,-453000000.0,-0.1422291994,178000000.0,0.0558869702,-610000000.0,-432000000.0,-0.1356357928,-61000000.0,-371000000.0,-0.1164835165,-1.4,-1.39,264406161,267300000,https://www.sec.gov/Archives/edgar/data/4447/000095012303003289/0000950123-03-003289-index.htm,https://www.sec.gov/Archives/edgar/data/4447/000095012303003289/y83989e10vk.htm,12.045861518332774,-1.4031443087288726,2.0347483506634325,0.7980146877137254,0.7450658458749,16.069973498083503,12.37490074975976,16.069973498083503,18.880044175672595,4851853054.35,9646853054.35,-3.269442758995957,1.5233447580376769,9.018314227416358,22.994564238625596,1.141881161296776,1.141881161296776,3.0288392635321824,-21.295481356181018,17.93095363262082,45.71968272203792,-0.0764656299034808,0.043488538839985,1.1748646740409507,0.3764138139043885,-10.584988962472409,1.0795142969056013,0.0,-1.4501347708894878,0.0054495858310626,-0.0712684357395792,0.0,0.0,0.0736691298446689,0.6078066914498141,0.1026687598116169,0.0,0.0,,0.0142532159198825,-0.0301994301994302,-26.81858839136505,203000000.0,3272000000.0,-6257000000.0,8212000000.0,1872500000.0,1334000000.0,507000000.0,55.72370486656201,65.77464788732394,23.098591549295776,1.6151115618661258,1.36830835117773,3.8963414634146334,-0.0873146622734761,1.2367336629497072,2003-01-30,0.52,bmo,3001250000.0,2025-04-23,2002-12-31,0.0576923076923077,19.20265625,2717903.5
2002-09-30,HES,USD,4447,2002-11-12,2002-11-12 10:07:04,2002,Q3,2895000000.0,2005000000.0,890000000.0,0.3074265976,0,216000000.0,0.0,216000000.0,342000000.0,558000000.0,2563000000.0,0.0,0.0,342000000.0,662000000.0,0.2286701209,332000000.0,0.1146804836,-379000000.0,-126000000.0,-0.0435233161,10000000.0,-136000000.0,-0.0469775475,-0.51,-0.51,265249249,265249249,https://www.sec.gov/Archives/edgar/data/4447/000095012302010531/0000950123-02-010531-index.htm,https://www.sec.gov/Archives/edgar/data/4447/000095012302010531/y65441e10vq.htm,10.914262758195406,-0.5127252971034802,1.632426865042698,0.3883140117769004,0.1809618695659341,17.655092399526456,13.971764346069836,17.655092399526456,19.16310797924257,6002590504.87,11037590504.87,-11.034173722187498,2.0734336804386877,13.86279562325635,58.277577717184464,1.2817831528656842,1.2817831528656842,3.812639207208981,16.673097439380662,25.490971142886835,107.16107286281552,-0.0226568845383773,0.0171592581430358,1.0854153320521034,0.3730094665003302,7.605740181268883,1.0394957983193278,0.0,-3.1838235294117645,0.0044980579598249,-0.1985294117647058,0.0746113989637305,0.0,0.0716958978498569,0.7621247113163973,0.1139896373056994,0.9649122807017544,0.0,,0.0318108483221665,-0.0107509881422924,-27.541077034302933,94000000.0,3706000000.0,-6470000000.0,8812000000.0,1654000000.0,1156500000.0,526500000.0,55.11917098445596,56.87281795511223,23.431421446384043,1.6328257191201354,1.5824782951854774,3.840996168582376,-0.0290412128977151,1.2441128532657977,2002-10-24,0.4,bmo,2432000000.0,2025-04-23,2002-09-30,0.1249999999999999,23.47640625,2116031.703125
2002-06-30,HES,USD,4447,2002-08-07,2002-08-07 14:18:54,2002,Q2,2796000000.0,1843000000.0,953000000.0,0.3408440629,0,257000000.0,197000000.0,257000000.0,368000000.0,625000000.0,2468000000.0,0.0,70000000.0,368000000.0,662000000.0,0.2367668097,328000000.0,0.1173104435,-38000000.0,256000000.0,0.0915593705,107000000.0,149000000.0,0.0532904149,0.56,0.55,264870871,268765766,https://www.sec.gov/Archives/edgar/data/4447/000095012302007507/0000950123-02-007507-index.htm,https://www.sec.gov/Archives/edgar/data/4447/000095012302007507/y62717e10vq.htm,10.556087158410106,0.5625382641642009,2.201072536964625,0.5965170854895554,0.1321398607097116,18.684576304353225,14.977109355297888,18.684576304353225,20.281580906644884,7286597661.21,12553597661.21,12.225835002030204,2.606079277972103,12.498452249073758,46.11770671651899,1.4723373734512024,1.4723373734512024,4.489841795854792,18.96313846104229,21.53275756639794,79.45314975449367,0.0204485010601308,0.0216836454194676,1.071327540917357,0.3824844899725869,7.95619335347432,1.069882777276826,4.685714285714286,3.939189189189189,0.0037054330780102,0.1812080536912751,0.0919170243204578,0.0,0.0708411484634252,0.7289879931389366,0.152002861230329,1.1548913043478262,0.0,15.378320949314478,0.0163713446531172,0.0115683229813664,-28.16938673486674,155000000.0,3967000000.0,-6540000000.0,9452000000.0,1681000000.0,1110500000.0,502500000.0,49.40987124463519,51.07976125881715,25.93054801953337,1.8214983713355049,1.7619502868068833,3.470809792843691,0.0301070923418872,1.60455545147507,2002-07-24,0.65,bmo,2772656250.0,2025-04-23,2002-06-30,-0.0153846153846153,26.5034375,2090353.703125
2002-03-31,HES,USD,4447,2002-05-14,2002-05-14 11:10:55,2002,Q1,3057000000.0,2211000000.0,846000000.0,0.2767419038,0,223000000.0,0.0,223000000.0,302000000.0,525000000.0,2736000000.0,0.0,0.0,302000000.0,562000000.0,0.1838403664,321000000.0,0.1050049068,-30000000.0,251000000.0,0.0821066405,110000000.0,141000000.0,0.0461236506,0.53,0.53,266666667,266666667,https://www.sec.gov/Archives/edgar/data/4447/000095012302005092/0000950123-02-005092-index.htm,https://www.sec.gov/Archives/edgar/data/4447/000095012302005092/y60562e10-q.htm,11.463749985670312,0.5287499993390625,1.5412499980734375,-0.1537499998078125,0.2287499997140625,18.007499977490625,14.32499998209375,18.007499977490625,20.831249973960936,7152000008.940001,12646000008.94,12.680851079680853,2.339548579960746,17.401459875766424,-174.4390246082927,1.489379427101208,1.489379427101208,4.136735364389925,22.50177937533808,30.76885646944039,-308.4390246082927,0.0197147650760276,-0.0057326621852279,1.1568096626405664,0.392246857788448,9.775800711743772,1.075510204081633,0.0,2.9148936170212765,0.0074105145321238,0.375886524822695,0.0729473339875695,0.0,0.0693404886315492,1.099756690997567,0.1478573765129211,1.4966887417218544,0.0,14.636699628909431,0.0152673532438698,0.0106980273141122,-28.844062463944923,185000000.0,3820000000.0,-6725000000.0,9459000000.0,2394500000.0,1491000000.0,512000000.0,53.788027477919535,47.82903663500678,19.294436906377204,1.6732348111658455,1.8817021276595745,4.6645569620253164,0.029362765514369,1.69499999788125,2002-04-24,0.37,bmo,2590880952.0,2025-04-23,2002-03-31,0.1351351351351351,22.2865,1894432.7833333332
2001-12-31,HES,USD,4447,2002-03-27,2002-03-27 00:00:00,2001,Q4,2685000000.0,1513000000.0,1172000000.0,0.4364990689,0,315000000.0,0.0,315000000.0,895000000.0,1210000000.0,2723000000.0,0.0,0.0,303000000.0,465000000.0,0.1731843575,-38000000.0,-0.0141527002,138000000.0,100000000.0,0.0372439479,46000000.0,54000000.0,0.0201117318,0.2,0.2,262534161,266400000,https://www.sec.gov/Archives/edgar/data/4447/000095012302003005/0000950123-02-003005-index.htm,https://www.sec.gov/Archives/edgar/data/4447/000095012302003005/y57862e10-k.htm,10.227240484715434,0.2056875181283551,1.05890981554968,-0.92178480346411,0.1409340401990581,18.690900952885897,14.950435345440626,18.690900952885897,21.578144262909845,5468586573.629999,11096586573.63,25.31753043347222,2.036717532078212,19.671174725287766,-22.59746518028925,1.1144460105217038,1.1144460105217038,4.132806917553072,23.863627040064515,39.91577904183453,-45.85366352739669,0.0098745808030895,-0.0442527510064383,1.1544732015488075,0.3685991281150367,12.103225806451611,1.0613232920925229,0.0,5.148148148148148,0.0048007633221315,0.48617388604785,0.1173184357541899,0.0,0.0638948532760752,1.870503597122302,0.1936685288640595,0.0,0.0,9.300586709616503,-0.0017053103964098,0.0037533884757072,-30.199879397790067,228000000.0,3925000000.0,-6516000000.0,9375000000.0,2938000000.0,1910000000.0,551500000.0,99.28491620111733,107.48843357567746,32.716457369464635,0.9064821066846726,0.8372993912562258,2.750909090909091,0.0110046871815773,1.98069461901379,2002-01-23,0.36,bmo,2983333333.0,2025-04-23,2001-12-31,-0.111111111111111,20.254375,2384948.40625
2001-09-30,HES,USD,4447,2001-11-09,2001-11-09 00:00:00,2001,Q3,2934000000.0,2173000000.0,761000000.0,0.2593728698,0,232000000.0,0.0,232000000.0,254000000.0,486000000.0,2659000000.0,0.0,0.0,254000000.0,529000000.0,0.1802999318,275000000.0,0.093728698,-51000000.0,224000000.0,0.0763462849,57000000.0,167000000.0,0.0569188821,0.63,0.62,264663664,268471471,https://www.sec.gov/Archives/edgar/data/4447/000095012301508128/0000950123-01-508128-index.htm,https://www.sec.gov/Archives/edgar/data/4447/000095012301508128/y54525e10-q.txt,11.085768086396628,0.6309895263899921,2.4975094427771545,0.5554219184390948,0.245594725840416,18.21179351616624,14.516537487367364,18.21179351616624,20.76597866490657,5457364751.68,10888364751.68,8.169707712095809,1.8600425193183368,8.256225040363086,37.12493028353742,1.1322333509709543,1.1322333509709543,3.71109909736878,20.582920135500945,16.4725639208472,74.07050851482994,0.0306008499704166,0.0269360775188697,1.1402489626556016,0.3594271139886207,10.266540642722116,1.041368337311058,0.0,3.9819277108433737,0.0049474428095883,0.1616766467065868,0.0790729379686435,0.0,0.0639591916813812,0.7776096822995462,0.1751874573960463,2.0236220472440944,0.0,16.079727818693215,0.0172956235387693,0.0116677146649898,-30.01545387809639,156000000.0,3842000000.0,-6544000000.0,9186000000.0,2870500000.0,1898500000.0,516000000.0,89.38650306748467,83.37321675103544,22.90381960423377,1.0068634179821552,1.0794833581718828,3.929475587703436,0.0346473029045643,1.9420875243380595,2001-10-23,0.79,bmo,3724467741.0,2025-04-23,2001-09-30,-0.2151898734177215,24.96322033898305,2000719.491525424
2001-06-30,HES,USD,4447,2001-08-07,2001-08-07 00:00:00,2001,Q2,3565000000.0,2536000000.0,1029000000.0,0.2886395512,0,210000000.0,0.0,210000000.0,229000000.0,439000000.0,2975000000.0,0.0,0.0,229000000.0,819000000.0,0.2297335203,590000000.0,0.1654978962,-41000000.0,549000000.0,0.153997195,192000000.0,357000000.0,0.1001402525,1.34,1.33,265486486,269195195,https://www.sec.gov/Archives/edgar/data/4447/000095012301505114/0000950123-01-505114-index.htm,https://www.sec.gov/Archives/edgar/data/4447/000095012301505114/y52077e10-q.txt,13.428178788731266,1.3447012139066092,1.0094675779466982,-3.269469618125873,0.2184668638839869,17.405782379446613,17.405782379446613,17.405782379446613,8.588007752680864,7149551067.98,9371551067.98,5.006688422955182,2.0054841705413744,26.67742935813433,-8.236809986152073,1.5471869872278727,1.5471869872278727,2.6287660779747544,11.442675296678877,34.96847413425373,-10.796717820253455,0.0499332051209286,-0.1214062242155912,0.4933996970352737,0.2098674521354933,2.713064713064713,1.0926958052214726,0.0,0.7507002801120448,0.0037764608914988,0.0756302521008403,0.0589060308555399,0.0,0.0,4.2388059701492535,0.3186535764375877,4.960698689956332,0.0,22.94832184778035,0.0495878508705948,0.032860824742268,-14.408454673658982,316000000.0,4621000000.0,-2518000000.0,5542000000.0,2813500000.0,1776000000.0,410500000.0,71.36886395511921,63.312302839116725,16.999211356466876,1.2610541209763,1.4215246636771302,5.294363256784969,0.077256005193681,4.278937196072572,2001-07-25,1.16,bmo,3064842105.0,2025-04-23,2001-06-30,0.1465517241379312,27.98444444444445,2285531.904761905
2001-03-31,HES,USD,4447,2001-05-11,2001-05-11 00:00:00,2001,Q1,4229000000.0,3226000000.0,1003000000.0,0.2371719083,0,218000000.0,0.0,218000000.0,181000000.0,399000000.0,3625000000.0,0.0,0.0,181000000.0,785000000.0,0.1856230787,604000000.0,0.1428233625,-40000000.0,564000000.0,0.1333648617,227000000.0,337000000.0,0.0796878695,1.28,1.26,266700000,266754617,https://www.sec.gov/Archives/edgar/data/4447/000095012301502208/0000950123-01-502208-index.htm,https://www.sec.gov/Archives/edgar/data/4447/000095012301502208/y48811e10-q.txt,15.856767904012,1.2635920509936258,2.8233970753655795,1.582302212223472,2.6246719160104988,16.070491188601427,16.070491188601427,16.070491188601427,7.656542932133483,6944868000.0,8286868000.0,5.151979228486646,1.642200993142587,9.222932270916331,16.457033175355452,1.620361175921605,1.620361175921605,1.9595336959091985,10.55651974522293,11.00513678618858,19.63712796208531,0.0485250403607383,0.0607642938641886,0.4764349043397107,0.1992972867460472,1.7095541401273886,1.2038922155688625,0.0,2.234421364985163,0.005759648707506,0.1186943620178041,0.0515488295105225,0.0,0.0,0.4395750332005312,0.0782690943485457,1.828729281767956,0.0,21.37515522126792,0.0502367356931873,0.0328908842475112,-11.20734908136483,681000000.0,4286000000.0,-1939000000.0,5102000000.0,2898000000.0,1821500000.0,371500000.0,59.58855521399858,49.324240545567264,9.541227526348418,1.510357142857143,1.8246606334841629,9.432748538011696,0.0786280914605693,1.2410948631421073,2001-04-25,1.06,bmo,3545952380.0,2025-04-23,2001-03-31,0.1886792452830188,24.18064516129032,2247360.241935484
2000-12-31,HES,USD,4447,2001-03-28,2001-03-28 00:00:00,2000,Q4,3685000000.0,2816000000.0,869000000.0,0.2358208955,0,229000000.0,0.0,229000000.0,198000000.0,427000000.0,3243000000.0,0.0,0.0,198000000.0,640000000.0,0.1736770692,442000000.0,0.1199457259,78000000.0,520000000.0,0.1411126187,180000000.0,340000000.0,0.092265943,1.27,1.27,256956000,266700000,https://www.sec.gov/Archives/edgar/data/4447/000095012301002755/0000950123-01-002755-index.htm,https://www.sec.gov/Archives/edgar/data/4447/000095012301002755/y45625ke10-k.txt,14.340976665265648,1.3231837357368577,1.6033873503634863,0.3269042170644001,1.2142156633820576,15.111536605488878,15.111536605488878,15.111536605488878,7.978019583119289,6256878600.0,7994878600.0,4.600646029411765,1.697931777476255,15.18659854368932,74.48665,1.611351686840072,1.611351686840072,2.169573568521032,12.4919978125,19.405045145631068,95.1771261904762,0.0543401944861132,0.0134252245200985,0.5279423126448622,0.1995328012458633,2.715625,1.1630864895421142,0.0,1.2117647058823529,0.0020533860369609,0.0377876092711764,0.0621438263229308,0.0,0.0,0.7961165048543689,0.0890094979647218,1.6565656565656566,0.0,21.21073166615048,0.0424937509189825,0.0330932450846797,-14.132769812730585,577000000.0,3883000000.0,-2276000000.0,4900000000.0,2422000000.0,1632000000.0,384000000.0,73.17232021709633,59.92542613636364,12.816051136363637,1.229973297730307,1.501866666666667,7.022443890274314,0.0875611640484161,1.2764831332990862,2001-01-25,0.97,bmo,3039175257.0,2025-04-23,2000-12-31,0.1752577319587628,21.23190476190476,2916232.619047619
2000-09-30,HES,USD,4447,2000-11-03,2000-11-03 00:00:00,2000,Q3,2833000000.0,2032000000.0,801000000.0,0.2827391458,0,207000000.0,0.0,207000000.0,176000000.0,383000000.0,2415000000.0,0.0,0.0,175000000.0,594000000.0,0.2096717261,418000000.0,0.1475467702,12000000.0,430000000.0,0.1517825627,173000000.0,257000000.0,0.0907165549,0.96,0.95,269400000,269580420,https://www.sec.gov/Archives/edgar/data/4447/000095012300010045/0000950123-00-010045-index.htm,https://www.sec.gov/Archives/edgar/data/4447/000095012300010045/y42041e10-q.txt,10.515961395694134,0.9539717891610988,1.941351150705271,1.1804008908685968,0.961395694135115,13.151447661469934,13.151447661469934,13.151447661469934,7.420193021529324,6010314000.0,7750314000.0,5.846608949416343,2.121536886692552,11.491996175908222,18.90035849056604,1.6963911939034717,1.6963911939034717,2.735726791387222,13.047666666666666,14.818956022944551,24.372056603773583,0.0427598291869609,0.0529090493441773,0.5642111205193339,0.2204212151284595,2.929292929292929,1.132962962962963,0.0,2.035019455252918,0.0021629485580953,0.0505836575875486,0.0730674196964348,0.0,0.0,0.3919694072657744,0.0723614542887398,1.1714285714285717,0.0,16.801412924292944,0.0388655735807007,0.0283382952916528,-13.724944320712694,359000000.0,3543000000.0,-2467000000.0,4557000000.0,1872000000.0,1281500000.0,304500000.0,58.70808330391811,61.520669291338585,16.254921259842522,1.533008658008658,1.462922966162707,5.536784741144414,0.0725373976855772,0.7609502598366741,2000-10-25,0.58,bmo,2538709913.0,2025-04-23,2000-09-30,0.6379310344827587,21.803809523809527,1903059.2063492064
2000-06-30,HES,USD,4447,2000-08-10,2000-08-10 00:00:00,2000,Q2,2644000000.0,1987000000.0,657000000.0,0.2484871407,0,173000000.0,0.0,173000000.0,167000000.0,340000000.0,2327000000.0,0.0,0.0,167000000.0,484000000.0,0.1830559758,317000000.0,0.1198940998,31000000.0,348000000.0,0.1316187595,146000000.0,202000000.0,0.0763993949,0.75,0.75,271500000,271500000,https://www.sec.gov/Archives/edgar/data/4447/000095012300007390/0000950123-00-007390-index.htm,https://www.sec.gov/Archives/edgar/data/4447/000095012300007390/e10-q.txt,9.738489871086555,0.7440147329650092,1.7348066298342542,0.8397790055248618,0.6556169429097606,12.552486187845304,12.552486187845304,12.552486187845304,7.786372007366483,5587470000.0,7523470000.0,6.915185643564356,2.113263993948563,11.862993630573248,24.506447368421053,1.6395158450704224,1.6395158450704224,2.8454878971255675,15.544359504132233,15.97339702760085,32.99767543859649,0.0361523193860548,0.0408055882179233,0.6203051643192489,0.238063063063063,4.0,1.1140418929402638,0.0,2.3316831683168315,0.002505606294083,0.0693069306930693,0.0654311649016641,0.0,0.0,0.5159235668789809,0.0919062027231467,1.4550898203592817,0.0,14.49595736161208,0.0288545941863629,0.0227477477477477,-13.8158379373849,294000000.0,3408000000.0,-2600000000.0,4503000000.0,1749000000.0,989000000.0,257000000.0,64.53857791225417,53.1756416708606,10.961248112732765,1.3945147679324894,1.692504258943782,8.210743801652892,0.0592723004694835,0.8950276243093923,2000-07-25,0.72,bmo,2566080000.0,2025-04-23,2000-06-30,0.0416666666666667,21.686507936507937,1701762.4761904762
2000-03-31,HES,USD,4447,2000-05-12,2000-05-12 00:00:00,2000,Q1,2831000000.0,2127000000.0,704000000.0,0.2486753797,0,157000000.0,0.0,157000000.0,174000000.0,331000000.0,2458000000.0,0.0,0.0,174000000.0,547000000.0,0.1932179442,373000000.0,0.1317555634,1000000.0,374000000.0,0.1321087955,150000000.0,224000000.0,0.0791239845,0.83,0.82,271500000,272064777,https://www.sec.gov/Archives/edgar/data/4447/000095012300004903/0000950123-00-004903-index.html,https://www.sec.gov/Archives/edgar/data/4447/000095012300004903/,10.427255985267037,0.8250460405156538,1.6095764272559854,1.0128913443830572,0.0957642725598526,11.970534069981584,11.970534069981584,11.970534069981584,7.517495395948434,5848110000.0,7863110000.0,6.526908482142857,2.0657400211939243,13.382402745995424,21.265854545454545,1.7994184615384614,1.7994184615384614,2.7775026492405512,14.374972577696528,17.993386727688787,28.593127272727276,0.0383029730972912,0.0470237392935495,0.628,0.2540453074433657,3.683729433272395,1.1276054905948143,0.0,1.9508928571428568,0.0046168762215485,0.1205357142857142,0.0554574355351465,0.0,0.0,0.3707093821510298,0.0572235959025079,0.9310344827586208,0.0,14.906892335063027,0.0366231261506092,0.0278815036096589,-12.59852670349908,251000000.0,3250000000.0,-2566000000.0,4228000000.0,1388500000.0,787900000.0,322350000.0,50.92900035323207,34.0197461212976,11.50916784203103,1.7671660424469413,2.6455223880597014,7.819852941176471,0.0689230769230769,0.5966850828729282,2000-04-25,0.74,bmo,2580073170.0,2025-04-23,2000-03-31,0.108108108108108,18.26746031746032,1832412.9682539685
1999-12-31,HES,USD,4447,2000-03-27,2000-03-27 00:00:00,1999,Q4,2268800000.0,1597700000.0,671100000.0,0.295795134,0,147000000.0,0.0,147000000.0,214700000.0,361700000.0,1959400000.0,0.0,0.0,214700000.0,524100000.0,0.2310031735,309400000.0,0.1363716502,-131900000.0,177500000.0,0.0782351904,46500000.0,131100000.0,0.0577838505,0.48,0.48,263970666,271500000,https://www.sec.gov/Archives/edgar/data/4447/000095012300002763/0000950123-00-002763-index.html,https://www.sec.gov/Archives/edgar/data/4447/000095012300002763/,8.594894403910773,0.4966460932443152,1.2342280486574977,0.5546070789547503,0.1549414585331235,11.509612208198922,11.509612208198922,11.509612208198922,8.749835862443897,4994325000.72,7263125000.72,9.523884440732267,2.2013068585684064,15.329419891712709,34.114241808196724,1.643843394351919,1.643843394351919,3.2013068585684064,13.858280863804618,22.29320135273174,49.61150956775956,0.0262497935118559,0.029313270557862,0.7602198670265289,0.2988858263131332,4.328944857851555,1.1575147254417633,0.0,2.48512585812357,0.002642703488372,0.1006752105375034,0.0647919605077574,0.0,0.0,0.5506445672191529,0.0790726375176304,0.8355845365626455,0.0,11.340837209134037,0.0369982688183281,0.0169649442913156,-13.56590129601749,248700000.0,3038200000.0,-2861900000.0,4300400000.0,1258550000.0,833950000.0,419850000.0,46.61054301833568,43.476247105213744,20.99455467234149,1.9308936170212765,2.0700958797615963,4.286825865307217,0.0431505496675663,0.6796209697027472,2000-01-21,0.38,bmo,1625475789.0,2025-04-23,1999-12-31,0.7105263157894737,19.1178125,1026187.734375
1999-09-30,HES,USD,4447,1999-11-12,1999-11-12 00:00:00,1999,Q3,1801700000.0,1278000000.0,523700000.0,0.2906699229,0,178100000.0,0.0,178100000.0,159500000.0,337600000.0,1615600000.0,0.0,0.0,159500000.0,345600000.0,0.1918188378,186100000.0,0.103291336,133900000.0,320000000.0,0.177610035,161500000.0,158500000.0,0.0879724704,0.59,0.58,271864865,271864865,https://www.sec.gov/Archives/edgar/data/4447/000095012399010114/0000950123-99-010114-index.html,https://www.sec.gov/Archives/edgar/data/4447/000095012399010114/,6.627189578175171,0.5830102392966446,0.7963515256007796,0.0713589819706934,0.0941644298169975,10.765642702671418,10.765642702671418,10.765642702671418,8.832329252991187,5551480543.3,7927080543.3,8.756278459463724,3.0812457919187435,25.64194246327945,286.1587908917526,1.896774820042367,1.896774820042367,4.3997782890048285,22.93715434982639,36.61469073117783,408.6123991391753,0.0285509421790717,0.0034945632698674,0.8204182041820418,0.3024562287441743,6.873842592592593,1.1001660506722375,0.0,1.3659305993690851,0.0024497969314534,0.0858044164037854,0.0988510850863073,0.0,0.0,0.9103926096997692,0.1093966809124715,1.2357366771159874,0.0,11.883635739368628,0.0150187627291242,0.0199647310744426,-13.780835563286194,187000000.0,2926800000.0,-2958300000.0,4414800000.0,1410950000.0,998950000.0,447500000.0,67.04168285508132,63.1056338028169,32.88732394366197,1.3424484017584382,1.426180113826582,2.73661670235546,0.0541547082137488,0.7249925436300863,1999-10-22,0.22,bmo,2086526315.0,2025-04-23,1999-09-30,-0.1363636363636363,20.57171875,958607.515625
1999-06-30,HES,USD,4447,1999-08-12,1999-08-12 00:00:00,1999,Q2,1430000000.0,1096000000.0,334000000.0,0.2335664336,0,149700000.0,0.0,149700000.0,136200000.0,285900000.0,1381900000.0,0.0,0.0,136200000.0,184700000.0,0.1291608392,48100000.0,0.0336363636,61900000.0,109900000.0,0.0768531469,32400000.0,77500000.0,0.0541958042,0.29,0.29,272365389,272365389,https://www.sec.gov/Archives/edgar/data/4447/000095012399007515/0000950123-99-007515-index.html,https://www.sec.gov/Archives/edgar/data/4447/000095012399007515/,5.250299993146339,0.2845442303977911,0.4420532301921813,-0.3634823072178235,0.3021676149901704,10.164654217500448,10.164654217500448,10.164654217500448,9.899936294769082,5401005663.87,8015105663.87,17.422598915709678,3.776927037671328,44.8588510288206,-54.55561276636364,1.950877971417735,1.950877971417735,5.604968995713286,43.395266182295614,66.57064504875416,-80.96066327141413,0.0143491795460308,-0.0183299196781554,0.9739570164348924,0.3285968461332228,14.153221440173256,1.1010518037943575,0.0,1.5555555555555556,0.0025180495719486,0.1754838709677419,0.1046853146853146,0.0,0.0,1.8222591362126248,0.1534265734265734,1.6108663729809105,0.0,8.067007407366894,0.0054525900603616,0.0094445392283506,-14.800522249910395,205600000.0,2768500000.0,-3197100000.0,4460700000.0,1376650000.0,965500000.0,417000000.0,93.13426573426574,90.47627737226276,35.14598540145985,0.9663468036221112,0.9947358867308042,2.560747663551402,0.0279934982842694,0.8055355374100047,1999-07-26,0.06,bmo,1179749999.0,2025-04-23,1999-06-30,1.3333333333333337,19.49253968253968,1329374.7142857143
1999-03-31,HES,USD,4447,1999-05-14,1999-05-14 00:00:00,1999,Q1,1538700000.0,1234200000.0,304500000.0,0.1978943264,0,144000000.0,0.0,144000000.0,138300000.0,282300000.0,1516500000.0,0.0,0.0,138300000.0,160500000.0,0.1043088321,22200000.0,0.0144277637,72200000.0,94400000.0,0.0613504907,23900000.0,70600000.0,0.0458828882,0.26,0.26,269873874,269873874,https://www.sec.gov/Archives/edgar/data/4447/000095012399004715/0000950123-99-004715-index.html,https://www.sec.gov/Archives/edgar/data/4447/,5.70155227400782,0.261603685283,0.3975931364145312,-0.3464581384413668,0.2023167311112153,9.980958734819955,9.980958734819955,9.980958734819955,9.952426888124783,4577060903.04,7208360903.04,16.207722744475923,2.974628519555469,42.65667197614166,-48.952523027165775,1.6992355594891595,1.6992355594891595,4.684708457165139,44.91190593794393,67.17950515414725,-77.0947690164706,0.0154247455945165,-0.0204279562760239,0.997141372141372,0.336819532748956,16.394392523364488,1.0904494694149676,0.0,1.519830028328612,0.0059208301078101,0.3838526912181303,0.0935854942483915,0.0,0.0,1.87138863000932,0.130499772535257,1.451916124367317,0.0,7.664773364095321,0.002652160215082,0.0088534416814015,-15.073615462310368,162800000.0,2693600000.0,-3318000000.0,4367100000.0,1143350000.0,771600000.0,444100000.0,74.4882043283291,60.46669907632474,29.606222654350997,1.2082449941107185,1.4884225759768452,3.039901477832512,0.0262102762102762,0.7440512748558981,1999-04-26,-0.14,bmo,11109000000.0,2025-04-23,1999-03-31,-1.1428571428571428,16.29,1086969.4098360655
1998-12-31,HES,USD,4447,1999-03-29,1999-03-29 00:00:00,1998,Q4,1616000000.0,1362200000.0,253800000.0,0.1570544554,0,229300000.0,0.0,229300000.0,176800000.0,406100000.0,1768300000.0,0.0,0.0,176800000.0,24500000.0,0.0151608911,-152300000.0,-0.0942450495,-367000000.0,-519300000.0,-0.3213490099,-101000000.0,-418300000.0,-0.2588490099,-1.58,-1.55,264045295,269873874,https://www.sec.gov/Archives/edgar/data/4447/000095012399002682/0000950123-99-002682-index.html,https://www.sec.gov/Archives/edgar/data/4447/,6.1201620729504,-1.5841978930168024,0.007953180911631,-1.1975218115513098,0.2794975006087497,10.011161153240772,10.011161153240772,10.011161153240772,10.04524621429062,4377870991.099999,6956470991.099999,-2.6164660477528088,2.709078583601485,2084.700471952381,-13.845259301391522,1.656151543882878,1.656151543882878,4.304746900433168,283.9375914734693,3312.6052338571426,-22.00022451328273,-0.0955487269612064,-0.072226888513348,1.0034047060603768,0.3364708867182545,105.24897959183672,1.05003339269813,0.0,-0.0050203203442505,2.284215323002783e-05,-0.0002390628735357,0.1418935643564356,0.0,0.0,151.57142857142858,0.1969678217821782,1.8003393665158371,0.0,,-0.0195909899593973,-0.0530635544843333,-15.77305136226722,89900000.0,2643400000.0,-3352900000.0,4281800000.0,1048500000.0,839700000.0,703750000.0,56.42821782178218,47.173689619732784,31.858757891645865,1.5949467035136202,1.907843137254902,2.824968892575695,-0.1582431716728455,1.2054749924629409,1999-01-22,-0.14,bmo,1558285713.0,2025-04-23,1998-12-31,1.6428571428571426,18.155625,889503.671875
1998-09-30,HES,USD,4447,1998-11-13,1998-11-13 00:00:00,1998,Q3,1530900000.0,1192900000.0,338000000.0,0.2207851591,0,164600000.0,0.0,164600000.0,158400000.0,323000000.0,1515900000.0,0.0,0.0,158400000.0,153600000.0,0.1003331374,15000000.0,0.0097981579,-18000000.0,-6800000.0,-0.0044418316,-500000.0,-6300000.0,-0.0041152263,-0.0233,-0.0233,270270270,270270270,https://www.sec.gov/Archives/edgar/data/4447/000095012398009851/0000950123-98-009851-index.html,https://www.sec.gov/Archives/edgar/data/4447/,5.66433000566433,-0.02331000002331,0.57498000057498,-0.94683000094683,0.24864000024864,11.49442001149442,11.49442001149442,11.49442001149442,9.95115000995115,5197297292.1,7819597292.1,-206.24195603571428,3.394929317460318,33.44464151930502,-20.309876092614303,1.672985673115303,1.672985673115303,5.107843289633549,50.90883653710938,50.3191588938224,-30.557238343493555,-0.0012121684879516,-0.0492371295344165,0.8657374621773,0.3110974876231897,17.072265625,1.1842012578616352,0.0,-24.666666666666668,0.0026167446724035,-2.1587301587301586,0.1075184531974655,0.0,0.0,2.646718146718147,0.2686654908877131,2.596590909090909,0.0,,0.0020333985168455,-0.000728728080322,-15.52483001552483,366100000.0,3106600000.0,-3185000000.0,6073400000.0,869950000.0,776750000.0,875650000.0,63.71546149323927,72.83594601391567,69.81054572889597,1.4125299870824874,1.2356536150818314,1.289203501567059,-0.0020279405137449,1.52181000152181,1998-10-22,-0.08,bmo,6208000000.0,2025-04-23,1998-09-30,-0.75,17.61421875,1033669.125
1998-06-30,HES,USD,4447,1998-08-13,1998-08-13 00:00:00,1998,Q2,1617300000.0,1291000000.0,326300000.0,0.2017560131,0,180800000.0,0.0,180800000.0,160000000.0,340800000.0,1631800000.0,0.0,0.0,160000000.0,148000000.0,0.0915105423,-14500000.0,-0.0089655599,-6600000.0,-20800000.0,-0.0128609411,900000.0,-21700000.0,-0.0134174241,-0.0799,-0.0799,271521522,271521522,https://www.sec.gov/Archives/edgar/data/4447/000095012398007479/0000950123-98-007479-index.html,https://www.sec.gov/Archives/edgar/data/4447/,5.956433906554192,-0.079919999859164,0.7472704134296949,-0.691657878965484,0.1506326264626639,11.533155740044798,11.533155740044798,11.533155740044798,8.707228740416387,4914539548.200001,7237839548.200001,-56.619119218894014,3.0387309393433504,24.221486191227207,-26.16900717891374,1.5693883277023792,1.5693883277023792,4.475260958511099,48.904321271621626,35.67195440216856,-38.54014668903089,-0.0044154696054786,-0.0382131424842808,0.7549736547980201,0.3039637948546523,15.697972972972972,1.1708129418162043,0.0,-9.350230414746544,0.0027876467094496,-0.631336405529954,0.1117912570333271,0.0,0.0,1.9255791030064071,0.2415754652816422,2.441875,0.0,,-0.0023191935618921,-0.0027899561578318,-13.628477671836269,251300000.0,3131500000.0,-2923900000.0,5687300000.0,691400000.0,595450000.0,826450000.0,36.51085141903172,40.99845081332301,57.58326878388846,2.4650205761316872,2.195204897126339,1.562953995157385,-0.0069295864601628,1.438928292395179,1998-07-23,-0.08,bmo,1635000000.0,2025-04-23,1998-06-30,-0.0,18.420952380952382,963718.7777777778
1998-03-31,HES,USD,4447,1998-05-14,1998-05-14 00:00:00,1998,Q1,1825800000.0,1515900000.0,309900000.0,0.1697338153,0,178500000.0,0.0,178500000.0,161800000.0,340300000.0,1856200000.0,0.0,0.0,161800000.0,133700000.0,0.073228174,-30400000.0,-0.0166502355,63400000.0,32900000.0,0.0180194983,45500000.0,-12600000.0,-0.0069010845,-0.0466,-0.0466,270270270,270270270,https://www.sec.gov/Archives/edgar/data/4447/000095012398005001/0000950123-98-005001-index.html,https://www.sec.gov/Archives/edgar/data/4447/,6.75546000675546,-0.04662000004662,0.58608000058608,-0.592000000592,0.29415000029415,11.83667001183667,11.83667001183667,11.83667001183667,8.07192000807192,5254054048.8,7356154048.8,-104.24710414285715,2.877672279986855,33.16953313636364,-32.837837805,1.6423538022568849,1.6423538022568849,4.02900320341768,55.019850776365,46.44036646969697,-45.975962805,-0.0023981481505462,-0.030452674927572,0.6819417961301616,0.2841957167422229,15.722513089005236,1.2125083166999335,0.0,-12.571428571428571,0.0052150205813467,-2.1746031746031744,0.0977653631284916,0.0,0.0,2.01010101010101,0.1743893087961441,1.9678615574783684,0.0,,0.0018215112085187,-0.0016413944036267,-12.725502512725502,319400000.0,3199100000.0,-2654900000.0,5590000000.0,859850000.0,677700000.0,882400000.0,35.821557673348664,35.788640411636656,49.093607757767664,2.5124535571762765,2.5147644326476444,1.8332325553271256,-0.003938607733425,1.17808000117808,1998-04-23,-0.2,bmo,1474400000.0,2025-04-23,1998-03-31,0.2499999999999999,18.852622950819672,1222605.163934426
1997-12-31,HES,USD,4447,1998-03-30,1998-03-30 00:00:00,1997,Q4,2118300000.0,1824200000.0,294100000.0,0.1388377473,0,173800000.0,0.0,173800000.0,131700000.0,305500000.0,2129700000.0,0.0,0.0,131700000.0,120300000.0,0.0567908228,-11400000.0,-0.005381674,-89900000.0,-101300000.0,-0.0478213662,-39900000.0,-61400000.0,-0.0289855072,-0.23,-0.23,270507508,270507508,https://www.sec.gov/Archives/edgar/data/4447/000095012398003112/0000950123-98-003112-index.html,https://www.sec.gov/Archives/edgar/data/4447/,7.830836251687328,-0.2269807609184732,1.2158627404899978,-0.3046126172586677,0.337144061820273,11.88765525872206,11.88765525872206,11.88765525872206,7.78388746237683,4947582321.32,6961982321.32,-20.144879158469056,2.33563816330076,15.042816422377625,-60.04347477330096,1.5385708621202223,1.5385708621202223,3.28658939778124,57.871839744970906,21.167474373122527,-84.49007671504854,-0.0124101017451324,-0.0166545990846729,0.6547874490779613,0.2653693948025105,16.744804655029093,1.266509569515489,0.0,-5.356677524429967,0.0027337315472936,-0.220282766687697,0.0820469244205259,0.0,0.0,1.250532076619033,0.1941651324175046,3.123006833712984,0.0,,-0.0010972770360841,-0.0077382602777707,-12.620721787877326,463700000.0,3215700000.0,-2515300000.0,5654500000.0,814900000.0,675100000.0,1023100000.0,42.189491573431525,37.13079706172569,46.27288674487447,2.133232628398792,2.4238639383470635,1.9449834737178804,-0.0190938209410081,1.5204753577486656,1998-01-22,-0.02177,bmo,11438820000.0,2025-04-23,1997-12-31,6.349563619660082,19.344375,1077802.4375
1997-09-30,HES,USD,4447,1997-11-13,1997-11-13 00:00:00,1997,Q3,1884600000.0,1489200000.0,395400000.0,0.2098057943,0,168200000.0,0.0,168200000.0,173200000.0,341400000.0,1830600000.0,0.0,0.0,173200000.0,245600000.0,0.1303194312,54000000.0,0.0286532951,-17000000.0,37000000.0,0.0196328133,14300000.0,22700000.0,0.0120449963,0.0833,0.0833,275570571,275570571,https://www.sec.gov/Archives/edgar/data/4447/000095012397009462/0000950123-97-009462-index.html,https://www.sec.gov/Archives/edgar/data/4447/,6.838901531324983,0.0823745435429678,0.4695711865400895,-0.7000021783893607,0.4739257879608632,11.938502678502632,11.938502678502632,11.938502678502632,7.375969039887064,5665730939.759999,7567730939.759999,62.39791783876652,3.0063307544094235,43.784628591653785,-29.371337168273712,1.7221590138788412,1.7221590138788412,4.01556348283986,30.81323672540716,58.483237556105095,-39.23136827247278,0.0040065439466424,-0.0340467985597938,0.6178303291893371,0.2661202686602338,7.744299674267101,1.3201553348612172,0.0,5.700440528634362,0.0024356963199852,0.6079295154185022,0.0892497081608829,0.0,0.0,2.490726429675425,0.1710177225936538,1.8608545034642032,0.0,4.703950036552625,0.005274342847775,0.0029720211052776,-11.560196680072924,502900000.0,3289900000.0,-2274300000.0,5512500000.0,578550000.0,539350000.0,1050800000.0,30.41069723018147,36.116035455278,66.98025785656729,2.959484924623116,2.491967871485944,1.34367950915817,0.0068999057722119,1.1695733649294504,1997-10-22,0.11,bmo,2613875000.0,2025-04-23,1997-09-30,-0.2727272727272727,19.41,876247.296875
1997-06-30,HES,USD,4447,1997-08-12,1997-08-12 00:00:00,1997,Q2,1834000000.0,1439700000.0,394300000.0,0.2149945474,0,158800000.0,0.0,158800000.0,170300000.0,329100000.0,1768800000.0,0.0,0.0,170300000.0,270700000.0,0.1476008724,65200000.0,0.0355507088,11000000.0,76200000.0,0.0415485278,34500000.0,41700000.0,0.0227371865,0.15,0.15,278278278,278278278,https://www.sec.gov/Archives/edgar/data/4447/000095012397006690/0000950123-97-006690-index.html,https://www.sec.gov/Archives/edgar/data/4447/,6.59052518644664,0.14985000014985,0.6432410078374856,-0.7672176266664982,0.6719892093050828,11.880194256484511,11.880194256484511,11.880194256484511,6.746843531926699,5153713708.559999,6844213708.559999,30.8975642,2.81009471568157,28.79169669586592,-24.139174278969552,1.5588970685299457,1.5588970685299457,3.73185044087241,25.28339013136313,38.23583077407821,-32.0572070658548,0.0080912527078752,-0.0414264377249729,0.5679068360556564,0.2555186586461254,6.244920576283709,1.1714576443653015,0.0,4.302884615384615,0.0026582772685345,0.328537170263789,0.086586695747001,0.0,0.0,2.1927374301675977,0.2140130861504907,2.3047563123899,0.0,6.328946199808871,0.0058300215618421,0.0056751680775198,-10.665313230089774,269600000.0,3306000000.0,-2199800000.0,5245800000.0,596950000.0,506400000.0,979800000.0,25.53271537622683,30.075015628255887,62.09418628881017,3.5248894868345184,2.992517148202037,1.449411054062217,0.0126134301270417,1.4104586345039838,1997-07-23,0.06,bmo,1702181248.0,2025-04-23,1997-06-30,0.8333333333333334,17.30984375,1219408.546875
1997-03-31,HES,USD,4447,1997-05-13,1997-05-13 00:00:00,1997,Q1,2396800000.0,1921100000.0,475700000.0,0.198472964,0,149100000.0,0.0,149100000.0,197500000.0,346600000.0,2267700000.0,0.0,0.0,197500000.0,326600000.0,0.13626502,129100000.0,0.0538634846,-14300000.0,114800000.0,0.0478971963,110200000.0,4600000.0,0.0019192256,0.0167,0.0167,279309309,279309309,https://www.sec.gov/Archives/edgar/data/4447/000095012397004221/0000950123-97-004221-index.html,https://www.sec.gov/Archives/edgar/data/4447/,8.581167625888186,0.0164691968787907,2.193625419051106,1.4077583071175046,1.0730039792551276,11.882883574066629,11.882883574066629,11.882883574066629,6.24075153900438,4935395490.030001,6378795490.030001,268.22801576250004,2.059160334625334,8.055158299379794,12.551870523982709,1.487012802057849,1.487012802057849,2.661379960793558,19.53091086965707,10.410960486420764,16.2227759156409,0.0009320428341137,0.0796694005159878,0.5251883097318469,0.2362276220032796,4.419473361910594,1.324403436207445,0.0,133.19565217391303,0.0056530424069075,6.065217391304348,0.0622079439252336,0.0,0.0,0.3582503672270279,0.0915804405874499,1.111392405063291,0.0,2.098400546619655,0.0008625830010637,0.000623399151635,-9.92394421053829,509800000.0,3319000000.0,-1978600000.0,5333800000.0,760850000.0,598950000.0,1119300000.0,25.29372496662216,24.90916662328874,45.26937691947322,3.558194774346793,3.613127703592251,1.988098934078444,0.0013859596263934,0.7858671119336019,1997-04-21,0.03633,bmo,3624000000.0,2025-04-23,1997-03-31,-0.4494907789705478,18.969672131147544,1184293.3278688523
1996-12-31,HES,USD,4447,1997-03-26,1997-03-26 00:00:00,1996,Q4,2216200000.0,1634000000.0,582200000.0,0.2627019222,0,166900000.0,0.0,166900000.0,231400000.0,398300000.0,2032300000.0,0.0,0.0,231400000.0,415300000.0,0.1873928346,183900000.0,0.0829798755,30000000.0,213900000.0,0.0965165599,94100000.0,119800000.0,0.0540564931,0.43,0.43,278487794,279309309,https://www.sec.gov/Archives/edgar/data/4447/000095012397002524/0000950123-97-002524-index.html,https://www.sec.gov/Archives/edgar/data/4447/,7.957978941080627,0.4301804336889537,0.4955333877218331,-0.4043265178078146,0.4039674356427987,12.149904135475325,12.149904135475325,12.149904135475325,6.892582157478686,5372029546.26,7179029546.26,11.210412241777965,2.423982287816984,38.92775033521739,-47.7089657749556,1.5876668478129805,1.5876668478129805,3.239341912399603,17.286370205297377,52.02195323376811,-63.75692314618117,0.0223006964068923,-0.0209604208298504,0.567295188556567,0.2465797417945918,4.351071514567782,1.3971214738054116,0.0,1.1519198664440735,3.722987714005403e-05,0.001669449081803,0.0753090876274704,0.0,0.0,1.8159420289855075,0.113076437144662,1.082973206568712,0.0,10.844337148081236,0.0164659412905629,0.0153895561693108,-10.830546490665943,689800000.0,3383600000.0,-1974100000.0,5597100000.0,725000000.0,601400000.0,1202300000.0,34.44138615648407,36.69400244798042,70.07772337821297,2.6131352434854382,2.4527169018312818,1.2842882967853493,0.035406076368365,0.8998599055296478,1997-01-22,0.29,bmo,2017506205.0,2025-04-23,1996-12-31,0.4482758620689656,18.83828125,808999.828125
1996-09-30,HES,USD,4447,1996-11-14,1996-11-14 00:00:00,1996,Q3,1746600000.0,1349000000.0,397600000.0,0.2276422764,0,149800000.0,0.0,149800000.0,166700000.0,316500000.0,1665500000.0,0.0,0.0,166700000.0,247800000.0,0.1418756441,81100000.0,0.04643307,89600000.0,170700000.0,0.0977327379,72900000.0,97800000.0,0.0559945036,0.35,0.35,279756757,279756757,https://www.sec.gov/Archives/edgar/data/4447/000095012396006560/0000950123-96-006560-index.html,https://www.sec.gov/Archives/edgar/data/4447/,6.243280837002268,0.3495894113470867,0.3338614623703262,-0.6645058442681333,0.303120471188476,11.447802134766668,11.447802134766668,11.447802134766668,6.459182682046889,4929314058.34,6651514058.34,12.60049605915133,2.822234088136952,52.77638178094219,-26.515944369768693,1.5391600756697683,1.5391600756697683,3.8082640892820336,26.84226819346247,71.21535394368308,-35.78006486465842,0.0198404887257143,-0.0377131580174876,0.5642290638855929,0.2473715912824444,6.949959644874899,1.3053129309778682,0.0,0.9540347293156282,0.0028604385586152,0.1441717791411043,0.0857666323142104,0.0,0.0,2.990364025695932,0.1599106836138784,1.6754649070185963,0.0,9.489240444524397,0.0078797019335976,0.0133884569050487,-10.7229760316388,464900000.0,3202600000.0,-2114600000.0,5308700000.0,646200000.0,503600000.0,1021350000.0,31.015115080728272,35.79985174203114,75.54262416604892,2.9018109320485133,2.513976891539321,1.191380376225382,0.0305376881283956,0.9983673066384596,1996-10-21,0.07,bmo,,2025-04-23,1996-09-30,0.4285714285714285,17.175,1234600.9375
1996-06-30,HES,USD,4447,1996-08-13,1996-08-13 00:00:00,1996,Q2,2094800000.0,1659000000.0,435800000.0,0.2080389536,0,151600000.0,0.0,151600000.0,183600000.0,335200000.0,1994200000.0,0.0,0.0,183600000.0,284200000.0,0.1356692763,100600000.0,0.0480236777,407100000.0,507700000.0,0.2423620393,131300000.0,376400000.0,0.1796830246,1.35,1.35,279675676,279675676,https://www.sec.gov/Archives/edgar/data/4447/000095012396004349/0000950123-96-004349-index.html,https://www.sec.gov/Archives/edgar/data/4447/,7.490104359307958,1.3458446060929516,1.2600309223888315,0.6432450707654677,0.1222844992783712,11.125028978208316,11.125028978208316,11.125028978208316,5.994800920763663,4986617303.08,6629017303.08,3.3120465615568544,2.3804741756158108,14.150446376503972,27.71882881089494,1.6026924545477916,1.6026924545477916,3.164510837827,23.32518403617171,18.811059316345062,36.84834520889383,0.0754820306277594,0.0360765603345747,0.5388571061258597,0.2382617098681218,5.779028852920479,1.2274536256323778,0.0,0.9362380446333688,0.0027874607484746,0.0369287991498405,0.0723696772961619,0.0,0.0,0.4895005675368899,0.0823467634141684,0.9395424836601308,0.0,18.354362028312572,0.0131963445727125,0.0534902228285584,-10.433960656628573,337200000.0,3111400000.0,-2105700000.0,5101700000.0,729800000.0,469800000.0,904500000.0,29.666316593469546,25.52983725135624,49.38878842676312,3.033743664011586,3.525286867828304,1.8222759226713527,0.1209744809410554,0.616785851623364,1996-07-22,0.09,bmo,,2025-04-23,1996-06-30,0.0,18.824285714285715,849603.2380952381
1996-03-31,HES,USD,4447,1996-05-14,1996-05-14 00:00:00,1996,Q1,2214500000.0,1706600000.0,507900000.0,0.2293519982,0,150100000.0,0.0,150100000.0,201500000.0,351600000.0,2058200000.0,0.0,0.0,201500000.0,357800000.0,0.1615714608,156300000.0,0.0705802664,-34800000.0,121500000.0,0.0548656582,55500000.0,66000000.0,0.0298035674,0.24,0.24,279282282,279282282,https://www.sec.gov/Archives/edgar/data/4447/000095012396002312/0000950123-96-002312-index.html,https://www.sec.gov/Archives/edgar/data/4447/,7.929253456902075,0.2363200398083255,0.8016978320164256,0.2352458578091968,0.2567294977917718,9.66799605282515,9.66799605282515,9.66799605282515,9.83127171669272,5144379634.440001,7818379634.440001,19.48628649409091,2.32304341135245,22.97623775989281,78.30105988493152,1.9052552255249808,1.9052552255249808,3.530539460121924,21.851256664169927,34.919069381152305,119.00121209193304,0.0128295352773249,0.0127712192078825,1.016888263397652,0.3551407913287545,7.47344885410844,1.358500778025844,0.0,3.3924242424242426,0.0054233944581419,0.4227272727272727,0.0677805373673515,0.0,0.0,0.7065654309959803,0.0714382479114924,0.7851116625310174,0.0,7.169844996342906,0.0133511084087405,0.0085367273291684,-14.083868736076855,529900000.0,2700100000.0,-3023200000.0,5792400000.0,783700000.0,456250000.0,868700000.0,31.25716866109731,24.733388022969645,47.388960506269775,2.8793394877129117,3.638805970149254,1.8991764967727576,0.0244435391281804,0.5664519742072288,1996-04-22,0.2,bmo,,2025-04-23,1996-03-31,0.1999999999999999,17.77857142857143,827626.5714285715
1995-12-31,HES,USD,4447,1996-03-27,1996-03-27 00:00:00,1995,Q4,1994900000.0,1461400000.0,533500000.0,0.2674319515,0,159900000.0,0.0,159900000.0,275200000.0,435100000.0,1896500000.0,0.0,0.0,244800000.0,373600000.0,0.1872775578,98400000.0,0.0493257807,-503900000.0,-405500000.0,-0.2032683343,-130700000.0,-274800000.0,-0.1377512657,-0.98,-0.98,279282282,279282282,https://www.sec.gov/Archives/edgar/data/4447/000095012396001358/0000950123-96-001358-index.html,https://www.sec.gov/Archives/edgar/data/4447/,7.142952233539828,-0.9839507112019372,1.149374739067765,0.4959140229311073,0.2008720338370767,9.525845968273776,9.525845968273776,9.525845968273776,9.961605799253674,4934917922.940001,7660917922.940001,-4.489554151146288,2.4737670674921053,15.373576083925236,35.63117633891697,1.8549533615020304,1.8549533615020304,3.840251603057798,20.505668958618845,23.865787921931467,55.31348680823105,-0.0556848167063914,0.0280653097301136,1.0457450007517666,0.3586844412356247,7.296573875802998,1.2230462420540944,0.0,-1.168122270742358,0.0028296519524617,-0.0508155026778962,0.080154393703945,0.0,0.0,0.5685358255451713,0.0914832823700436,0.7455065359477124,0.0,,0.0105071923775573,-0.035428807178588,-14.400394365153462,357900000.0,2660400000.0,-3133500000.0,5727600000.0,737100000.0,463950000.0,884450000.0,36.015339114742595,27.312850691118104,51.657314903517175,2.498935237379431,3.295152198421646,1.7422508345255123,-0.1032927379341452,0.6534607161366578,1996-01-22,0.05,bmo,,2025-04-23,1995-12-31,2.6,15.99809523809524,763497.4126984127
1995-09-30,HES,USD,4447,1995-11-14,1995-11-14 00:00:00,1995,Q3,1641900000.0,1283300000.0,358600000.0,0.2184055058,0,170600000.0,0.0,170600000.0,207900000.0,378500000.0,1661800000.0,0.0,0.0,218600000.0,198700000.0,0.1210183324,-19900000.0,-0.0121201048,-48300000.0,-68200000.0,-0.0415372434,36400000.0,-104600000.0,-0.0637066813,-0.37,-0.37,279300300,279300300,https://www.sec.gov/Archives/edgar/data/4447/000095012395003324/0000950123-95-003324-index.html,https://www.sec.gov/Archives/edgar/data/4447/,5.878618819958303,-0.3745072955524931,0.7303966375975965,0.0973862183463462,0.3175793223279746,10.62762911461248,10.62762911461248,10.62762911461248,11.104177116888168,4527457863.0,7540157863.0,-10.820883993785852,2.7574504312077472,22.193420897058825,166.45065672794118,1.5252696368291616,1.5252696368291616,4.592336843291309,37.94744772521389,36.96155815196079,277.2116861397059,-0.023103472890345,0.0060077864494969,1.0448404810834484,0.3757951750293836,15.1620533467539,1.2212482009682062,0.0,-1.9521531100478469,0.0030922430254763,-0.1338432122370937,0.1039040136427309,0.0,0.0,0.8666666666666667,0.1076801266825019,0.8087831655992681,0.0,,-0.0043862889455041,-0.0126743326588229,-15.12323832090406,338200000.0,2968300000.0,-3417800000.0,6447300000.0,620400000.0,411650000.0,928400000.0,37.04915037456605,33.97179147510325,65.22948648016832,2.429205503772748,2.6492568125516103,1.379744113536179,-0.0352390257049489,0.6330104192512503,1995-10-23,-0.14,bmo,,2025-04-23,1995-09-30,1.0,16.022539682539684,683892.1111111111
1995-06-30,HES,USD,4447,1995-08-14,1995-08-14 00:00:00,1995,Q2,1773300000.0,1345100000.0,428200000.0,0.2414707043,0,158800000.0,0.0,158800000.0,202200000.0,361000000.0,1706100000.0,0.0,0.0,211600000.0,278800000.0,0.1572210004,67200000.0,0.0378954492,-58300000.0,8900000.0,0.0050188913,49100000.0,-40200000.0,-0.0226695991,-0.14,-0.14,279264264,279264264,https://www.sec.gov/Archives/edgar/data/4447/000095012395002292/0000950123-95-002292-index.html,https://www.sec.gov/Archives/edgar/data/4447/,6.349899462968882,-0.143949674849912,1.1562524877869802,0.5249508043034106,0.1729544600808644,11.05332975937086,11.05332975937086,11.05332975937086,11.088780052430913,4549214860.559999,7597614860.559999,-28.29113719253731,2.56539494758924,14.08861833558377,31.031479267121416,1.4737640470908382,1.4737640470908382,4.284449817041674,27.251129342037306,23.52931204880768,51.825476538608456,-0.0088366896777109,0.0322253409639908,1.0032072048723597,0.3801124367849953,10.93400286944046,1.3038504023986113,0.0,-8.012406947890819,0.003055472301497,-0.3457711442786069,0.0895505554615688,0.0,0.0,0.5459894704242799,0.0994191620143235,0.8331758034026465,0.0,,-0.0431896561234028,-0.00493445279128,-14.769791669441815,385100000.0,3086800000.0,-3407500000.0,6613200000.0,570050000.0,313900000.0,883950000.0,28.670275757063106,22.6756374990707,62.00505538621664,3.139139670738184,3.96901740926527,1.4514945505557355,-0.0130231955423091,0.6313016834835695,1995-07-24,-0.07,bmo,,2025-04-23,1995-06-30,1.0,16.81952380952381,768254.7619047619
1995-03-31,HES,USD,4447,1995-05-12,1995-05-12 00:00:00,1995,Q1,1892200000.0,1428600000.0,463600000.0,0.2450058133,0,154500000.0,0.0,154500000.0,207800000.0,362300000.0,1790900000.0,0.0,0.0,218100000.0,319400000.0,0.1687982243,101300000.0,0.0535355671,10900000.0,112200000.0,0.0592960575,87000000.0,25200000.0,0.0133178311,0.0899,0.0899,279261261,279261261,https://www.sec.gov/Archives/edgar/data/4447/000095012395001367/0000950123-95-001367-index.html,https://www.sec.gov/Archives/edgar/data/4447/,6.7757339246563095,0.0902380799605427,1.4076424298606889,0.847235306296207,0.1353571199408141,11.268301191263332,11.268301191263332,11.268301191263332,11.560858775897312,4596640356.06,7787340356.06,45.601590833928576,2.4292571377549943,11.693310496209618,19.427896686644125,1.4607348277806025,1.4607348277806025,4.115495378955713,24.381153275078272,19.810074678351565,32.91352644150465,0.0054822648821714,0.0514723758381656,1.0259628829286895,0.3938828294658761,9.989668127739511,1.427275960170697,0.0,15.59920634920635,0.0060696504052612,1.1071428571428572,0.0816509882676249,0.0,0.0,0.3981175273467311,0.0827079589895359,0.7175607519486474,0.0,4.7831654725846295,0.0031566939518215,0.0030744455017934,-14.896444945867376,480600000.0,3146800000.0,-3444400000.0,6812800000.0,572850000.0,290250000.0,893400000.0,27.358630165944405,18.20033599328013,52.99454010919781,3.2896383866481225,4.944963655244029,1.6982881597717547,0.0080081352485064,0.5604071235644817,1995-04-24,-0.03499,bmo,,2025-04-23,1995-03-31,1.0005715918833955,15.736984126984126,691839.7619047619
1994-12-31,HES,USD,4447,1995-03-30,1995-03-30 00:00:00,1994,Q4,1762100000.0,1288400000.0,473700000.0,0.2688269678,0,149500000.0,0.0,149500000.0,219900000.0,369400000.0,1657800000.0,0.0,0.0,231300000.0,335600000.0,0.1904545713,104300000.0,0.0591907383,-47700000.0,56600000.0,0.032120765,47900000.0,8700000.0,0.0049372907,0.0312,0.0312,279261261,279261261,https://www.sec.gov/Archives/edgar/data/4447/000095012395000819/0000950123-95-000819-index.html,https://www.sec.gov/Archives/edgar/data/4447/,6.309861932479064,0.0311536228435207,1.015178399556106,0.3061649141518415,0.1901445256311436,11.09928383514676,11.09928383514676,11.09928383514676,12.248745091787006,4247563779.81,7615063779.81,122.05643045431034,2.410512331768913,14.982588288571431,49.67910853578948,1.3703586849303138,1.3703586849303138,4.321584348113047,22.69089326522646,26.860895166878308,89.06507344807018,0.002048232928568,0.0201291856773071,1.103561749903213,0.4102471845428705,10.034266984505363,1.4330780755784918,0.0,32.58620689655172,0.0032873109796186,1.604949775862069,0.084841949946087,0.0,0.0,0.6984126984126984,0.1123659270188979,0.8560311284046692,0.0,2.789285805497589,0.0021895627968569,0.0010434282013456,-15.342353553291446,520300000.0,3099600000.0,-3516600000.0,6886300000.0,524000000.0,288200000.0,977500000.0,29.13852789285512,20.36945048121701,66.05402049053089,3.088694127957932,4.41838134430727,1.3625211505922166,0.0028068137824235,0.7090134854042645,1995-01-23,0.00947,bmo,,2025-04-23,1994-12-31,2.1678986272439285,15.511746031746032,588233.9682539683
1994-09-30,HES,USD,4447,1994-11-14,1994-11-14 00:00:00,1994,Q3,1494000000.0,1086900000.0,407100000.0,0.2724899598,0,144400000.0,0.0,144400000.0,207700000.0,352100000.0,1439000000.0,0.0,0.0,219000000.0,274000000.0,0.1834002677,55000000.0,0.0368139224,-22400000.0,32600000.0,0.0218206158,34500000.0,-1900000.0,-0.0012717537,-0.0068,-0.0068,279261261,279261261,https://www.sec.gov/Archives/edgar/data/4447/000095012394001853/0000950123-94-001853-index.html,https://www.sec.gov/Archives/edgar/data/4447/,5.349829026232178,-0.0068036647589298,0.0812858894882666,-0.4160978131513916,0.1303438932763395,11.187731477012846,11.187731477012846,11.187731477012846,12.580692314499002,4328549545.5,7805449545.5,-569.5459928289474,2.8972888524096385,190.68500200440528,-37.25085667383821,1.3854461945075698,1.3854461945075698,5.224531154953146,28.487042136861312,343.85240288546254,-67.17254342082616,-0.0004389461134793,-0.0268450202033155,1.124507889767308,0.4165787258261498,12.68941605839416,1.3990641162466135,0.0,-11.947368421052632,0.0032112373565067,-7.315789473684211,0.0966532797858099,0.0,0.0,6.118942731277533,0.0929718875502008,0.6342465753424658,0.0,,-0.0004325472921132,-0.0002252866476161,-15.79229064642804,486100000.0,3124300000.0,-3605200000.0,6980300000.0,498150000.0,381200000.0,983400000.0,28.76506024096385,23.58266629864753,83.58266629864754,3.1287958115183248,3.8163623595505616,1.0767782841291855,-0.0006081362225138,0.4973837026396582,1994-10-24,-0.07,bmo,,2025-04-23,1994-09-30,1.0,16.67578125,558862.890625
1994-06-30,HES,USD,4447,1994-08-12,1994-08-12 00:00:00,1994,Q2,1488200000.0,1058500000.0,429700000.0,0.2887380728,0,139400000.0,0.0,139400000.0,222200000.0,361600000.0,1420100000.0,0.0,0.0,234900000.0,303000000.0,0.2036016664,68100000.0,0.0457599785,-64600000.0,3500000.0,0.0023518344,20200000.0,-16700000.0,-0.01122161,-0.0598,-0.0598,279294294,279294294,https://www.sec.gov/Archives/edgar/data/4447/000095012394001320/0000950123-94-001320-index.html,https://www.sec.gov/Archives/edgar/data/4447/,5.328429659934263,-0.059793559549054,0.6147637230282978,0.1553916457741883,0.1245997528327592,11.122676211924327,11.122676211924327,11.122676211924327,12.226529769347884,4586012307.4800005,7966012307.48,-68.65287885449104,3.0815833271603283,26.709448500174727,105.66848634746545,1.4762634178271368,1.4762634178271368,5.35278343467276,26.290469661650167,46.39494646173559,183.54867067926267,-0.0036415078897109,0.0094635594259554,1.099243521648157,0.403402244536326,11.155115511551156,1.2649547276235713,0.0,-10.220238095238097,0.0030527611051469,-0.8383233532934131,0.0936702056175245,0.0,0.0,0.7472335468841002,0.0862115307082381,0.5461898680289485,0.0,,-0.0446817037092332,-0.0019728292971057,-15.954139041594598,357000000.0,3106500000.0,-3654100000.0,6895500000.0,505750000.0,399500000.0,882450000.0,31.374815213009004,40.608408124704766,81.40387340576287,2.868542791056284,2.216289782244556,1.1055984959264675,-0.0053758248833091,0.4593720772541096,1994-07-25,-0.04071,bmo,,2025-04-23,1994-06-30,0.4738393515106852,16.495806451612903,833794.7741935484
1994-03-31,HES,USD,4447,1994-05-12,1994-05-12 00:00:00,1994,Q1,1857600000.0,1252700000.0,604900000.0,0.3256352283,0,157400000.0,0.0,157400000.0,242700000.0,400100000.0,1652800000.0,0.0,0.0,242700000.0,447500000.0,0.2409022394,204800000.0,0.1102497847,-61600000.0,143200000.0,0.0770887166,59500000.0,83700000.0,0.0450581395,0.3,0.3,278993994,278993994,https://www.sec.gov/Archives/edgar/data/4447/000095012394000892/0000950123-94-000892-index.html,https://www.sec.gov/Archives/edgar/data/4447/,6.658207846581815,0.3000064582035411,1.717241267924929,1.2473386792692032,0.3021570421333156,11.143250632126511,11.143250632126511,11.143250632126511,12.517832193907372,4162590390.48,7570690390.48,12.433065682437276,2.2408432334625323,8.688353977207264,11.961466639310345,1.338927077255621,1.338927077255621,4.075522389362618,16.91774388934078,15.80190020972657,21.754857443908044,0.0201076714613633,0.0836017881547723,1.1233555276786005,0.4156530432505772,7.61586592178771,1.2916941331575478,0.0,5.724014336917563,0.0066785336514444,0.3321385902031063,0.0847329888027562,0.0,0.0,0.2736380713838447,0.0705749354005167,0.5401730531520396,0.0,8.672863482605933,0.0163696944907366,0.0099616767037204,-15.89899816983157,354000000.0,3108900000.0,-3725700000.0,6970500000.0,523850000.0,325500000.0,830450000.0,23.871124031007756,23.090923605013177,58.01468827332961,3.770245585549016,3.897635345364032,1.551331269349845,0.0269227057801794,0.4699025886557257,1994-04-25,0.12,bmo,,2025-04-23,1994-03-31,1.5,15.767936507936508,839555.5396825396
1993-12-31,HES,USD,4447,1994-03-29,1994-03-29 00:00:00,1993,Q4,1630400000.0,1257600000.0,372800000.0,0.2286555447,0,0.0,0.0,198400000.0,271400000.0,469800000.0,1727400000.0,0.0,0.0,271400000.0,174400000.0,0.1069676153,-97000000.0,-0.0594946026,-44900000.0,-141900000.0,-0.0870338567,-8300000.0,-133600000.0,-0.0819430815,-0.49,-0.48,270801907,280280280,https://www.sec.gov/Archives/edgar/data/4447/000095012394000625/0000950123-94-000625-index.html,https://www.sec.gov/Archives/edgar/data/4447/,6.020637070329051,-0.4933495538493383,1.2991045886541708,0.5025813943031059,0.293941800047959,11.185297893784773,11.185297893784773,11.185297893784773,13.95485002991504,4072860681.28,7772260681.28,-7.62137103532934,2.4980745101079487,11.577204892779989,29.925500964584863,1.3446222123737206,1.3446222123737206,4.767088249067713,44.56571491559633,22.092838775667992,57.106985167376926,-0.0328024969314719,0.0334163161105788,1.2476064707824364,0.4373032771708943,21.212155963302752,1.1698426997436076,0.0,-2.633233532934132,0.0033244680851063,-0.1013480190868263,0.0,0.0,0.0,0.6131324616259238,0.1322988223748773,0.794767870302137,0.0,,-0.0122377003118152,-0.0154600999814849,-17.319117328077013,245100000.0,3029000000.0,-3924400000.0,6980000000.0,519800000.0,164800000.0,965100000.0,30.63665358194308,23.587786259541986,61.07347328244275,2.937657657657658,3.815533980582525,1.4736348722756034,-0.044106965995378,0.7965231943510649,1994-01-24,-0.21,bmo,,2025-04-23,1993-12-31,0.3809523809523809,16.2678125,713448.75
1993-09-30,HES,USD,4447,1993-09-30,1993-09-29 20:00:00,1993,Q3,1245100000.0,878400000.0,366700000.0,0.2945144968,0,0.0,0.0,155400000.0,183500000.0,338900000.0,1217300000.0,0.0,0.0,183500000.0,211300000.0,0.1697052446,27800000.0,0.0223275239,-35500000.0,-7700000.0,-0.0061842422,14700000.0,-22400000.0,-0.0179905228,-0.0799,-0.0799,280280280,280280280,,,4.442338933013768,-0.07992000007992,0.28828285743114,-1.0846285725132,0.2465389288179675,11.392524654249668,11.392524654249668,11.392524654249668,13.036236441607665,4952552547.6,8537252547.6,-55.27402396875,3.977634364789977,61.293967173267326,-16.291291275000003,1.5510170516426045,1.5510170516426045,6.856680224560277,40.40346686038808,105.65906618316832,-28.08306759078948,-0.004522920208258,-0.0613824885406451,1.144279853433967,0.4113852077867975,16.964978703265498,1.31806597247506,0.0,-3.607142857142857,0.0027864419140161,-0.6160714285714286,0.0,0.0,0.0,4.762376237623762,0.3090514818086901,2.09700272479564,0.0,,0.0107709668201916,-0.002522039699607,-16.831901266831903,436800000.0,3193100000.0,-3878500000.0,7302100000.0,482400000.0,0.0,1007450000.0,35.0285117661232,0.0,110.32786885245902,2.5693355344614117,0.0,0.8157503714710252,-0.0070151263662271,1.37291142994434,1993-10-25,-0.02524,bmo,,2025-04-23,1993-09-30,2.169572107765452,16.755,643641.828125
1993-06-30,HES,USD,4447,1993-06-30,1993-06-29 20:00:00,1993,Q2,1410300000.0,1161000000.0,249300000.0,0.1767708998,0,0.0,0.0,150400000.0,184700000.0,335100000.0,1496100000.0,0.0,0.0,184700000.0,98900000.0,0.0701269233,-85800000.0,-0.0608381195,-37900000.0,-123700000.0,-0.0877118344,21400000.0,-145100000.0,-0.1028859108,-0.52,-0.52,277538685,277538685,,,5.081453780037907,-0.5228100003428351,-0.0475609373158196,-1.3717006694039788,0.3930983531178725,11.678371971820791,11.678371971820791,11.678371971820791,12.727595073818268,4532206726.049999,7955506726.049999,-7.808764173070296,3.213647256647522,-343.3489943977272,-11.904929671788809,1.3983113433450574,1.3983113433450574,5.641003138374813,80.4399062290192,-602.6899034886363,-20.89704945114263,-0.0320153092677792,-0.08399881625254,1.0898432679254595,0.4094302007510779,34.613751263902934,1.4680943298075255,0.0,0.0909090909090909,0.0030669386548734,-0.0957960027567195,0.0,0.0,0.0,-27.84090909090909,0.2605828547117634,1.989713048186248,0.0,,-0.0134654318373393,-0.0168181185961333,-16.026954945037662,539900000.0,3241200000.0,-3693100000.0,7268500000.0,515000000.0,0.0,892300000.0,30.64454371410338,0.0,72.72093023255815,2.9369012911286965,0.0,1.2376079309242085,-0.0447673701098358,1.3241397320881592,1993-07-23,-0.14,bmo,,2025-04-23,1993-06-30,0.857142857142857,17.645396825396826,749873.6349206349
1993-03-31,HES,USD,4447,1993-03-31,1993-03-30 19:00:00,1993,Q1,1565800000.0,1165700000.0,400100000.0,0.2555243326,0,0.0,0.0,148000000.0,185100000.0,333100000.0,1498800000.0,0.0,0.0,185100000.0,252100000.0,0.1610039596,67000000.0,0.0427896283,-17100000.0,49900000.0,0.0318686933,46400000.0,33000000.0,0.0210754886,0.12,0.12,275275275,275275275,,,5.688124369324488,0.11988000011988,1.453090910544,0.0726545455272,0.580146546034692,12.36580364872944,12.36580364872944,12.36580364872944,11.566966920657876,4850350345.5,7874750345.5,36.745078375000006,3.097681916911483,12.12587586375,242.517517275,1.4248972812867216,1.4248972812867216,5.029218511623451,31.23661382586275,19.68687586375,393.737517275,0.0068036322428989,0.0041234134805448,0.9353995299647474,0.3709170122547877,11.996826656088851,1.3563421375921376,0.0,114.28571428571428,0.0028657723689786,0.4212121212121212,0.0,0.0,0.0,0.95,0.2426874441180227,2.0529443544030253,0.0,5.775316633317362,0.0006453445204058,0.0038441824705279,-15.203326924294236,464100000.0,3404000000.0,-3413900000.0,7061300000.0,653600000.0,355050000.0,914100000.0,31.60173713117895,0.0,65.35558033799434,2.8479447071662425,0.0,1.377082102776137,0.0096944770857814,1.3804363650168,1993-04-27,0.08,bmo,,2025-04-23,1993-03-31,0.49875,16.496451612903225,617749.1935483871
1992-12-31,HES,USD,4447,1992-12-31,1992-12-30 19:00:00,1992,Q4,1575600000.0,1182200000.0,393400000.0,0.2496826606,0,0.0,0.0,172900000.0,188100000.0,361000000.0,1543200000.0,0.0,0.0,188100000.0,220500000.0,0.139946687,32400000.0,0.0205635948,11500000.0,43900000.0,0.0278624016,26000000.0,17900000.0,0.0113607515,0.0754,0.0754,237510238,237510238,,,6.633819296665434,0.0753651722583849,1.4487796521849303,-0.2189379305830176,0.5936586194654901,14.26296410851982,14.26296410851982,14.26296410851982,13.849508247303428,3641031948.54,6789431948.54,50.85240151592179,2.310885979017517,10.58131923435048,-70.01984516423077,1.0748116508855827,1.0748116508855827,4.309108878230515,30.791074596553287,19.730985029177564,-130.56599901038462,0.0049161886665613,-0.0142816654000663,0.9710119258472074,0.3771469192139237,14.278458049886622,1.3635045157887795,0.0,19.22346368715084,0.0038175990204023,0.776536312849162,0.0,0.0,0.0,1.15111886079628,0.2513962934755014,2.105794790005316,0.0,4.917920475816943,0.0017965993418974,0.0020523286477561,-17.406828584795573,551400000.0,3387600000.0,-3265900000.0,6995400000.0,800250000.0,355050000.0,1030800000.0,43.26351865955826,54.05938081542886,74.73608526476062,2.080274623712701,1.6648359386001972,1.2042375471121525,0.0052839768567717,1.6677175827679478,1992-12-30,,bmo,,2025-04-23,1992-12-31,,15.54546875,585464.640625
1992-09-30,HES,USD,4447,1992-09-30,1992-09-29 20:00:00,1992,Q3,1411800000.0,975800000.0,436000000.0,0.3088256127,0,0.0,0.0,161000000.0,206700000.0,367700000.0,1343500000.0,0.0,0.0,206700000.0,275000000.0,0.194786797,68300000.0,0.0483779572,-23700000.0,44600000.0,0.0315908769,35900000.0,8700000.0,0.0061623459,0.0366,0.0366,237510238,237510238,,,5.9441648153289295,0.0366299999244664,0.3806151716289384,-1.3031017214508454,0.3435641372225815,14.844833762492378,14.844833762492378,14.844833762492378,12.79565893913171,3790663398.48,6748163398.48,108.92710915172414,2.6849861159371016,41.93211723982301,-12.247700802843296,1.0751215039083328,1.0751215039083328,4.779829578183878,24.53877599447273,74.64782520442478,-21.803435859386106,0.0022951127772222,-0.0816479775345141,0.8619604061489591,0.3410274249293056,10.754545454545454,1.4306895890586055,0.0,10.511627906976743,0.003825187962037,1.6666666666666667,0.0,0.0,0.0,4.423672566371682,0.2832554186145346,1.934687953555878,0.0,3.497819440876455,0.0018134307218559,0.0009762556667713,-17.396829015850678,673900000.0,3525800000.0,-3147200000.0,7180300000.0,828200000.0,0.0,1013250000.0,53.74628134296643,0.0,99.60135273621644,1.6745344561736448,0.0,0.903602185387536,0.0024675251006863,1.683716893079784,1993-01-25,,bmo,,2025-04-23,1992-09-30,,15.96984375,689546.921875
1992-06-30,HES,USD,4447,1992-06-30,1992-06-29 20:00:00,1992,Q2,1457700000.0,1020900000.0,436800000.0,0.2996501338,0,0.0,0.0,159800000.0,218400000.0,378200000.0,1399100000.0,0.0,0.0,218500000.0,277100000.0,0.1900939837,58600000.0,0.0402003156,-17400000.0,41200000.0,0.0282637031,36800000.0,4400000.0,0.0030184537,0.02,0.02,220220220,220220220,,,6.619283188437465,0.01998000001998,1.32322091041413,-0.542638636906275,0.575333182393515,16.28733274356006,16.28733274356006,16.28733274356006,12.5783181943965,3320920917.6,5964220917.6,188.6886885,2.278192301296563,11.396434171585453,-27.79013320167364,0.925872899966544,0.925872899966544,4.091528378678741,21.52371316347889,20.46747054770076,-49.90979847364017,0.0013249336883275,-0.035983994489806,0.7722761235641797,0.316116221212882,9.53915553951642,1.347373130512591,0.0,66.22727272727273,0.0041253617113836,3.113636363636364,0.0,0.0,0.0,1.410089224433768,0.2818824175070316,1.880549199084668,0.0,2.705913975386024,0.0008694432380084,0.0005021340697966,-18.008450813462996,543500000.0,3586800000.0,-3067700000.0,7032200000.0,841800000.0,398600000.0,874300000.0,50.21403580983742,0.0,83.4498971495739,1.7923275544079675,0.0,1.0784914430593704,0.0012267201962752,1.865859547320405,1992-06-29,,bmo,,2025-04-23,1992-06-30,,14.478730158730158,1124667.9047619049
1992-03-31,HES,USD,4447,1992-03-31,1992-03-30 19:00:00,1992,Q1,1429900000.0,1046000000.0,383900000.0,0.2684803133,0,0.0,0.0,147700000.0,220100000.0,367800000.0,1413800000.0,0.0,0.0,220100000.0,236200000.0,0.1651863767,16100000.0,0.0112595286,-22300000.0,-6200000.0,-0.0043359676,17200000.0,-23400000.0,-0.0163647808,-0.0966,-0.0966,242311277,242311277,,,5.901087302676384,-0.0965699999179155,1.699466921632376,0.2513296151709852,0.366470768919269,12.502926143218666,12.502926143218666,12.502926143218666,13.102980758093237,2987698045.41,6073898045.41,-31.9198509125,2.0894454475208057,7.255216234604177,49.05908120541872,0.9861691462272248,0.9861691462272248,4.247778198062801,25.71506369775614,14.749630999052938,99.73560008883416,-0.0078321167816638,0.0203835859830482,1.0479931344071824,0.3840942633858363,13.066045723962745,1.3695881731784585,0.0,-17.5982905982906,0.0073969991826825,-0.9444444444444444,0.0,0.0,0.0,0.852112676056338,0.2454017763479963,1.5942753293957292,0.0,,0.0087390721004763,-0.0028308049647963,-16.895932581792305,525000000.0,3029600000.0,-3291100000.0,6678600000.0,1032700000.0,921750000.0,888700000.0,54.77795650045458,68.59273422562141,69.0057361376673,1.6429966678156958,1.3120923231309582,1.3042394014962593,-0.0077237919197253,1.448137306461391,1992-03-30,,bmo,,2025-04-23,1992-03-31,,14.28888888888889,1037709.7777777778
1991-12-31,HES,USD,4447,1991-12-31,1991-12-30 19:00:00,1991,Q4,1605800000.0,1198400000.0,407400000.0,0.2537053182,0,0.0,0.0,192600000.0,250500000.0,443100000.0,1641500000.0,0.0,0.0,250500000.0,214800000.0,0.1337651015,-35700000.0,-0.0222319093,-31600000.0,-67300000.0,-0.0419105742,-15700000.0,-51600000.0,-0.032133516,-0.21,-0.21,250250250,250250250,,,6.4167768064167765,-0.2061936002061936,0.6361632006361632,-1.0945044010945044,0.4803192004803192,12.515472012515472,12.515472012515472,12.515472012515472,12.718069212718069,3961461457.5,7023961457.5,-19.193127216569767,2.466970642358949,24.883551868718595,-14.463167059145674,1.2648344372605365,1.2648344372605365,4.374119726927388,32.70000678538175,44.12036091394472,-25.64425504746258,-0.0130254959068978,-0.0691411497848707,1.0161877394636016,0.3599769267310607,14.257448789571695,1.337853901015777,0.0,-3.085271317829457,0.0005553506006816,-0.0426356589147286,0.0,0.0,0.0,2.720477386934673,0.2697098019678665,1.728942115768463,0.0,,-0.0038278981067435,-0.0058361797905309,-16.80387931680388,625300000.0,3132000000.0,-3233300000.0,6815900000.0,1041700000.0,928250000.0,1035300000.0,66.9815668202765,78.57726969292389,73.25267022696929,1.3436532507739938,1.1453693969224887,1.2286241541931515,-0.0164750957854406,1.7306676017306677,1991-12-30,,bmo,,2025-04-23,1991-12-31,,17.23265625,663943.609375
1991-09-30,HES,USD,4447,1991-09-30,1991-09-29 20:00:00,1991,Q3,1311400000.0,926200000.0,385200000.0,0.2937318896,0,0.0,0.0,159000000.0,186400000.0,345400000.0,1271600000.0,0.0,0.0,186400000.0,226200000.0,0.172487418,39800000.0,0.0303492451,-26100000.0,13700000.0,0.0104468507,21200000.0,-7500000.0,-0.0057190788,-0.03,-0.03,250250250,250250250,,,5.240354405240354,-0.02997000002997,-0.1614384001614384,-2.0855124020855125,0.5006988005006988,12.580606812580609,12.580606812580609,12.580606812580609,11.942445611942446,4712212207.5,7575512207.5,-157.07374025,3.5932684211529664,-116.63891602722772,-9.028956136232996,1.4967481521773651,1.4967481521773651,5.77666021618118,33.49032806145004,-187.51267840346537,-14.51525619371527,-0.0015916091359516,-0.1107547744070904,0.949274211479211,0.3562522350697342,12.658267020335986,1.4196621914248593,0.0,5.386666666666667,0.0025465746175226,-1.6,0.0,0.0,0.0,-11.918316831683168,0.3671648619795638,2.583154506437768,0.0,,-0.0031455103609001,-0.0008940278936702,-15.590693715590694,678300000.0,3148300000.0,-2946100000.0,6627500000.0,944150000.0,860850000.0,986000000.0,60.96309287784048,78.7281364716044,106.4219391060246,1.476303050771136,1.1431745248086893,0.8456902848794741,-0.0023822380332242,1.924074001924074,1991-09-29,,bmo,,2025-04-23,1991-09-30,,18.54203125,492946.546875
1991-06-30,HES,USD,4447,1991-06-30,1991-06-29 20:00:00,1991,Q2,1391700000.0,1008000000.0,383700000.0,0.2757059711,0,0.0,0.0,153600000.0,188500000.0,342100000.0,1350100000.0,0.0,0.0,188500000.0,230100000.0,0.1653373572,41600000.0,0.0298914996,2300000.0,43900000.0,0.0315441546,-23900000.0,67800000.0,0.048717396,0.28,0.28,242385242,242385242,,,5.7416862038159895,0.2797200004445815,0.6279260186971284,-1.176639293905526,0.3403672571781412,12.81967488763198,12.81967488763198,12.81967488763198,9.976680015856742,4181145424.5,6516845424.5,15.417202892699116,3.0043439135589565,27.471389122864657,-14.660397701612904,1.345587945965951,1.345587945965951,4.6826510199755695,28.321796716644936,42.817644050591326,-22.850089146213183,0.0162156521996858,-0.0682109735597406,0.7782319055128246,0.3086840526430003,10.150803998261626,1.2601799242424243,0.0,2.2481536189069424,0.0029178607202974,0.1799410029498525,0.0,0.0,0.0,2.873850197109067,0.3142918732485449,2.320424403183024,0.0,8.98238208764945,0.0103030623161243,0.008654693064757,-14.257056128854575,439600000.0,3107300000.0,-2597400000.0,5989100000.0,1020250000.0,979000000.0,842250000.0,64.66910972192282,81.38392857142857,78.28571428571429,1.3917,1.1058694459681844,1.1496350364963503,0.0218195861358735,1.8045653126026544,1991-06-29,,bmo,,2025-04-23,1991-06-30,,17.31484375,553964.40625
1991-03-31,HES,USD,4447,1991-03-31,1991-03-30 19:00:00,1991,Q1,1957800000.0,1515600000.0,442200000.0,0.2258657677,0,0.0,0.0,140100000.0,203400000.0,343500000.0,1859100000.0,0.0,0.0,203400000.0,302100000.0,0.1543058535,98700000.0,0.0504137297,27300000.0,126000000.0,0.0643579528,50300000.0,75700000.0,0.0386658494,0.31,0.31,244437986,244437986,,,8.009393433637602,0.309690000473167,4.472709082130958,2.998715592428421,0.617334492356683,12.625697218762063,12.625697218762063,12.625697218762063,9.087785562101628,3757011844.82,5827511844.82,12.40756884022457,1.9189967539176624,3.4363960896551724,5.125527755552524,1.2173585136478515,1.2173585136478515,2.976561367259168,19.29000941681562,5.330203827695966,7.950220797844475,0.0201489915727499,0.1951018602751087,0.719784848681226,0.2843319211028197,6.853690830850712,1.1663275141908536,0.0,14.442536327608982,0.0026883066695478,0.1334214002642008,0.0,0.0,0.0,0.3295527302661666,0.1840330983757278,1.771386430678466,0.0,9.37956150345958,0.009757027286439,0.00968935195259,-13.874173386455574,310600000.0,3086200000.0,-2548500000.0,5791100000.0,1333850000.0,1244250000.0,1076700000.0,47.83174992338339,62.1437054631829,47.96318289786223,1.881595386833253,1.4482560917343523,1.8764392720069327,0.0245285464325059,1.4739934897025375,1991-03-30,,bmo,,2025-04-23,1991-03-31,,15.537213114754095,731136.3114754099
1990-12-31,HES,USD,4447,1990-12-31,1990-12-30 19:00:00,1990,Q4,2328500000.0,1697500000.0,631000000.0,0.2709899077,0,0.0,0.0,163100000.0,262300000.0,425400000.0,2122900000.0,0.0,0.0,262300000.0,467900000.0,0.2009448143,205600000.0,0.088297187,44500000.0,250100000.0,0.1074082027,14900000.0,235200000.0,0.1010092334,0.97,0.97,239309819,243017584,,,9.730064607169336,0.982826367020068,1.8281740457962568,-0.9247426659079124,0.5428109909689915,12.978991054270113,12.978991054270113,12.978991054270113,12.223902939812094,3699729801.74,6495129801.74,3.932535928720238,1.5888897581017825,8.45652526112,-16.718164490465433,1.191155763599485,1.191155763599485,2.789405111333477,13.881448603846977,14.846010975405711,-29.34988613529146,0.0635722100271712,-0.0598151789073682,0.9418222794591112,0.3230020095841706,5.9743534943363965,1.225397892849137,0.0,1.860119047619048,0.0038651471232506,0.0607993197278911,0.0,0.0,0.0,1.5058285714285715,0.2829289242001288,2.511627906976744,0.0,16.941432320577878,0.0285460764389857,0.0259700108208378,-16.411570642657164,603300000.0,3106000000.0,-2670700000.0,6166900000.0,1278100000.0,721000000.0,1307700000.0,62.89370839596306,76.45360824742268,71.34786450662739,1.4309857423795478,1.1771844660194175,1.2614252805231478,0.075724404378622,2.7529167117041697,1990-12-30,,bmo,,2025-04-23,1990-12-31,,16.16109375,460865.015625
1990-09-30,HES,USD,4447,1990-09-30,1990-09-29 20:00:00,1990,Q3,1741900000.0,1025800000.0,716100000.0,0.4111028188,0,0.0,0.0,149000000.0,151700000.0,300700000.0,1326500000.0,0.0,0.0,151700000.0,567100000.0,0.3255640393,415400000.0,0.2384752282,-46400000.0,369000000.0,0.2118376485,89000000.0,280000000.0,0.1607440152,1.15,1.15,243017584,243017584,,,7.167794080283508,1.1521800002752065,1.26492904315928,-0.4028515072390811,0.6678529073023786,11.798734695675355,11.798734695675355,11.798734695675355,9.841674666636468,4051103125.28,6280503125.280001,3.617056361857143,2.32568065059992,13.178604831750166,-41.38001149417774,1.4128633645868938,1.4128633645868938,3.605547462701648,11.074771866125904,20.4310446495771,-64.15222804167519,0.0691169766211881,-0.0241662571829082,0.8341296690266105,0.3029539178679097,3.931229060130488,1.2717842323651452,0.0,1.0978571428571429,0.0030115254099231,0.0435714285714285,0.0,0.0,0.0,1.3184775536759925,0.2326769619381135,2.6717205009887937,0.0,17.48916774064684,0.0532591024747771,0.0354672814328781,-14.539688617758625,537100000.0,2867300000.0,-2514000000.0,5391300000.0,656150000.0,0.0,1098550000.0,47.99931109707791,0.0,111.39890816923376,1.87502691065662,0.0,0.8079073796959911,0.0976528441390855,1.6677805503983614,1990-09-29,,bmo,,2025-04-23,1990-09-30,,16.952222222222222,983928.4285714284
1990-06-30,HES,USD,4447,1990-06-30,1990-06-29 20:00:00,1990,Q2,1222600000.0,967300000.0,255300000.0,0.2088172747,0,0.0,0.0,128600000.0,165200000.0,293800000.0,1261100000.0,0.0,0.0,165200000.0,126700000.0,0.1036316048,-38500000.0,-0.0314902666,-41600000.0,-80100000.0,-0.0655161132,-8000000.0,-72100000.0,-0.0589726812,-0.3,-0.3,243276985,243276985,,,5.025547320064001,-0.2963699998172864,0.5060075863732034,-0.283627322987417,0.4102319831035393,10.48886724734771,10.48886724734771,10.48886724734771,9.76787837123187,3578604449.3500004,5855104449.35,-12.408475899271846,2.9270443721168005,29.070710392770103,-51.86383259927537,1.4024393343065409,1.4024393343065409,4.789059749182071,46.21234766653512,47.56380543744923,-84.85658622246378,-0.0201475186823444,-0.0192812592105653,0.931261511933221,0.3647429009976976,17.967640094711918,1.436176413444725,0.0,-1.7049861495844876,0.003381206325331,-0.1678224687933426,0.0,0.0,0.0,1.560519902518278,0.1571241616227711,1.1628329297820823,0.0,,-0.0063174140462091,-0.0110667689946277,-12.793339246620471,449000000.0,2551700000.0,-2484900000.0,5012100000.0,442000000.0,0.0,940150000.0,28.216096842794045,0.0,86.28760467280058,3.189668666840595,0.0,1.0430235065775286,-0.0282556726887957,0.7896349093606204,1990-06-29,,bmo,,2025-04-23,1990-06-30,,15.296190476190477,734363.9841269841
1990-03-31,HES,USD,4447,1990-03-31,1990-03-30 19:00:00,1990,Q1,1654500000.0,1238200000.0,416300000.0,0.2516168027,0,0.0,0.0,128500000.0,164300000.0,292800000.0,1531000000.0,0.0,0.0,164300000.0,287800000.0,0.1739498338,123500000.0,0.0746449078,-46900000.0,76600000.0,0.0462979752,36900000.0,39700000.0,0.0239951647,0.16,0.16,243304529,243304529,,,6.80012002571477,0.1631700000126179,1.8840586399441828,1.0406711335817345,0.3460683627471644,10.697704685965792,10.697704685965792,10.697704685965792,9.30891015185336,3841778512.91,6022478512.91,24.192559904974807,2.3220178379631307,8.380843178250437,15.172900919865718,1.476017562974489,1.476017562974489,3.64005954240556,20.925915611223072,13.138042131130018,23.78546016157188,0.010333755542281,0.0659069748943467,0.870178269555863,0.3440162826374227,7.577136900625434,1.3386247806834322,0.0,11.546599496221662,0.0057525440172395,0.5566750629722922,0.0,0.0,0.0,0.4476439790575916,0.1240253853127833,1.248934875228241,0.0,6.266957049417243,0.0118822269541579,0.0060300438962893,-12.514049830942522,405300000.0,2602800000.0,-2378700000.0,4915300000.0,601750000.0,240100000.0,993000000.0,27.23662737987307,0.0,69.26263931513488,3.304373876572798,0.0,1.2994018260048277,0.0152528046718918,0.8433875063624483,1990-03-30,,bmo,,2025-04-23,1990-03-31,,15.943492063492064,722416.2380952381
1989-12-31,HES,USD,4447,1989-12-31,1989-12-30 19:00:00,1989,Q4,1447100000.0,0.0,1447100000.0,1.0,0,0.0,0.0,0.0,-4971100000.0,-4971100000.0,-4971100000.0,0.0,0.0,0.0,-3524000000.0,-2.4352152581,-3524000000.0,-2.4352152581,3524000000.0,0.0,0.0,0.0,0.0,0.0,0.0,0.0,242654655,243864865,,,5.963619366791047,0.0,,,0.4957662979925112,10.55244540847568,10.55244540847568,10.55244540847568,11.115385361142154,3943138143.75,6520038143.75,0.0,2.724855327033377,0.0,0.0,1.5399274169140047,1.5399274169140047,4.505589208589593,-1.8501810850595912,0.0,0.0,0.0,,1.0533468718269157,0.392754171884556,-0.7312429057888763,1.338318013444917,0.0,0.0,0.00307692,0.0,0.0,0.0,0.0,0.0,,0.0,,0.0,,0.0,-12.951946048593216,493200000.0,2560600000.0,-2355800000.0,4972300000.0,,,,43.70948794140004,0.0,0.0,2.059049516220831,0.0,0.0,0.0,,1989-12-30,,bmo,,2025-04-23,1989-12-31,,,
1989-09-30,HES,USD,4447,1989-09-30,1989-09-29 20:00:00,1989,Q3,1183100000.0,0.0,1183100000.0,1.0,0,0.0,0.0,0.0,0.0,0.0,0.0,0.0,0.0,0.0,1183100000.0,1.0,1183100000.0,1.0,-1183100000.0,0.0,0.0,0.0,0.0,0.0,0.0,0.0,243864865,243864865,,,4.8514573839901045,0.0,,,,,,,,3404353515.4,,0.0,2.8774858552954106,0.0,0.0,0.0,0.0,,,0.0,0.0,0.0,,0.0,0.0,,0.0,0.0,0.0,0.0035816583094555,0.0,0.0,0.0,0.0,0.0,,0.0,,,0.0,0.0,,,,,,,,,,0.0,0.0,0.0,0.0,0.0,0.0,,1989-12-30,,bmo,,2025-04-23,1989-09-30,,,
1989-06-30,HES,USD,4447,1989-06-30,1989-06-29 20:00:00,1989,Q2,1452200000.0,0.0,1452200000.0,1.0,0,0.0,0.0,0.0,0.0,0.0,0.0,0.0,0.0,0.0,1452200000.0,1.0,1452200000.0,1.0,-1452200000.0,0.0,0.0,0.0,0.0,0.0,0.0,0.0,243015015,243015015,,,5.975762444143626,0.0,,,,,,,,3006095735.55,,0.0,2.070028739533122,0.0,0.0,0.0,0.0,,,0.0,0.0,0.0,,0.0,0.0,,0.0,0.0,0.0,0.0040420331447049,0.0,0.0,0.0,0.0,0.0,,0.0,,,0.0,0.0,,,,,,,,,,0.0,0.0,0.0,0.0,0.0,0.0,,1989-12-30,,bmo,,2025-04-23,1989-06-30,,,
1989-03-31,HES,USD,4447,1989-03-31,1989-03-30 19:00:00,1989,Q1,1458400000.0,0.0,1458400000.0,1.0,0,0.0,0.0,0.0,0.0,0.0,0.0,0.0,0.0,0.0,1458400000.0,1.0,1458400000.0,1.0,-1458400000.0,0.0,0.0,0.0,0.0,0.0,0.0,0.0,246171171,246171171,,,5.924333032481695,0.0,,,,,,,,3077139637.5,,0.0,2.109942154072957,0.0,0.0,0.0,0.0,,,0.0,0.0,0.0,,0.0,0.0,,0.0,0.0,0.0,0.003999996,0.0,0.0,0.0,0.0,0.0,,0.0,,,0.0,0.0,,,,,,,,,,0.0,0.0,0.0,0.0,0.0,0.0,,1989-12-30,,bmo,,2025-04-23,1989-03-31,,,
1988-12-31,HES,USD,4447,1988-12-31,1988-12-30 19:00:00,1988,Q4,1170400000.0,0.0,1170400000.0,1.0,0,0.0,0.0,0.0,-3968300000.0,-3968300000.0,-3968300000.0,0.0,0.0,0.0,-2797900000.0,-2.3905502392,-2797900000.0,-2.3905502392,2797900000.0,0.0,0.0,0.0,0.0,0.0,0.0,0.0,246183183,246339339,,,4.754183391966299,0.0,,,0.8660217867115643,8.99817758875918,8.99817758875918,8.99817758875918,6.792909164717397,2584923421.5,4044023421.5,0.0,2.208581187200957,0.0,0.0,1.1669029530065005,1.1669029530065005,3.455248993079289,-1.4453781126916616,0.0,0.0,0.0,,0.7549205489346335,0.3112993298585257,-0.5214982665570607,1.2218504396545016,0.0,0.0,0.0047619,0.0,0.0,0.0,0.0,0.0,,0.0,,0.0,,0.0,-8.86179540541565,285100000.0,2215200000.0,-1586600000.0,3964800000.0,,,,34.53434723171566,0.0,0.0,2.606101091071031,0.0,0.0,0.0,,1988-12-30,,bmo,,2025-04-23,1988-12-31,,,
1988-09-30,HES,USD,4447,1988-09-30,1988-09-29 20:00:00,1988,Q3,921500000.0,0.0,921500000.0,1.0,0,0.0,0.0,0.0,0.0,0.0,0.0,0.0,0.0,0.0,921500000.0,1.0,921500000.0,1.0,-921500000.0,0.0,0.0,0.0,0.0,0.0,0.0,0.0,246339339,246339339,,,3.740774834181072,0.0,,,,,,,,2175176363.37,,0.0,2.3604735359414,0.0,0.0,0.0,0.0,,,0.0,0.0,0.0,,0.0,0.0,,0.0,0.0,0.0,0.0056625084937712,0.0,0.0,0.0,0.0,0.0,,0.0,,,0.0,0.0,,,,,,,,,,0.0,0.0,0.0,0.0,0.0,0.0,,1988-12-30,,bmo,,2025-04-23,1988-09-30,,,
1988-06-30,HES,USD,4447,1988-06-30,1988-06-29 20:00:00,1988,Q2,876100000.0,0.0,876100000.0,1.0,0,0.0,0.0,0.0,0.0,0.0,0.0,0.0,0.0,0.0,876100000.0,1.0,876100000.0,1.0,-876100000.0,0.0,0.0,0.0,0.0,0.0,0.0,0.0,246408408,246408408,,,3.5554793243905864,0.0,,,,,,,,2124040476.96,,0.0,2.42442697975117,0.0,0.0,0.0,0.0,,,0.0,0.0,0.0,,0.0,0.0,,0.0,0.0,0.0,0.0058004582366589,0.0,0.0,0.0,0.0,0.0,,0.0,,,0.0,0.0,,,,,,,,,,0.0,0.0,0.0,0.0,0.0,0.0,,1988-12-30,,bmo,,2025-04-23,1988-06-30,,,
1988-03-31,HES,USD,4447,1988-03-31,1988-03-30 19:00:00,1988,Q1,1238000000.0,0.0,1238000000.0,1.0,0,0.0,0.0,0.0,0.0,0.0,0.0,0.0,0.0,0.0,1238000000.0,1.0,1238000000.0,1.0,-1238000000.0,0.0,0.0,0.0,0.0,0.0,0.0,0.0,252450450,252450450,,,4.903932633116717,0.0,,,,,,,,2504308464.0,,0.0,2.0228662875605816,0.0,0.0,0.0,0.0,,,0.0,0.0,0.0,,0.0,0.0,,0.0,0.0,0.0,0.0050403175403225,0.0,0.0,0.0,0.0,0.0,,0.0,,,0.0,0.0,,,,,,,,,,0.0,0.0,0.0,0.0,0.0,0.0,,1988-12-30,,bmo,,2025-04-23,1988-03-31,,,
1987-12-31,HES,USD,4447,1987-12-31,1987-12-30 19:00:00,1987,Q4,1241000000.0,0.0,1241000000.0,1.0,0,0.0,0.0,0.0,-4315900000.0,-4315900000.0,-4315900000.0,0.0,0.0,0.0,-3074900000.0,-2.4777598711,-3074900000.0,-2.4777598711,3074900000.0,0.0,0.0,0.0,0.0,0.0,0.0,0.0,246513514,253465465,,,5.034206765638009,0.0,,,0.9188137247518204,8.756112251111718,8.756112251111718,8.756112251111718,6.617892761854833,2043597031.06,3448497031.0599995,0.0,1.6467341104431907,0.0,0.0,0.9467672138336808,0.9467672138336808,2.7788050209991937,-1.1214989206348172,0.0,0.0,0.0,,0.7558026407227241,0.3075328004825818,-0.4568929070864093,1.1097163794273308,0.0,0.0,0.0060313570566948,0.0,0.0,0.0,0.0,0.0,,0.0,,0.0,,0.0,-8.656117733164114,161700000.0,2158500000.0,-1510800000.0,3711100000.0,,,,32.475423045930704,0.0,0.0,2.7713264850379637,0.0,0.0,0.0,,1987-12-30,,bmo,,2025-04-23,1987-12-31,,,
1987-09-30,HES,USD,4447,1987-09-30,1987-09-29 20:00:00,1987,Q3,1104700000.0,0.0,1104700000.0,1.0,0,0.0,0.0,0.0,0.0,0.0,0.0,0.0,0.0,0.0,1104700000.0,1.0,1104700000.0,1.0,-1104700000.0,0.0,0.0,0.0,0.0,0.0,0.0,0.0,253465465,253465465,,,4.3583846817159095,0.0,,,,,,,,2978219213.75,,0.0,2.695952940843668,0.0,0.0,0.0,0.0,,,0.0,0.0,0.0,,0.0,0.0,,0.0,0.0,0.0,0.004255314893617,0.0,0.0,0.0,0.0,0.0,,0.0,,,0.0,0.0,,,,,,,,,,0.0,0.0,0.0,0.0,0.0,0.0,,1987-12-30,,bmo,,2025-04-23,1987-09-30,,,
1987-06-30,HES,USD,4447,1987-06-30,1987-06-29 20:00:00,1987,Q2,1137900000.0,0.0,1137900000.0,1.0,0,0.0,0.0,0.0,0.0,0.0,0.0,0.0,0.0,0.0,1137900000.0,1.0,1137900000.0,1.0,-1137900000.0,0.0,0.0,0.0,0.0,0.0,0.0,0.0,249594595,249594595,,,4.558992954154316,0.0,,,,,,,,3192314870.05,,0.0,2.8054441251867472,0.0,0.0,0.0,0.0,,,0.0,0.0,0.0,,0.0,0.0,,0.0,0.0,0.0,0.0039093002345582,0.0,0.0,0.0,0.0,0.0,,0.0,,,0.0,0.0,,,,,,,,,,0.0,0.0,0.0,0.0,0.0,0.0,,1987-12-30,,bmo,,2025-04-23,1987-06-30,,,
1987-03-31,HES,USD,4447,1987-03-31,1987-03-30 19:00:00,1987,Q1,1222900000.0,0.0,1222900000.0,1.0,0,0.0,0.0,0.0,0.0,0.0,0.0,0.0,0.0,0.0,1222900000.0,1.0,1222900000.0,1.0,-1222900000.0,0.0,0.0,0.0,0.0,0.0,0.0,0.0,249438438,249438438,,,4.902612483485805,0.0,,,,,,,,2629081136.52,,0.0,2.149874181470276,0.0,0.0,0.0,0.0,,,0.0,0.0,0.0,,0.0,0.0,,0.0,0.0,0.0,,0.0,0.0,0.0,0.0,0.0,,0.0,,,0.0,0.0,,,,,,,,,,0.0,0.0,0.0,0.0,0.0,0.0,,1987-12-30,,bmo,,2025-04-23,1987-03-31,,,
1986-12-31,HES,USD,4447,1986-12-31,1986-12-30 19:00:00,1986,Q4,875900000.0,0.0,875900000.0,1.0,0,0.0,0.0,0.0,-4001800000.0,-4001800000.0,-4001800000.0,0.0,0.0,0.0,-3125900000.0,-3.5687863911,-3125900000.0,-3.5687863911,3125900000.0,0.0,0.0,0.0,0.0,0.0,0.0,0.0,249471471,249471471,,,3.511022709286065,0.0,,,0.3715855750094968,8.218174173511006,8.218174173511006,8.218174173511006,6.126151394681919,1975814050.32,3411414050.32,0.0,2.2557529972827948,0.0,0.0,0.963717710623354,0.963717710623354,3.8947528831145104,-1.0913381907034774,0.0,0.0,0.0,,0.7454394693200663,0.311003032091329,-0.4592597331968393,1.3145152982383848,0.0,0.0,,0.0,0.0,0.0,0.0,0.0,,0.0,,0.0,,0.0,-8.533240259765014,305300000.0,2050200000.0,-1587900000.0,3834500000.0,,,,35.57255394451421,0.0,0.0,2.530040439052571,0.0,0.0,0.0,,1986-12-30,,bmo,,2025-04-23,1986-12-31,,,
1986-09-30,HES,USD,4447,1986-09-30,1986-09-29 20:00:00,1986,Q3,780000000.0,0.0,780000000.0,1.0,0,0.0,0.0,0.0,0.0,0.0,0.0,0.0,0.0,0.0,780000000.0,1.0,780000000.0,1.0,-780000000.0,0.0,0.0,0.0,0.0,0.0,0.0,0.0,249471471,249471471,,,3.126610016261138,0.0,,,,,,,,1851078314.82,,0.0,2.3731773266923075,0.0,0.0,0.0,0.0,,,0.0,0.0,0.0,,0.0,0.0,,0.0,0.0,0.0,,0.0,0.0,0.0,0.0,0.0,,0.0,,,0.0,0.0,,,,,,,,,,0.0,0.0,0.0,0.0,0.0,0.0,,1986-12-30,,bmo,,2025-04-23,1986-09-30,,,
1986-06-30,HES,USD,4447,1986-06-30,1986-06-29 20:00:00,1986,Q2,927100000.0,0.0,927100000.0,1.0,0,0.0,0.0,0.0,0.0,0.0,0.0,0.0,0.0,0.0,927100000.0,1.0,927100000.0,1.0,-927100000.0,0.0,0.0,0.0,0.0,0.0,0.0,0.0,249471471,249471471,,,3.71625659753295,0.0,,,,,,,,1673953570.41,,0.0,1.805580380120807,0.0,0.0,0.0,0.0,,,0.0,0.0,0.0,,0.0,0.0,,0.0,0.0,0.0,,0.0,0.0,0.0,0.0,0.0,,0.0,,,0.0,0.0,,,,,,,,,,0.0,0.0,0.0,0.0,0.0,0.0,,1986-12-30,,bmo,,2025-04-23,1986-06-30,,,
1986-03-31,HES,USD,4447,1986-03-31,1986-03-30 19:00:00,1986,Q1,1431600000.0,0.0,1431600000.0,1.0,0,0.0,0.0,0.0,0.0,0.0,0.0,0.0,0.0,0.0,1431600000.0,1.0,1431600000.0,1.0,-1431600000.0,0.0,0.0,0.0,0.0,0.0,0.0,0.0,249156156,249156156,,,5.745794215897279,0.0,,,,,,,,1649413752.72,,0.0,1.152147075104778,0.0,0.0,0.0,0.0,,,0.0,0.0,0.0,,0.0,0.0,,0.0,0.0,0.0,,0.0,0.0,0.0,0.0,0.0,,0.0,,,0.0,0.0,,,,,,,,,,0.0,0.0,0.0,0.0,0.0,0.0,,1986-12-30,,bmo,,2025-04-23,1986-03-31,,,
1985-12-31,HES,USD,4447,1985-12-31,1985-12-30 19:00:00,1985,Q4,1956100000.0,0.0,1956100000.0,1.0,0,0.0,0.0,0.0,-6733000000.0,-6733000000.0,-6733000000.0,0.0,0.0,0.0,-4776900000.0,-2.4420530648,-4776900000.0,-2.4420530648,4776900000.0,0.0,0.0,0.0,0.0,0.0,0.0,0.0,248993994,248993994,,,7.856012783987071,0.0,,,0.6871651691325534,9.077728999358916,9.077728999358916,9.077728999358916,7.792155822039627,2260865465.52,4029965465.52,0.0,1.1558025998261847,0.0,0.0,1.0002501727735256,1.0002501727735256,2.060204215285517,-0.8436361375620172,0.0,0.0,0.0,,0.8583816307569792,0.3119543371653669,-0.3703447842743201,1.2586437329304434,0.0,0.0,0.0100954845814977,0.0,0.0,0.0,0.0,0.0,,0.0,,0.0,,0.0,-10.879680093809814,445100000.0,2260300000.0,-1793200000.0,4383700000.0,,,,23.67210265323859,0.0,0.0,3.801943634596696,0.0,0.0,0.0,,1985-12-30,,bmo,,2025-04-23,1985-12-31,,,
1985-09-30,HES,USD,4447,1985-09-30,1985-09-29 20:00:00,1985,Q3,1792000000.0,0.0,1792000000.0,1.0,0,0.0,0.0,0.0,0.0,0.0,0.0,0.0,0.0,0.0,1792000000.0,1.0,1792000000.0,1.0,-1792000000.0,0.0,0.0,0.0,0.0,0.0,0.0,0.0,248993994,248993994,,,7.196960742755907,0.0,,,,,,,,2323113964.02,,0.0,1.296380560279018,0.0,0.0,0.0,0.0,,,0.0,0.0,0.0,,0.0,0.0,,0.0,0.0,0.0,0.0098249732047159,0.0,0.0,0.0,0.0,0.0,,0.0,,,0.0,0.0,,,,,,,,,,0.0,0.0,0.0,0.0,0.0,0.0,,1985-12-30,,bmo,,2025-04-23,1985-09-30,,,
