date,symbol,reportedCurrency,cik,fillingDate,acceptedDate,calendarYear,period,revenue,costOfRevenue,grossProfit,grossProfitRatio,researchAndDevelopmentExpenses,generalAndAdministrativeExpenses,sellingAndMarketingExpenses,sellingGeneralAndAdministrativeExpenses,otherExpenses,operatingExpenses,costAndExpenses,interestIncome,interestExpense,depreciationAndAmortization,ebitda,ebitdaratio,operatingIncome,operatingIncomeRatio,totalOtherIncomeExpensesNet,incomeBeforeTax,incomeBeforeTaxRatio,incomeTaxExpense,netIncome,netIncomeRatio,eps,epsdiluted,weightedAverageShsOut,weightedAverageShsOutDil,link,finalLink,revenuePerShare,netIncomePerShare,operatingCashFlowPerShare,freeCashFlowPerShare,cashPerShare,bookValuePerShare,tangibleBookValuePerShare,shareholdersEquityPerShare,interestDebtPerShare,marketCap,enterpriseValue,peRatio,priceToSalesRatio,pocfratio,pfcfRatio,pbRatio,ptbRatio,evToSales,enterpriseValueOverEBITDA,evToOperatingCashFlow,evToFreeCashFlow,earningsYield,freeCashFlowYield,debtToEquity,debtToAssets,netDebtToEBITDA,currentRatio,interestCoverage,incomeQuality,dividendYield,payoutRatio,salesGeneralAndAdministrativeToRevenue,researchAndDdevelopementToRevenue,intangiblesToTotalAssets,capexToOperatingCashFlow,capexToRevenue,capexToDepreciation,stockBasedCompensationToRevenue,grahamNumber,roic,returnOnTangibleAssets,grahamNetNet,workingCapital,tangibleAssetValue,netCurrentAssetValue,investedCapital,averageReceivables,averagePayables,averageInventory,daysSalesOutstanding,daysPayablesOutstanding,daysOfInventoryOnHand,receivablesTurnover,payablesTurnover,inventoryTurnover,roe,capexPerShare,report_date,epsEstimated,time,revenueEstimated,updatedFromDate,fiscalDateEnding,surprise(%),QuarterAvgPrice,QuarterAvgVolume
2025-03-31,HGV,USD,1674168,2025-05-01,2025-05-01 16:18:46,2025,Q1,1148000000.0,898000000.0,250000000.0,0.2177700348,0,46000000.0,0.0,46000000.0,116000000.0,162000000.0,1060000000.0,0.0,0.0,67000000.0,138000000.0,0.1202090592,60000000.0,0.0522648084,-66000000.0,-6000000.0,-0.0052264808,6000000.0,-17000000.0,-0.0148083624,-0.17,-0.17,95500000,95500000,https://www.sec.gov/Archives/edgar/data/1674168/000162828025021544/0001628280-25-021544-index.htm,https://www.sec.gov/Archives/edgar/data/1674168/000162828025021544/hgv-20250331.htm,12.020942408376964,-0.1780104712041884,0.3979057591623036,0.06282722513089,2.712041884816754,18.12565445026178,-21.50785340314136,16.57591623036649,0.0,3572654999.9999995,3313654999.9999995,-52.53904411764706,3.11206881533101,94.01723684210526,595.4424999999999,2.2568888186986733,2.2568888186986733,2.886459059233449,24.011992753623183,87.20144736842104,552.2758333333333,-0.0047583659771234,0.0016794232860435,0.0,0.0,-1.8768115942028984,1.5768817204301075,0.0,-3.1666666666666665,0.0,0.0,0.0400696864111498,0.0,0.3210620069556366,0.0,0.0,0.0,0.0104529616724738,,0.0173812282734646,-0.0021239380309845,-87.62565445026178,1073000000.0,-2054000000.0,-7125000000.0,5804000000.0,1848000000.0,90000000.0,2271500000.0,29.39895470383275,0.0,230.4120267260579,3.061333333333333,0.0,0.3906046107003045,-0.0107391029690461,0.0,2025-05-01,0.49,bmo,1388829120.0,2025-05-11,2025-03-31,-0.8163265306122449,39.87933333333333,927238.7166666668
2024-12-31,HGV,USD,1674168,2025-03-03,2025-03-03 09:42:10,2024,Q4,1284000000.0,937000000.0,347000000.0,0.2702492212,0,52000000.0,0.0,52000000.0,0.0,169000000.0,1106000000.0,0.0,79000000.0,70000000.0,198000000.0,0.1542056075,178000000.0,0.1386292835,-129000000.0,49000000.0,0.0381619938,23000000.0,20000000.0,0.015576324,0.2,0.2,96720179,102000000,https://www.sec.gov/Archives/edgar/data/1674168/000162828025009254/0001628280-25-009254-index.htm,https://www.sec.gov/Archives/edgar/data/1674168/000162828025009254/hgv-20241231.htm,13.275409674334869,0.2067820821547487,1.0856059313124309,0.4962769971713969,3.391226147337879,19.59260228416244,-19.406498410223165,18.114110396755983,73.38696095672032,3767250972.05,10458250972.05,47.09063715062501,2.9339960841510906,35.87858068619048,78.48439525104168,2.150257404138128,2.150257404138128,8.145055274182242,52.819449353787874,99.60239021,217.88022858437492,0.0053089109667457,0.0127413863201899,4.0062785388127855,0.6134417059954553,33.792929292929294,4.87245283018868,2.2531645569620253,3.5,0.0,0.0,0.0404984423676012,0.0,0.3296626463904912,0.5428571428571428,0.0443925233644859,0.8142857142857143,0.0070093457943925,9.180286103657073,0.0093356706130114,0.0026075619295958,-57.963602404003,5131000000.0,-1877000000.0,-3091000000.0,9779000000.0,3365000000.0,618500000.0,2243500000.0,232.7803738317757,17.28922091782284,215.53895410885804,0.3866305329719964,5.205555555555556,0.4175579322638146,0.0114155251141552,0.5893289341410338,2025-02-27,0.89,bmo,1281511450.0,2025-05-11,2024-12-31,-0.449438202247191,39.399375,861549.046875
2024-09-30,HGV,USD,1674168,2024-11-07,2024-11-07 15:09:23,2024,Q3,1306000000.0,178000000.0,1128000000.0,0.8637059724,0,44000000.0,159000000.0,203000000.0,761000000.0,964000000.0,1142000000.0,0.0,84000000.0,68000000.0,245000000.0,0.1875957121,164000000.0,0.1255742726,-71000000.0,93000000.0,0.0712098009,61000000.0,154000000.0,0.1179173047,1.52,1.51,101000000,102000000,https://www.sec.gov/Archives/edgar/data/1674168/000162828024046168/0001628280-24-046168-index.htm,https://www.sec.gov/Archives/edgar/data/1674168/000162828024046168/hgv-20240930.htm,12.930693069306932,1.5247524752475248,0.900990099009901,0.5841584158415841,2.9405940594059405,19.67326732673267,-17.495049504950494,18.26732673267327,67.22772277227723,3668320000.0,10077320000.0,5.955064935064935,2.8088208269525268,40.31120879120879,62.17491525423729,1.9882493224932247,1.9882493224932247,7.716171516079632,41.13191836734694,110.73978021978022,170.8020338983051,0.0419810703537314,0.0160836568238321,3.6346883468834688,0.6012192935269859,26.15918367346939,4.876377952755906,1.9523809523809523,2.84375,0.0,0.0,0.0336906584992343,0.0,0.3365608750224135,0.3516483516483517,0.0245022970903522,0.4705882352941176,0.0084226646248085,25.03389526552897,0.0053447724499793,0.0208108108108108,-51.40346534653465,4923000000.0,-1767000000.0,-2974000000.0,9518000000.0,3454500000.0,1108000000.0,2086000000.0,234.92343032159263,534.438202247191,1134.1011235955057,0.3831035494279847,0.1684011352885525,0.0793580026749888,0.0834688346883468,0.3168316831683168,2024-11-07,0.7,bmo,1294542790.0,2025-04-23,2024-09-30,-0.0428571428571427,38.724375,873038.015625
2024-06-30,HGV,USD,1674168,2024-08-08,2024-08-08 14:20:34,2024,Q2,1235000000.0,995000000.0,240000000.0,0.1943319838,0,58000000.0,167000000.0,98000000.0,-3000000.0,98000000.0,1093000000.0,0.0,87000000.0,68000000.0,210000000.0,0.1700404858,142000000.0,0.1149797571,-135000000.0,7000000.0,0.0056680162,3000000.0,2000000.0,0.0016194332,0.0193,0.0192,103400000,104300000,https://www.sec.gov/Archives/edgar/data/1674168/000162828024036019/0001628280-24-036019-index.htm,https://www.sec.gov/Archives/edgar/data/1674168/000162828024036019/hgv-20240630.htm,11.943907156673117,0.0193423597678916,1.0928433268858802,0.9187620889748548,6.25725338491296,20.11605415860735,-16.827852998065765,18.549323017408124,65.74468085106383,4053280000.000001,10163280000.0,506.66,3.2820080971659924,35.86973451327434,42.6661052631579,2.113284671532847,2.113284671532847,8.229376518218624,48.39657142857143,89.94053097345133,106.98189473684212,0.0004934275450992,0.0234378083922156,3.498957247132429,0.5852446149821227,29.09523809523809,4.360086767895878,1.632183908045977,56.5,0.0,0.0,0.0469635627530364,0.0,0.333129850876428,0.1592920353982301,0.0145748987854251,0.2647058823529412,0.0145748987854251,2.8412537343934448,0.0080466934889782,0.0002615404733882,-49.811411992263054,4647000000.0,-1740000000.0,-3357000000.0,9453000000.0,3522500000.0,1167500000.0,1867000000.0,255.06072874493927,104.83417085427136,174.4824120603015,0.3528571428571428,0.8584987057808455,0.5158113011923277,0.0010427528675703,0.1740812379110251,2024-08-08,0.89,bmo,1312660000.0,2025-04-23,2024-06-30,-0.3033707865168539,42.45174603174603,629024.6507936508
2024-03-31,HGV,USD,1674168,2024-05-09,2024-05-09 15:05:28,2024,Q1,1156000000.0,899000000.0,257000000.0,0.2223183391,0,45000000.0,145000000.0,80000000.0,-5000000.0,80000000.0,979000000.0,0.0,79000000.0,62000000.0,239000000.0,0.2067474048,177000000.0,0.1531141869,-190000000.0,-13000000.0,-0.0112456747,-11000000.0,-4000000.0,-0.0034602076,-0.0381,-0.0381,105100000,105100000,https://www.sec.gov/Archives/edgar/data/1674168/000162828024022140/0001628280-24-022140-index.htm,https://www.sec.gov/Archives/edgar/data/1674168/000162828024022140/hgv-20240331.htm,10.999048525214082,-0.0380589914367269,0.0,-0.1807802093244529,6.907706945765937,20.589914367269262,-16.232159847764034,19.06755470980019,65.27117031398667,4913425000.0,11016425000.0,-307.0890625,4.250367647058823,0.0,-258.6013157894737,2.451808882235529,2.451808882235529,9.529779411764704,46.09382845188284,0.0,-579.8118421052632,-0.0008140960735128,-0.0038669563491861,3.38373253493014,0.5813614540466392,25.535564853556487,4.442151805453205,2.240506329113924,0.0,0.0,0.0,0.0389273356401384,0.0,0.3317901234567901,0.0,0.0164359861591695,0.3064516129032258,0.0077854671280276,,0.0026419684904209,-0.0005132152938157,-49.59800190294957,4671000000.0,-1706000000.0,-3472000000.0,9579000000.0,1944000000.0,660000000.0,1602500000.0,275.9948096885813,117.73081201334816,180.7007786429366,0.3260930888575458,0.7644557823129252,0.4980609418282548,-0.0019960079840319,0.1807802093244529,2024-05-09,0.87,bmo,1112250000.0,2025-04-23,2024-03-31,0.0919540229885057,43.73180327868853,815024.8360655737
2023-12-31,HGV,USD,1674168,2024-02-29,2024-02-29 15:40:45,2023,Q4,1019000000.0,433000000.0,586000000.0,0.5750736016,0,64000000.0,-30000000.0,411000000.0,-1000000.0,411000000.0,844000000.0,0.0,45000000.0,57000000.0,265000000.0,0.2600588813,175000000.0,0.1717369971,-67000000.0,108000000.0,0.105986261,40000000.0,68000000.0,0.0667320903,0.63,0.62,107936507,110000000,https://www.sec.gov/Archives/edgar/data/1674168/000162828024007940/0001628280-24-007940-index.htm,https://www.sec.gov/Archives/edgar/data/1674168/000162828024007940/hgv-20231231.htm,9.44073537602991,0.6300000054661765,2.445882374162803,2.186470607206142,8.588382427458024,19.59485311119064,-4.271029448822167,19.59485311119064,42.96970625517833,4336888851.26,8044888851.26,15.94444430610294,4.256024387890089,16.427609285075757,18.376647674830508,2.0505384639527184,2.0505384639527184,7.894886016938175,30.35807113683019,30.473063830530304,34.08851208161017,0.015679442644753,0.0544168891788487,2.171631205673759,0.5288428324697755,13.99245283018868,4.261511728931364,3.888888888888889,3.882352941176471,0.0029975405056145,0.1911764705882352,0.0628066732090284,0.0,0.2966033390903857,0.106060606060606,0.0274779195289499,0.4912280701754385,0.0019627085377821,16.66604467955964,0.0145478195385773,0.0111311180225896,-43.412095964899066,3754000000.0,-461000000.0,-1665000000.0,7149000000.0,1302500000.0,543000000.0,1354000000.0,30.29440628066732,29.930715935334877,290.9930715935335,2.9708454810495626,3.0069444444444446,0.3092857142857143,0.0321513002364066,0.2594117669566609,2024-02-29,0.97,bmo,1019050000.0,2025-04-23,2023-12-31,0.0412371134020618,37.52761904761904,854769.126984127
2023-09-30,HGV,USD,1674168,2023-11-06,2023-11-06 12:36:02,2023,Q3,1018000000.0,154000000.0,864000000.0,0.8487229862,0,40000000.0,170000000.0,210000000.0,474000000.0,684000000.0,838000000.0,45000000.0,45000000.0,53000000.0,245000000.0,0.2406679764,180000000.0,0.1768172888,-44000000.0,136000000.0,0.1335952849,-44000000.0,92000000.0,0.0903732809,0.84,0.83,109500000,110900000,https://www.sec.gov/Archives/edgar/data/1674168/000162828023036943/0001628280-23-036943-index.htm,https://www.sec.gov/Archives/edgar/data/1674168/000162828023036943/hgv-20230930.htm,9.296803652968036,0.8401826484018264,0.8401826484018264,0.639269406392694,2.6301369863013697,19.616438356164384,-4.146118721461187,19.616438356164384,35.55251141552512,4456650000.0,8077650000.0,12.11046195652174,4.377848722986248,48.44184782608696,63.66642857142857,2.074790502793296,2.074790502793296,7.934823182711199,32.97,87.80054347826086,115.395,0.0206433083145411,0.0157068650219335,1.7914338919925512,0.4804594830815333,14.779591836734694,3.0272861356932155,4.0,1.0,0.0,0.0,0.0392927308447937,0.0,0.3248845049319515,0.2391304347826087,0.0216110019646365,0.4150943396226415,0.0117878192534381,19.25698056372288,0.0353674724046388,0.0170149805807286,-29.42922374429224,2749000000.0,-454000000.0,-1756000000.0,6202000000.0,2262500000.0,992500000.0,1294000000.0,199.9803536345776,550.5194805194806,764.4155844155845,0.4500442086648983,0.1634819532908704,0.1177370030581039,0.0428305400372439,0.2009132420091324,2023-11-06,0.97,bmo,1016150000.0,2025-04-23,2023-09-30,-0.1443298969072165,44.05952380952381,692856.4126984127
2023-06-30,HGV,USD,1674168,2023-08-03,2023-08-03 13:54:35,2023,Q2,1007000000.0,367000000.0,640000000.0,0.635551142,0,48000000.0,336000000.0,384000000.0,3000000.0,470000000.0,837000000.0,44000000.0,44000000.0,52000000.0,222000000.0,0.2204568024,154000000.0,0.1529294935,-68000000.0,115000000.0,0.1142005958,35000000.0,80000000.0,0.0794438928,0.72,0.71,111000000,112000000,https://www.sec.gov/Archives/edgar/data/1674168/000162828023027131/0001628280-23-027131-index.htm,https://www.sec.gov/Archives/edgar/data/1674168/000162828023027131/hgv-20230630.htm,9.072072072072071,0.7207207207207207,1.7477477477477477,1.6216216216216215,2.783783783783784,18.963963963963963,-4.7207207207207205,18.963963963963963,35.5945945945946,5043840000.0,8698840000.0,15.762,5.008778550148957,25.99917525773196,28.02133333333333,2.39612351543943,2.39612351543943,8.63837140019861,39.18396396396396,44.83938144329897,48.32688888888889,0.0158609313538891,0.0356870955462504,1.8560570071258908,0.4793276898540056,16.463963963963963,2.789331532748143,3.5,2.425,0.0,0.0,0.0476663356504468,0.0,0.3225371120107962,0.0721649484536082,0.0139026812313803,0.2692307692307692,0.0158887785501489,17.536354808117117,0.0157382745383588,0.0144875045273451,-30.62837837837838,2650000000.0,-524000000.0,-1915000000.0,6149000000.0,2260000000.0,1066000000.0,1290000000.0,202.2542204568024,255.7765667574932,313.89645776566755,0.444984533804684,0.3518696069031639,0.28671875,0.0380047505938242,0.1261261261261261,2023-08-03,0.79,bmo,1008300000.0,2025-04-23,2023-06-30,-0.1012658227848102,44.64387096774194,780079.8548387097
2023-03-31,HGV,USD,1674168,2023-04-27,2023-04-27 13:57:35,2023,Q1,934000000.0,664000000.0,270000000.0,0.2890792291,0,72000000.0,158000000.0,72000000.0,51000000.0,123000000.0,787000000.0,44000000.0,44000000.0,51000000.0,198000000.0,0.2119914347,151000000.0,0.1616702355,-57000000.0,90000000.0,0.096359743,17000000.0,73000000.0,0.0781584582,0.65,0.64,113000000,114000000,https://www.sec.gov/Archives/edgar/data/1674168/000162828023013491/0001628280-23-013491-index.htm,https://www.sec.gov/Archives/edgar/data/1674168/000162828023013491/hgv-20230331.htm,8.265486725663717,0.6460176991150443,0.2300884955752212,0.1327433628318584,3.893805309734513,18.86725663716814,-4.672566371681416,18.86725663716814,36.876106194690266,5020590000.0,8754590000.0,17.193801369863014,5.375364025695932,193.0996153846154,334.706,2.3548733583489683,2.3548733583489683,9.373222698072803,44.21510101010101,336.715,583.6393333333333,0.0145401237703138,0.0029876966651329,1.9338649155722327,0.4863175277188016,18.85858585858585,2.749840459476707,3.4318181818181817,0.3561643835616438,0.0,0.0,0.0770877944325481,0.0,0.3137532436895494,0.4230769230769231,0.0117773019271948,0.2156862745098039,0.0107066381156316,16.560286493008483,0.0172019350811485,0.0125472671020969,-31.533185840707965,2742000000.0,-528000000.0,-2037000000.0,6270000000.0,1293000000.0,586000000.0,1229500000.0,217.48394004282656,147.60542168674698,176.20481927710844,0.413823659725299,0.6097337006427915,0.5107692307692308,0.0342401500938086,0.0973451327433628,2023-04-27,0.59,bmo,1007990000.0,2025-04-23,2023-03-31,0.0847457627118644,45.29241935483872,956700.5806451612
2022-12-31,HGV,USD,1674168,2023-03-01,2023-03-01 15:57:16,2022,Q4,992000000.0,679000000.0,313000000.0,0.3155241935,0,88000000.0,163000000.0,88000000.0,63000000.0,151000000.0,830000000.0,0.0,37000000.0,63000000.0,240000000.0,0.2419354839,164000000.0,0.1653225806,-70000000.0,92000000.0,0.0927419355,14000000.0,78000000.0,0.0786290323,0.69,0.67,113628706,116000000,https://www.sec.gov/Archives/edgar/data/1674168/000162828023005817/0001628280-23-005817-index.htm,https://www.sec.gov/Archives/edgar/data/1674168/000162828023005817/hgv-20221231.htm,8.730188302945209,0.6864462576912563,-0.1408094887571807,-0.5456367689340755,2.596174948960521,18.93007564479349,-4.769921431649498,18.93007564479349,34.181503395805635,4379250329.24,8003250329.24,14.036058747564102,4.414566864153225,-273.7031455775,-70.6330698264516,2.0359136816550443,2.0359136816550443,8.067792670604838,33.34687637183333,-500.2031455775,-129.0846827296774,0.0178112677138364,-0.0141576743366392,1.7884704788470478,0.4806346826586706,15.1,3.33500417710944,4.4324324324324325,-0.2051282051282051,0.0,0.0,0.0887096774193548,0.0,0.3364567716141929,-2.875,0.0463709677419354,0.7301587301587301,0.0060483870967741,17.098999697177316,0.0204265430087952,0.0146864997175673,-41.64220615167439,2795000000.0,-542000000.0,-1861000000.0,6362000000.0,1235000000.0,530500000.0,1152000000.0,29.848790322580644,11.001472754050074,153.62297496318115,3.0151975683890577,8.180722891566266,0.5858498705780846,0.0362622036262203,0.4048272801768947,2023-03-01,0.77,bmo,975446929.0,2025-04-23,2022-12-31,0.3116883116883117,39.53777777777778,766128.9047619047
2022-09-30,HGV,USD,1674168,2022-11-09,2022-11-09 14:41:13,2022,Q3,1116000000.0,398000000.0,718000000.0,0.6433691756,0,83000000.0,322000000.0,405000000.0,57000000.0,462000000.0,860000000.0,61000000.0,37000000.0,57000000.0,313000000.0,0.2804659498,260000000.0,0.2329749104,-52000000.0,204000000.0,0.1827956989,54000000.0,150000000.0,0.1344086022,1.25,1.24,119600000,121064107,https://www.sec.gov/Archives/edgar/data/1674168/000162828022029168/0001628280-22-029168-index.htm,https://www.sec.gov/Archives/edgar/data/1674168/000162828022029168/hgv-20220930.htm,9.331103678929766,1.254180602006689,1.9481605351170568,1.81438127090301,4.130434782608695,18.035117056856187,-4.824414715719064,18.035117056856187,32.474916387959865,3933644000.0,7355644000.0,6.556073333333333,3.5247706093189963,16.882592274678114,18.12739170506913,1.82366434863236,1.82366434863236,6.591078853046595,23.50046006389776,31.569287553648067,33.89697695852534,0.0381325813927239,0.0551651344148072,1.7834955957348169,0.4781257767834949,10.93290734824281,3.0097087378640777,7.027027027027027,1.5533333333333332,0.0,0.0,0.0743727598566308,0.0,0.3397961720109371,0.0686695278969957,0.014336917562724,0.2807017543859649,0.0125448028673835,22.55956813131964,0.0276826629870019,0.0282379518072289,-26.895903010033443,2691000000.0,-577000000.0,-1859000000.0,6257000000.0,2121500000.0,977000000.0,1193000000.0,172.66129032258064,221.1557788944724,258.9195979899497,0.5212517515179822,0.4069529652351738,0.3475982532751092,0.0695410292072322,0.1337792642140468,2022-11-09,0.77,bmo,929136344.0,2025-04-23,2022-09-30,0.6103896103896104,39.8728125,570912.78125
2022-06-30,HGV,USD,1674168,2022-08-09,2022-08-09 14:10:12,2022,Q2,948000000.0,625000000.0,323000000.0,0.3407172996,0,98000000.0,161000000.0,98000000.0,64000000.0,162000000.0,787000000.0,0.0,35000000.0,66000000.0,215000000.0,0.2267932489,163000000.0,0.1719409283,-47000000.0,114000000.0,0.1202531646,41000000.0,73000000.0,0.0770042194,0.6,0.6,121000000,122308996,https://www.sec.gov/Archives/edgar/data/1674168/000162828022021833/0001628280-22-021833-index.htm,https://www.sec.gov/Archives/edgar/data/1674168/000162828022021833/hgv-20220630.htm,7.834710743801651,0.6033057851239669,2.1487603305785123,1.975206611570248,3.636363636363636,17.165289256198346,-5.2727272727272725,17.165289256198346,32.446280991735534,4323330000.0,7840330000.0,14.805924657534243,4.560474683544304,16.628192307692306,18.08924686192469,2.0815262397688974,2.0815262397688974,8.27039029535865,36.4666511627907,30.155115384615385,32.804728033472806,0.01688513252516,0.0552814612810033,1.873375060182956,0.4784800787014264,16.358139534883723,2.7346521145975444,4.6571428571428575,3.5616438356164384,0.0,0.0,0.1033755274261603,0.0,0.3338662075750123,0.0807692307692307,0.0221518987341772,0.328125,0.0158227848101265,15.264604875685174,0.0156276677620087,0.0134760937788443,-28.24793388429752,2543000000.0,-638000000.0,-2046000000.0,6119000000.0,2133500000.0,970000000.0,1228000000.0,199.55696202531644,140.544,178.704,0.4509990485252141,0.6403688524590164,0.5036261079774376,0.0351468464130958,0.1735537190082644,2022-08-09,0.88,bmo,951365136.0,2025-04-23,2022-06-30,-0.3181818181818182,44.51903225806451,822525.7096774194
2022-03-31,HGV,USD,1674168,2022-05-09,2022-05-09 14:43:55,2022,Q1,779000000.0,536000000.0,243000000.0,0.3119383825,0,67000000.0,119000000.0,67000000.0,60000000.0,127000000.0,663000000.0,0.0,33000000.0,60000000.0,176000000.0,0.2259306804,120000000.0,0.1540436457,-45000000.0,71000000.0,0.0911424904,20000000.0,51000000.0,0.0654685494,0.43,0.42,120000000,122000000,https://www.sec.gov/Archives/edgar/data/1674168/000095017022008409/0000950170-22-008409-index.htm,https://www.sec.gov/Archives/edgar/data/1674168/000095017022008409/hgv-20220331.htm,6.491666666666666,0.425,2.25,2.1333333333333333,4.8,17.208333333333332,-5.716666666666667,17.208333333333332,35.28333333333333,6241200000.0,9928200000.0,30.594117647058823,8.011810012836971,23.11555555555556,24.3796875,3.0223728813559325,3.0223728813559325,12.74480102695764,56.41022727272728,36.77111111111111,38.78203125,0.0081715054797154,0.0410177529962186,2.0343825665859563,0.4976308931532812,20.94886363636364,2.853872053872054,3.636363636363636,5.294117647058823,0.0,0.0,0.0860077021822849,0.0,0.3258706467661691,0.0518518518518518,0.017971758664955,0.2333333333333333,0.0141206675224646,12.827887101935376,0.0123544765799901,0.0089615181866104,-29.747916666666665,2753000000.0,-686000000.0,-2139000000.0,6323000000.0,1182500000.0,513500000.0,1227500000.0,250.12836970474967,161.86567164179104,204.0111940298507,0.3598152424942263,0.5560165975103735,0.4411522633744856,0.0246973365617433,0.1166666666666666,2022-05-09,0.64,bmo,761251455.0,2025-04-23,2022-03-31,-0.34375,50.41435483870968,594357.3064516129
2021-12-31,HGV,USD,1674168,2022-03-01,2022-03-01 16:49:14,2021,Q4,838000000.0,524000000.0,314000000.0,0.3747016706,0,82000000.0,385000000.0,82000000.0,-4000000.0,137000000.0,661000000.0,0.0,31000000.0,55000000.0,232000000.0,0.276849642,153000000.0,0.1825775656,-55000000.0,122000000.0,0.1455847255,47000000.0,75000000.0,0.0894988067,0.63,0.62,119047619,120967742,https://www.sec.gov/Archives/edgar/data/1674168/000095017022002564/0000950170-22-002564-index.htm,https://www.sec.gov/Archives/edgar/data/1674168/000095017022002564/hgv-20211231.htm,7.03920000281568,0.630000000252,1.10880000044352,0.99120000039648,4.12440000164976,16.69920000667968,-6.9720000027888,16.69920000667968,36.61560001464624,6203571426.09,10099571426.09,20.6785714203,7.402829864069212,46.99675322795455,52.572639204152544,3.1205087656388333,3.1205087656388333,12.051994541873508,43.532635457284485,76.51190474310606,85.58958835669492,0.012089810022107,0.0190213011014484,2.1770623742454727,0.5404595404595405,16.79310344827586,3.9383561643835616,4.935483870967742,1.76,0.0,0.0,0.0978520286396181,0.0,0.3518981018981019,0.106060606060606,0.0167064439140811,0.2545454545454545,0.0190930787589498,15.385420377401749,0.0134636955409648,0.0144508670520231,-39.97560001599024,3003000000.0,-830000000.0,-1995000000.0,6647000000.0,1122500000.0,385000000.0,1350500000.0,21.479713603818613,10.8206106870229,212.97709923664124,4.19,8.317460317460318,0.4225806451612903,0.0377263581488933,0.11760000004704,2022-03-01,0.82,bmo,796222996.0,2025-04-23,2021-12-31,-0.2439024390243902,50.00390625,640824.484375
2021-09-30,HGV,USD,1674168,2021-11-09,2021-11-09 14:07:27,2021,Q3,928000000.0,551000000.0,377000000.0,0.40625,0,65000000.0,118000000.0,65000000.0,-20000000.0,113000000.0,664000000.0,0.0,42000000.0,48000000.0,312000000.0,0.3362068966,222000000.0,0.2392241379,-116000000.0,148000000.0,0.1594827586,49000000.0,99000000.0,0.1066810345,0.92,0.9,107688389,109138778,https://www.sec.gov/Archives/edgar/data/1674168/000095017021003678/0000950170-21-003678-index.htm,https://www.sec.gov/Archives/edgar/data/1674168/000095017021003678/hgv-20210930.htm,8.617456427916292,0.9193191663402076,-0.520018922374259,-0.6314515485973144,3.101541429875045,17.587782838872258,-8.162439870838814,17.587782838872258,40.43147121459863,5122736664.7300005,9100736664.73,12.936203698813133,5.520190371476294,-91.47744044160714,-75.33436271661765,2.7047184079883846,2.7047184079883846,9.806828302510777,29.169027771570512,-162.51315472732142,-133.83436271661765,0.0193256078692496,-0.0132741549000906,2.276663146779303,0.5325429171298012,12.75,3.7612076852698992,5.285714285714286,-0.5656565656565656,0.0,0.0,0.0700431034482758,0.0,0.342472520686674,-0.2142857142857142,0.0129310344827586,0.25,0.0150862068965517,19.073481113501664,0.021181001283697,0.018595041322314,-33.47389661479661,3018000000.0,-879000000.0,-2092000000.0,6689000000.0,1596000000.0,521000000.0,1095500000.0,198.32974137931032,115.480943738657,238.6388384754991,0.4537897310513447,0.7793493635077794,0.3771389459274469,0.0522703273495248,0.1114326262230554,2021-11-09,0.38,bmo,357730000.0,2025-04-23,2021-09-30,1.368421052631579,42.3475,718968.671875
2021-06-30,HGV,USD,1674168,2021-07-29,2021-07-29 13:42:35,2021,Q2,334000000.0,233000000.0,101000000.0,0.3023952096,0,63000000.0,81000000.0,63000000.0,-1000000.0,75000000.0,308000000.0,0.0,17000000.0,12000000.0,41000000.0,0.122754491,26000000.0,0.0778443114,-14000000.0,12000000.0,0.0359281437,3000000.0,9000000.0,0.0269461078,0.1,0.1,85650144,86838601,https://www.sec.gov/Archives/edgar/data/1674168/000095017021000600/0000950170-21-000600-index.htm,https://www.sec.gov/Archives/edgar/data/1674168/000095017021000600/hgv-20210630.htm,3.899584803967171,0.1050786324422291,0.3502621081407639,0.2568588793032269,3.712778346292098,4.623459827458084,3.689427539082713,4.623459827458084,36.85924918001305,3545059460.16,6367059460.16,98.47387389333332,10.613950479520955,118.168648672,161.1390663709091,8.952170353939394,8.952170353939394,19.063052275928143,155.29413317463414,212.23531533866665,289.4117936436364,0.0025387444417064,0.0062058197463934,7.929292929292929,0.6966940315065454,68.82926829268293,4.487864077669903,1.5294117647058822,3.333333333333333,0.0,0.0,0.1886227544910179,0.0,0.01775016640781,0.2666666666666666,0.0239520958083832,0.6666666666666666,0.0419161676646706,3.306221983770873,0.0052831211053914,0.0020329794443189,-29.979517605948217,2874000000.0,316000000.0,-413000000.0,3507000000.0,1099000000.0,297500000.0,725000000.0,309.07185628742513,129.39914163090128,281.9742489270386,0.2911944202266783,0.6955223880597015,0.3191780821917808,0.0227272727272727,0.093403228837537,2021-07-29,0.22,bmo,304810000.0,2025-04-23,2021-06-30,-0.5454545454545454,43.43492063492064,884339.3968253968
2021-03-31,HGV,USD,1674168,2021-04-29,2021-04-29 14:40:20,2021,Q1,235000000.0,172000000.0,63000000.0,0.2680851064,0,50000000.0,53000000.0,50000000.0,-1000000.0,61000000.0,233000000.0,0.0,15000000.0,11000000.0,13000000.0,0.0553191489,2000000.0,0.0085106383,-30000000.0,-13000000.0,-0.0553191489,-6000000.0,-7000000.0,-0.029787234,-0.0824,-0.0824,85000000,85000000,https://www.sec.gov/Archives/edgar/data/1674168/000156459021021837/0001564590-21-021837-index.htm,https://www.sec.gov/Archives/edgar/data/1674168/000156459021021837/hgv-10q_20210331.htm,2.764705882352941,-0.0823529411764705,0.7294117647058823,0.6705882352941176,4.705882352941177,4.341176470588235,3.4,4.341176470588235,22.729411764705883,3186650000.0,4703650000.0,-113.80892857142858,13.560212765957449,51.3975806451613,55.9061403508772,8.635907859078593,8.635907859078593,20.01553191489361,361.8192307692308,75.86532258064516,82.5201754385965,-0.0021966642084948,0.0178871228406006,5.195121951219512,0.615606936416185,116.6923076923077,3.2633802816901407,0.1333333333333333,-8.857142857142858,0.0,0.0,0.2127659574468085,0.0,0.0256904303147077,0.0806451612903225,0.0212765957446808,0.4545454545454545,0.0170212765957446,,0.0004457463066734,-0.0023071852340145,-14.079411764705885,1607000000.0,289000000.0,-428000000.0,2236000000.0,553500000.0,140000000.0,711000000.0,402.51063829787233,136.046511627907,376.7441860465116,0.2235965746907706,0.6615384615384615,0.2388888888888889,-0.018970189701897,0.0588235294117647,2021-04-29,-0.03726,bmo,193874998.0,2025-04-23,2021-03-31,1.1470746108427268,35.980000000000004,873944.2459016393
2020-12-31,HGV,USD,1674168,2021-03-01,2021-03-01 15:49:55,2020,Q4,212000000.0,168000000.0,44000000.0,0.2075471698,0,39000000.0,169000000.0,39000000.0,3000000.0,50000000.0,218000000.0,0.0,11000000.0,11000000.0,-199000000.0,-0.9386792453,-6000000.0,-0.0283018868,-215000000.0,-221000000.0,-1.0424528302,-67000000.0,-154000000.0,-0.7264150943,-1.82,-1.81,84403270,85082873,https://www.sec.gov/Archives/edgar/data/1674168/000156459021009825/0001564590-21-009825-index.htm,https://www.sec.gov/Archives/edgar/data/1674168/000156459021009825/hgv-10k_20201231.htm,2.511751025760021,-1.8245738583351097,-0.0829351753788686,-0.1895661151516997,5.070893580307967,4.43110794167098,3.4714294837155006,4.43110794167098,23.731308040553404,2646042514.5,4210042514.5,-4.295523562500001,12.481332615566036,-378.0060735,-165.37765715625,7.074979985294118,7.074979985294118,19.85869110613207,-21.15599253517588,-601.4346449285714,-263.12765715625,-0.0582001230728902,-0.006046766033547,5.32620320855615,0.635609444798979,-7.85929648241206,3.743264659270999,-0.5454545454545454,0.0454545454545454,0.0,0.0,0.1839622641509433,0.0,0.0258455647734524,-1.2857142857142858,0.0424528301886792,0.8181818181818182,0.0235849056603773,,-0.0016703937175841,-0.0504421880117916,-22.973043579946605,1731000000.0,293000000.0,-398000000.0,2365000000.0,588500000.0,142000000.0,817500000.0,23.77358490566038,10.714285714285714,376.07142857142856,3.7857142857142856,8.4,0.2393162393162393,-0.4117647058823529,0.106630939772831,2021-03-01,-0.05,bmo,,2025-04-23,2020-12-31,-16.6,26.12921875,738625.6875
2020-09-30,HGV,USD,1674168,2020-10-29,2020-10-29 13:41:52,2020,Q3,208000000.0,166000000.0,42000000.0,0.2019230769,0,33000000.0,52000000.0,33000000.0,1000000.0,44000000.0,210000000.0,0.0,10000000.0,11000000.0,9000000.0,0.0432692308,-2000000.0,-0.0096153846,-10000000.0,-12000000.0,-0.0576923077,-5000000.0,-7000000.0,-0.0336538462,-0.0823,-0.0823,85082124,85082124,https://www.sec.gov/Archives/edgar/data/1674168/000156459020048724/0001564590-20-048724-index.htm,https://www.sec.gov/Archives/edgar/data/1674168/000156459020048724/hgv-10q_20200930.htm,2.444696843722425,-0.0822734514714277,-0.0235067004204079,-0.1057801518918357,7.34584388137748,6.135248809726471,5.194980792910154,6.135248809726471,25.610550108034445,1785022961.52,3329022961.52,-63.75082005428572,8.581841161153847,-892.5114807599999,-198.3358846133333,3.4195842174712645,3.4195842174712645,16.00491808423077,369.8914401688889,-1664.51148076,-369.8914401688889,-0.0039215181826228,-0.0050419519490865,4.155172413793103,0.6120203160270881,171.55555555555554,4.302795031055901,-0.2,0.2857142857142857,0.0,0.0,0.1586538461538461,0.0,0.0225733634311512,-3.5,0.0336538461538461,0.6363636363636364,0.0288461538461538,,-0.0004016064257028,-0.0020207852193995,-12.808213391569772,2127000000.0,442000000.0,-251000000.0,2750000000.0,1124000000.0,250500000.0,920000000.0,485.04807692307696,143.13253012048193,505.8433734939759,0.1855486173059768,0.6287878787878788,0.1779206859592711,-0.0134099616858237,0.0822734514714277,2020-10-29,-0.16,bmo,494000000.0,2025-04-23,2020-09-30,-0.5,21.30328125,796667.90625
2020-06-30,HGV,USD,1674168,2020-07-30,2020-07-30 20:04:38,2020,Q2,123000000.0,126000000.0,-3000000.0,-0.0243902439,0,28000000.0,13000000.0,28000000.0,-3000000.0,39000000.0,165000000.0,0.0,12000000.0,11000000.0,-33000000.0,-0.2682926829,-42000000.0,-0.3414634146,-14000000.0,-56000000.0,-0.4552845528,-8000000.0,-48000000.0,-0.3902439024,-0.56,-0.56,85000000,85000000,https://www.sec.gov/Archives/edgar/data/1674168/000156459020034845/0001564590-20-034845-index.htm,https://www.sec.gov/Archives/edgar/data/1674168/000156459020034845/hgv-10q_20200630.htm,1.4470588235294115,-0.5647058823529412,0.4117647058823529,0.3294117647058823,8.623529411764705,6.152941176470589,5.223529411764706,6.152941176470589,26.764705882352946,1661750000.0,3191750000.0,-8.654947916666668,13.510162601626016,47.47857142857144,59.348214285714285,3.177342256214149,3.177342256214149,25.94918699186992,-96.71969696969695,91.19285714285714,113.99107142857144,-0.0288852113735519,0.0168497066345719,4.326959847036329,0.6225584594222834,-46.36363636363637,4.600644122383253,-3.5,-0.7291666666666666,0.0,0.0,0.2276422764227642,0.0,0.0217331499312242,0.2,0.056910569105691,0.6363636363636364,0.048780487804878,,-0.0119086999669202,-0.0134983127109111,-12.708823529411765,2236000000.0,444000000.0,-255000000.0,2857000000.0,1203500000.0,252500000.0,896000000.0,824.6341463414634,169.28571428571428,647.8571428571429,0.1091393078970718,0.5316455696202531,0.1389195148842337,-0.0917782026768642,0.0823529411764705,2020-07-30,-0.54,bmo,105428571.0,2025-04-23,2020-06-30,0.037037037037037,19.72222222222222,1285571.0634920634
2020-03-31,HGV,USD,1674168,2020-04-30,2020-04-30 16:50:21,2020,Q1,351000000.0,282000000.0,69000000.0,0.1965811966,0,43000000.0,106000000.0,43000000.0,2000000.0,55000000.0,337000000.0,0.0,10000000.0,12000000.0,31000000.0,0.0883190883,14000000.0,0.0398860399,-5000000.0,9000000.0,0.0256410256,1000000.0,8000000.0,0.0227920228,0.09,0.09,86000000,86000000,https://www.sec.gov/Archives/edgar/data/1674168/000156459020020226/0001564590-20-020226-index.htm,https://www.sec.gov/Archives/edgar/data/1674168/000156459020020226/hgv-10q_20200331.htm,4.0813953488372094,0.0930232558139534,0.6162790697674418,0.5232558139534884,7.77906976744186,6.546511627906977,5.6395348837209305,6.546511627906977,26.023255813953487,1356220000.0,2915220000.0,42.381875,3.863874643874644,25.589056603773585,30.138222222222225,2.4089165186500887,2.4089165186500887,8.305470085470086,94.03935483870968,55.00415094339623,64.78266666666667,0.0058987479907389,0.0331804574479066,3.9573712255772646,0.6015118790496761,50.29032258064516,4.4169184290030215,1.4,6.625,0.0,0.0,0.1225071225071225,0.0,0.0210583153347732,0.1509433962264151,0.0227920227920227,0.6666666666666666,-0.0056980056980056,3.701621412525296,0.0040721349621873,0.0022062879205736,-12.436046511627907,2262000000.0,485000000.0,-217000000.0,2875000000.0,1305000000.0,146000000.0,721500000.0,328.20512820512823,85.53191489361701,282.4468085106383,0.27421875,1.0522388059701493,0.3186440677966101,0.0142095914742451,0.0930232558139534,2020-04-30,0.35,bmo,1872000000.0,2025-04-23,2020-03-31,0.142857142857143,27.46935483870968,844983.8387096775
2019-12-31,HGV,USD,1674168,2020-03-02,2020-03-02 15:02:45,2019,Q4,468000000.0,315000000.0,153000000.0,0.3269230769,0,55000000.0,573000000.0,55000000.0,839000000.0,69000000.0,384000000.0,0.0,10000000.0,14000000.0,98000000.0,0.2094017094,84000000.0,0.1794871795,-10000000.0,74000000.0,0.1581196581,2000000.0,72000000.0,0.1538461538,0.83,0.83,86000000,86746988,https://www.sec.gov/Archives/edgar/data/1674168/000156459020008097/0001564590-20-008097-index.htm,https://www.sec.gov/Archives/edgar/data/1674168/000156459020008097/hgv-10k_20191231.htm,5.441860465116279,0.8372093023255814,-0.0348837209302325,-0.2558139534883721,0.7790697674418605,6.627906976744186,5.593023255813954,6.627906976744186,19.313953488372093,2957540000.0,4541540000.0,10.26923611111111,6.319529914529914,-985.8466666666668,-134.43363636363637,5.188666666666666,5.188666666666666,9.7041452991453,46.34224489795918,-1513.8466666666666,-206.4336363636364,0.0243445566247624,-0.0074386145242329,2.896491228070176,0.5362130561870737,16.163265306122447,3.4056761268781304,8.4,-0.0416666666666666,0.0,0.0,0.1175213675213675,0.0,0.0289054887950633,-6.333333333333333,0.0405982905982906,1.3571428571428572,0.0085470085470085,11.173686542823466,0.0329555361813426,0.0240802675585284,-13.55232558139535,1441000000.0,481000000.0,-469000000.0,2368000000.0,1303000000.0,183500000.0,538000000.0,255.7692307692308,6.857142857142857,159.42857142857142,0.3518796992481203,13.125,0.5645161290322581,0.1263157894736842,0.2209302325581395,2020-02-27,0.57,bmo,315759036.0,2025-04-23,2019-12-31,0.0701754385964913,34.3803125,910104.015625
2019-09-30,HGV,USD,1674168,2019-10-31,2019-10-31 15:35:17,2019,Q3,466000000.0,316000000.0,150000000.0,0.321888412,0,54000000.0,143000000.0,54000000.0,-1000000.0,68000000.0,384000000.0,0.0,12000000.0,14000000.0,96000000.0,0.2060085837,82000000.0,0.1759656652,-12000000.0,70000000.0,0.1502145923,20000000.0,50000000.0,0.1072961373,0.59,0.59,85704344,86000000,https://www.sec.gov/Archives/edgar/data/1674168/000156459019039111/0001564590-19-039111-index.htm,https://www.sec.gov/Archives/edgar/data/1674168/000156459019039111/hgv-10q_20190930.htm,5.4372973206585655,0.5834010000706615,0.8867695201074055,0.7000812000847938,1.318486260159695,5.764001880698136,4.748884140575185,5.764001880698136,19.835634002402493,2742539008.0,4317539008.0,13.71269504,5.8852768412017165,36.08603957894737,45.708983466666666,5.551698396761133,5.551698396761133,9.265105167381977,44.974364666666666,56.809723789473686,71.95898346666667,0.0182312812522081,0.0218775375026498,3.417004048582996,0.5556287030941409,16.40625,3.270967741935484,6.833333333333333,1.52,0.0,0.0,0.1158798283261802,0.0,0.0286372613561553,0.2105263157894736,0.0343347639484978,1.1428571428571428,0.0128755364806866,8.69835044052552,0.0241830836380795,0.0169434090138935,-14.176644301717076,1408000000.0,407000000.0,-516000000.0,2322000000.0,1278500000.0,327500000.0,527000000.0,246.43776824034333,97.68987341772151,147.53164556962025,0.3652037617554859,0.9212827988338192,0.61003861003861,0.1012145748987854,0.1866883200226116,2019-10-31,0.49,bmo,387016949.0,2025-04-23,2019-09-30,0.2040816326530611,31.45078125,1802683.203125
2019-06-30,HGV,USD,1674168,2019-08-01,2019-08-01 16:02:47,2019,Q2,454000000.0,322000000.0,132000000.0,0.2907488987,0,55000000.0,145000000.0,55000000.0,-1000000.0,68000000.0,390000000.0,0.0,11000000.0,13000000.0,78000000.0,0.1718061674,64000000.0,0.140969163,-10000000.0,54000000.0,0.1189427313,15000000.0,39000000.0,0.0859030837,0.43,0.43,90000000,90000000,https://www.sec.gov/Archives/edgar/data/1674168/000156459019027932/0001564590-19-027932-index.htm,https://www.sec.gov/Archives/edgar/data/1674168/000156459019027932/hgv-10q_20190630.htm,5.044444444444444,0.4333333333333333,0.6444444444444445,0.4444444444444444,1.3333333333333333,5.0,4.066666666666666,5.0,19.11111111111111,2871900000.0,4460900000.0,18.409615384615385,6.325770925110132,49.51551724137931,71.7975,6.382,6.382,9.825770925110133,57.19102564102564,76.91206896551724,111.5225,0.0135798600229813,0.0139280615620321,3.7977777777777777,0.571763131482101,20.371794871794872,3.4957118353344767,5.818181818181818,1.4871794871794872,0.0,0.0,0.1211453744493392,0.0,0.0281030444964871,0.3103448275862069,0.039647577092511,1.3846153846153846,0.0154185022026431,6.98212002188447,0.0192112311813059,0.0134251290877796,-13.225,1455000000.0,366000000.0,-501000000.0,2275000000.0,1269000000.0,299000000.0,532500000.0,253.94273127753303,87.20496894409938,149.81366459627327,0.3544106167056987,1.0320512820512822,0.6007462686567164,0.0866666666666666,0.2,2019-08-01,0.43,bmo,454000000.0,2025-04-23,2019-06-30,0.0,29.74746031746032,1612082.396825397
2019-03-31,HGV,USD,1674168,2019-05-02,2019-05-02 14:22:04,2019,Q1,450000000.0,307000000.0,143000000.0,0.3177777778,0,48000000.0,141000000.0,48000000.0,-1000000.0,58000000.0,365000000.0,0.0,10000000.0,10000000.0,95000000.0,0.2111111111,85000000.0,0.1888888889,-10000000.0,75000000.0,0.1666666667,20000000.0,55000000.0,0.1222222222,0.59,0.58,94000000,95000000,https://www.sec.gov/Archives/edgar/data/1674168/000156459019015217/0001564590-19-015217-index.htm,https://www.sec.gov/Archives/edgar/data/1674168/000156459019015217/hgv-10q_20190331.htm,4.787234042553192,0.5851063829787234,0.1489361702127659,0.0425531914893617,1.680851063829787,6.117021276595745,5.26595744680851,6.117021276595745,17.106382978723403,2999540000.0,4439540000.0,13.634272727272728,6.665644444444444,214.25285714285715,749.885,5.216591304347826,5.216591304347826,9.865644444444444,46.732,317.11,1109.885,0.0183361448755475,0.0013335378091307,2.779130434782609,0.5396825396825397,15.157894736842104,3.901328273244782,8.5,0.2545454545454545,0.0,0.0,0.1066666666666666,0.0,0.0270178993583248,0.7142857142857143,0.0222222222222222,1.0,0.0111111111111111,8.973847244044142,0.0256094220761435,0.0190905935439083,-10.85904255319149,1529000000.0,495000000.0,-330000000.0,2319000000.0,1265000000.0,168500000.0,528000000.0,251.4,83.84364820846906,155.0814332247557,0.3579952267303102,1.073426573426573,0.5803402646502835,0.0956521739130434,0.1063829787234042,2019-05-01,0.61,amc,473275862.0,2025-04-23,2019-03-31,-0.0491803278688525,30.63590163934426,1018231.8852459016
2018-12-31,HGV,USD,1674168,2019-02-28,2019-02-28 16:25:08,2018,Q4,642000000.0,404000000.0,238000000.0,0.3707165109,0,58000000.0,216000000.0,58000000.0,1216000000.0,69000000.0,473000000.0,0.0,8000000.0,11000000.0,180000000.0,0.2803738318,169000000.0,0.2632398754,-8000000.0,161000000.0,0.2507788162,41000000.0,120000000.0,0.1869158879,1.25,1.24,96000000,96774194,https://www.sec.gov/Archives/edgar/data/1674168/000156459019005480/0001564590-19-005480-index.htm,https://www.sec.gov/Archives/edgar/data/1674168/000156459019005480/hgv-10k_20181231.htm,6.6875,1.25,0.4791666666666667,0.25,1.125,6.416666666666667,5.572916666666667,6.416666666666667,14.28125,2533440000.0,3788440000.0,5.2780000000000005,3.946168224299065,55.07478260869565,105.56,4.112727272727272,4.112727272727272,5.900996884735203,21.04688888888889,82.35739130434783,157.85166666666666,0.0473664266767715,0.0094732853353543,2.2126623376623376,0.4950962586269524,6.972222222222222,3.807692307692307,21.125,0.3833333333333333,0.1255210306934444,2.65,0.0903426791277258,0.0,0.0294224482382855,0.4782608695652174,0.0342679127725856,2.0,0.0046728971962616,13.433865787627925,0.0564096430448968,0.0449101796407185,-8.4453125,1460000000.0,535000000.0,-157000000.0,2100000000.0,1263500000.0,164000000.0,554500000.0,178.45794392523365,11.36138613861386,117.4009900990099,0.5043205027494109,7.921568627450981,0.7666034155597723,0.1948051948051948,0.2291666666666666,2019-02-27,1.21,amc,626467741.0,2025-04-23,2018-12-31,0.024793388429752,29.0136507936508,1402498.0952380951
2018-09-30,HGV,USD,1674168,2018-11-01,2018-11-01 13:33:25,2018,Q3,427000000.0,299000000.0,128000000.0,0.299765808,0,56000000.0,152000000.0,56000000.0,-1000000.0,65000000.0,364000000.0,0.0,7000000.0,9000000.0,72000000.0,0.168618267,63000000.0,0.1475409836,-7000000.0,56000000.0,0.131147541,15000000.0,41000000.0,0.0960187354,0.42,0.42,97000000,97000000,https://www.sec.gov/Archives/edgar/data/1674168/000156459018026118/0001564590-18-026118-index.htm,https://www.sec.gov/Archives/edgar/data/1674168/000156459018026118/hgv-10q_20180930.htm,4.402061855670103,0.422680412371134,-0.7319587628865979,-0.8556701030927835,1.4948453608247425,5.793814432989691,5.041237113402062,5.793814432989691,13.845360824742269,3175780000.0,4366780000.0,19.364512195121957,7.437423887587822,-44.729295774647895,-38.26240963855422,5.650854092526691,5.650854092526691,10.226651053864169,60.64972222222222,-61.50394366197183,-52.61180722891567,0.0129102141836021,-0.026135311639975,2.377224199288256,0.47493778883754,16.541666666666668,2.9257142857142857,9.0,-1.7317073170731707,0.0,0.0,0.1311475409836065,0.0,0.0259509420547458,-0.1690140845070422,0.0281030444964871,1.3333333333333333,0.0117096018735363,7.423002570328464,0.0218291528632276,0.014963503649635,-9.015463917525771,1348000000.0,489000000.0,-203000000.0,1959000000.0,1240500000.0,260000000.0,563000000.0,264.3091334894614,83.37792642140468,175.18394648829434,0.3405103668261563,1.0794223826714802,0.5137457044673539,0.0729537366548042,0.1237113402061855,2018-10-31,0.45,amc,457500000.0,2025-04-23,2018-09-30,-0.0666666666666667,33.315714285714286,1216761.174603175
2018-06-30,HGV,USD,1674168,2018-08-02,2018-08-02 15:33:51,2018,Q2,563000000.0,345000000.0,218000000.0,0.3872113677,0,55000000.0,193000000.0,55000000.0,1000000.0,63000000.0,408000000.0,0.0,8000000.0,8000000.0,162000000.0,0.2877442274,155000000.0,0.2753108348,-9000000.0,146000000.0,0.2593250444,39000000.0,107000000.0,0.190053286,1.1,1.1,97000000,97000000,https://www.sec.gov/Archives/edgar/data/1674168/000156459018018856/0001564590-18-018856-index.htm,https://www.sec.gov/Archives/edgar/data/1674168/000156459018018856/hgv-10q_20180630.htm,5.804123711340206,1.1030927835051547,-1.6391752577319587,-1.7525773195876289,1.350515463917526,5.329896907216495,4.577319587628866,5.329896907216495,12.876288659793817,3365900000.0000005,4475900000.0,7.864252336448598,5.978507992895205,-21.16918238993711,-19.799411764705884,6.510444874274662,6.510444874274662,7.950088809946714,27.62901234567901,-28.150314465408805,-26.328823529411764,0.0317894173920793,-0.0505065509967616,2.400386847195358,0.4758435582822086,6.851851851851852,3.240322580645161,19.375,-1.485981308411215,0.0,0.0,0.0976909413854351,0.0,0.0279907975460122,-0.0691823899371069,0.019538188277087,1.375,0.0088809946714031,11.501558300573082,0.0571407899451503,0.0422090729783037,-7.914948453608248,1389000000.0,444000000.0,-82000000.0,1873000000.0,1209000000.0,243500000.0,554000000.0,196.145648312611,63.391304347826086,141.91304347826087,0.4588427057864711,1.4197530864197532,0.6341911764705882,0.206963249516441,0.1134020618556701,2018-08-01,1.11,amc,568118181.0,2025-04-23,2018-06-30,-0.009009009009009,40.4725,1169644.15625
2018-03-31,HGV,USD,1674168,2018-05-03,2018-05-03 14:21:54,2018,Q1,367000000.0,266000000.0,101000000.0,0.2752043597,0,46000000.0,161000000.0,46000000.0,-1000000.0,54000000.0,320000000.0,0.0,7000000.0,8000000.0,55000000.0,0.1498637602,47000000.0,0.1280653951,-7000000.0,40000000.0,0.1089918256,10000000.0,30000000.0,0.0817438692,0.31,0.3,99000000,99000000,https://www.sec.gov/Archives/edgar/data/1674168/000156459018010615/0001564590-18-010615-index.htm,https://www.sec.gov/Archives/edgar/data/1674168/000156459018010615/hgv-10q_20180331.htm,3.707070707070707,0.303030303030303,0.2525252525252525,0.0707070707070707,0.8585858585858586,4.040404040404041,3.303030303030303,4.040404040404041,10.404040404040405,4258980000.000001,5196980000.0,35.4915,11.604850136239785,170.35920000000002,608.4257142857143,10.64745,10.64745,14.160708446866485,94.49054545454544,207.8792,742.4257142857143,0.0070439400983334,0.0016435860229444,2.5575,0.4325581395348837,17.054545454545455,2.738095238095238,6.714285714285714,0.8333333333333334,0.0,0.0,0.1253405994550408,0.0,0.0308668076109936,0.72,0.0490463215258855,2.25,0.0081743869209809,5.24863881081478,0.0213506965475469,0.013089005235602,-7.1186868686868685,1241000000.0,327000000.0,-10000000.0,1549000000.0,1187000000.0,144500000.0,536500000.0,292.0708446866485,82.55639097744361,190.82706766917292,0.308144416456759,1.0901639344262295,0.4716312056737589,0.075,0.1818181818181818,2018-05-02,0.64,amc,831866666.0,2025-04-23,2018-03-31,-0.53125,43.81311475409836,1114332.2950819673
2017-12-31,HGV,USD,1674168,2018-03-01,2018-03-01 16:11:45,2017,Q4,447000000.0,301000000.0,146000000.0,0.3266219239,0,51000000.0,544000000.0,51000000.0,-1000000.0,59000000.0,360000000.0,0.0,6000000.0,8000000.0,94000000.0,0.2102908277,87000000.0,0.1946308725,-7000000.0,80000000.0,0.1789709172,-103000000.0,183000000.0,0.4093959732,1.85,1.83,98918919,100000000,https://www.sec.gov/Archives/edgar/data/1674168/000156459018004106/0001564590-18-004106-index.htm,https://www.sec.gov/Archives/edgar/data/1674168/000156459018004106/hgv-10k_20171231.htm,4.518852455312416,1.8499999984836064,0.5762295077244021,0.4751366116324017,2.4868852438632087,5.236612017565618,4.508743165703216,5.236612017565618,10.827049171453238,4149648652.05,4968648652.05,5.668918923565574,9.283330317785236,72.80085354473684,88.29039685212766,8.01090473368726,8.01090473368726,11.115545082885909,52.85796438351064,87.16927459736843,105.71592876702128,0.0441001191533636,0.0113262601104267,2.055984555984556,0.446728187919463,8.712765957446809,3.6032608695652177,14.5,0.3114754098360656,0.0,0.0,0.1140939597315436,0.0,0.0302013422818791,0.175438596491228,0.0223713646532438,1.25,0.0044742729306487,14.76394171800003,0.1086312772925764,0.0791522491349481,-4.834767755599917,1437000000.0,446000000.0,123000000.0,1747000000.0,1171000000.0,184500000.0,492000000.0,238.18791946308724,13.455149501661127,152.19269102990032,0.3778529163144548,6.688888888888889,0.5913555992141454,0.3532818532818533,0.1010928960920003,2018-02-28,0.51,amc,438235294.0,2025-04-23,2017-12-31,0.0196078431372549,40.67698412698413,493907.9365079365
2017-09-30,HGV,USD,1674168,2017-11-02,2017-11-02 14:14:37,2017,Q3,426000000.0,298000000.0,128000000.0,0.3004694836,0,45000000.0,127000000.0,45000000.0,170000000.0,52000000.0,350000000.0,0.0,7000000.0,7000000.0,83000000.0,0.1948356808,76000000.0,0.1784037559,-5000000.0,71000000.0,0.1666666667,28000000.0,43000000.0,0.1009389671,0.43,0.43,99000000,100000000,https://www.sec.gov/Archives/edgar/data/1674168/000156459017021104/0001564590-17-021104-index.htm,https://www.sec.gov/Archives/edgar/data/1674168/000156459017021104/hgv-10q_20170930.htm,4.303030303030303,0.4343434343434343,1.2323232323232325,1.0707070707070707,2.282828282828283,3.363636363636364,2.636363636363636,3.363636363636364,11.141414141414142,3824370000.000001,4694370000.0,22.23470930232558,8.977394366197185,31.34729508196721,36.07896226415095,11.484594594594595,11.484594594594595,11.019647887323943,56.55867469879518,38.47844262295082,44.286509433962266,0.0112436819659185,0.027716983450869,3.2912912912912917,0.4667802385008517,10.481927710843374,3.5192660550458714,10.857142857142858,2.8372093023255816,0.0,0.0,0.1056338028169014,0.0,0.0306643952299829,0.1311475409836065,0.0375586854460093,2.2857142857142856,0.0117370892018779,5.733402203443108,0.0255286572457484,0.0188927943760984,-6.891414141414141,1373000000.0,261000000.0,-97000000.0,1711000000.0,1158000000.0,294500000.0,483500000.0,244.85915492957747,97.8523489932886,143.4563758389262,0.3675582398619499,0.9197530864197532,0.6273684210526316,0.1291291291291291,0.1616161616161616,2017-11-01,0.45,amc,445813953.0,2025-04-23,2017-09-30,-0.0444444444444444,36.21349206349206,450459.50793650793
2017-06-30,HGV,USD,1674168,2017-08-03,2017-08-03 15:53:32,2017,Q2,439000000.0,289000000.0,150000000.0,0.3416856492,0,52000000.0,144000000.0,52000000.0,144000000.0,59000000.0,348000000.0,0.0,7000000.0,7000000.0,98000000.0,0.2232346241,91000000.0,0.2072892938,-7000000.0,84000000.0,0.1913439636,33000000.0,51000000.0,0.1161731207,0.51,0.51,99000000,100000000,https://www.sec.gov/Archives/edgar/data/1674168/000119312517247374/0001193125-17-247374-index.htm,https://www.sec.gov/Archives/edgar/data/1674168/000119312517247374/d204003d10q.htm,4.434343434343434,0.5151515151515151,0.4242424242424242,0.3131313131313131,1.9292929292929293,2.8585858585858586,2.141414141414141,2.8585858585858586,11.494949494949497,3569940000.0,4509940000.0,17.49970588235294,8.131981776765375,84.99857142857144,115.15935483870967,12.61462897526502,12.61462897526502,10.273211845102503,46.01979591836735,107.3795238095238,145.48193548387096,0.0142859543857879,0.0086836193325378,3.9964664310954063,0.4945343244425011,9.591836734693878,3.858012170385395,13.0,0.8235294117647058,0.0,0.0,0.1184510250569476,0.0,0.0310450371665937,0.2619047619047619,0.0250569476082004,1.5714285714285714,0.0113895216400911,5.756180054118095,0.0307971014492753,0.0230144404332129,-7.063131313131313,1409000000.0,212000000.0,-102000000.0,1735000000.0,1144500000.0,264500000.0,499500000.0,237.1981776765376,82.52595155709342,153.21799307958477,0.3794295592048401,1.090566037735849,0.5873983739837398,0.1802120141342756,0.1111111111111111,2017-08-02,0.45,amc,387352941.0,2025-04-23,2017-06-30,0.1333333333333333,34.49317460317461,657652.3650793651
2017-03-31,HGV,USD,1674168,2017-05-04,2017-05-04 13:12:05,2017,Q1,399000000.0,266000000.0,133000000.0,0.3333333333,0,43000000.0,130000000.0,43000000.0,136000000.0,50000000.0,316000000.0,0.0,7000000.0,7000000.0,90000000.0,0.2255639098,83000000.0,0.2080200501,-7000000.0,76000000.0,0.1904761905,26000000.0,50000000.0,0.1253132832,0.51,0.51,98798023,99000000,https://www.sec.gov/Archives/edgar/data/1674168/000119312517158059/0001193125-17-158059-index.htm,https://www.sec.gov/Archives/edgar/data/1674168/000119312517158059/d375644d10q.htm,4.038542350184477,0.5060830012762503,1.3664241034458755,1.2652075031906256,1.9838453650029009,2.287495165768651,1.5891006240074257,2.287495165768651,12.044775430374756,2831551339.18,3818551339.18,14.157756695899998,7.096619897694235,20.974454364296296,22.65241071344,12.528988226460177,12.528988226460177,9.57030410822055,42.42834821311111,28.28556547540741,30.54841071344,0.0176581647339933,0.0441454118349834,5.234513274336283,0.5127871694841786,10.966666666666669,3.729044834307992,11.857142857142858,2.7,0.0,0.0,0.1077694235588972,0.0,0.0299089726918075,0.074074074074074,0.025062656641604,1.4285714285714286,0.0075187969924812,5.103665783060744,0.0304377163644898,0.0223413762287756,-7.920198969973316,1400000000.0,157000000.0,-168000000.0,1723000000.0,1140000000.0,147500000.0,510000000.0,255.33834586466168,89.32330827067669,171.54135338345864,0.3524734982332155,1.0075757575757576,0.52465483234714,0.2212389380530973,0.10121660025525,2017-05-03,0.41,amc,320764705.0,2025-04-23,2017-03-31,0.2439024390243903,28.530327868852456,1152168.0327868853
2016-12-31,HGV,USD,1674168,2017-03-02,2017-03-02 15:08:05,2016,Q4,415000000.0,282000000.0,133000000.0,0.3204819277,0,50000000.0,364000000.0,50000000.0,799000000.0,57000000.0,339000000.0,0.0,9000000.0,7000000.0,113000000.0,0.2722891566,76000000.0,0.1831325301,-11000000.0,65000000.0,0.156626506,27000000.0,38000000.0,0.0915662651,0.38,0.38,98802597,99000000,https://www.sec.gov/Archives/edgar/data/1674168/000119312517067470/0001193125-17-067470-index.htm,https://www.sec.gov/Archives/edgar/data/1674168/000119312517067470/d324597d10k.htm,4.20029445177438,0.3846052751022323,0.4250900409024674,0.2935145520517037,0.4858171896028198,1.6902389721598108,0.9817555706556984,1.6902389721598108,12.074581399920085,2554047132.4500003,3690047132.45,16.802941660855264,6.154330439638555,60.81064601071429,88.07059077413794,15.293695403892215,15.293695403892215,8.891679837228917,32.655284357964604,87.85826505833334,127.2430045672414,0.0148783471993126,0.0113545281257912,7.089820359281437,0.5431192660550459,10.053097345132745,4.118181818181818,8.444444444444445,1.105263157894737,0.0,0.0,0.1204819277108433,0.0,0.0321100917431192,0.3095238095238095,0.0313253012048192,1.8571428571428568,0.0337349397590361,3.824484744342807,0.0255349248452696,0.0180094786729857,-8.577709753924788,1372000000.0,97000000.0,-201000000.0,1698000000.0,632500000.0,126000000.0,497500000.0,248.9638554216868,9.893617021276595,163.72340425531914,0.3614982578397213,9.096774193548388,0.5497076023391813,0.2275449101796407,0.1315754888507637,2017-03-01,0.4,amc,436842105.0,2025-04-23,2016-12-31,-0.05,,
2016-09-30,HGV,USD,1674168,2016-09-30,2016-09-29 20:00:00,2016,Q3,407000000.0,281000000.0,126000000.0,0.3095823096,0,46000000.0,0.0,46000000.0,0.0,52000000.0,333000000.0,0.0,7000000.0,6000000.0,80000000.0,0.1965601966,74000000.0,0.1818181818,-6000000.0,68000000.0,0.1670761671,33000000.0,35000000.0,0.085995086,0.35,0.35,99000000,99000000,,,4.111111111111111,0.3535353535353535,0.2727272727272727,0.2323232323232323,0.0707070707070707,-0.4848484848484848,-1.202020202020202,-0.4848484848484848,11.787878787878787,2559150000.0,3712150000.0,18.279642857142857,6.287837837837838,94.78333333333336,111.26739130434784,-53.315625,-53.315625,9.12076167076167,46.401875,137.48703703703703,161.3978260869565,0.0136764159974991,0.0089873590840708,-24.166666666666668,0.6239913932221625,14.4125,3.871559633027523,10.571428571428571,0.7714285714285715,0.0,0.0,0.113022113022113,0.0,0.0381925766541151,0.1481481481481481,0.0098280098280098,0.6666666666666666,0.0319410319410319,,0.0267661527014178,0.0195749440715883,-15.87121212121212,1252000000.0,-119000000.0,-219000000.0,1378000000.0,117000000.0,218000000.0,456000000.0,25.872235872235876,70.7829181494662,154.37722419928826,3.4786324786324787,1.2714932126696832,0.58298755186722,-0.7291666666666666,0.0404040404040404,2016-11-15,,bmo,,2025-04-23,2016-09-30,,,
2016-06-30,HGV,USD,1674168,2016-06-30,2016-06-29 20:00:00,2016,Q2,391000000.0,257000000.0,134000000.0,0.3427109974,0,41000000.0,0.0,41000000.0,-1000000.0,47000000.0,304000000.0,0.0,7000000.0,6000000.0,93000000.0,0.2378516624,87000000.0,0.2225063939,-7000000.0,80000000.0,0.2046035806,33000000.0,47000000.0,0.1202046036,0.47,0.47,98802804,99000000,,,3.957377565924141,0.4756950015305233,0.5870278742291565,0.5161796825118445,0.0303635107359908,0.1619387239252845,-0.5566643634931656,0.1619387239252845,11.00171205667402,2554052483.4,3631052483.4,13.585385550000002,6.5321035381074175,44.03538764482759,50.07946045882353,159.62828021250002,159.62828021250002,9.286579241432223,39.04357509032258,62.60435316206897,71.19710751764705,0.0184021277187823,0.0199682662480404,67.5,0.587915078933043,11.580645161290322,3.643181818181818,12.428571428571429,1.2340425531914894,0.0,0.0,0.1048593350383631,0.0,0.0386499727817093,0.1206896551724138,0.0179028132992327,1.1666666666666667,0.0306905370843989,1.3165304532457682,0.0365873299928418,0.0266138165345413,-15.336103214236712,1163000000.0,-55000000.0,-218000000.0,1346000000.0,107000000.0,197500000.0,433000000.0,26.930946291560105,75.29182879377431,150.58365758754863,3.341880341880342,1.1953488372093024,0.5976744186046512,2.9375,0.0708481917173119,2016-08-15,,bmo,,2025-04-23,2016-06-30,,,
2016-03-31,HGV,USD,1674168,2016-03-31,2016-03-30 20:00:00,2016,Q1,370000000.0,244000000.0,126000000.0,0.3405405405,0,35000000.0,135000000.0,35000000.0,-130000000.0,40000000.0,284000000.0,30000000.0,6000000.0,5000000.0,91000000.0,0.2459459459,86000000.0,0.2324324324,-6000000.0,80000000.0,0.2162162162,32000000.0,48000000.0,0.1297297297,0.48,0.48,99000000,99000000,,,3.7373737373737375,0.4848484848484848,0.3131313131313131,0.2121212121212121,0.0404040404040404,-0.3535353535353535,-1.0808080808080809,-0.3535353535353535,11.242424242424242,2559150000.0,3662150000.0,13.32890625,6.916621621621622,82.55322580645161,121.86428571428571,-73.11857142857143,-73.11857142857143,9.897702702702702,40.24340659340659,118.13387096774194,174.38809523809525,0.0187562276537131,0.0082058495984995,-31.62857142857143,0.6243654822335025,12.12087912087912,3.9478908188585606,14.333333333333334,0.6458333333333334,0.0,0.0,0.0945945945945946,0.0,0.0406091370558375,0.3225806451612903,0.027027027027027,2.0,0.027027027027027,,0.0376642335766423,0.0282186948853615,-15.285353535353536,1188000000.0,-107000000.0,-217000000.0,1312000000.0,93000000.0,96500000.0,424000000.0,23.5945945945946,66.39344262295083,160.81967213114754,3.814432989690722,1.3555555555555556,0.5596330275229358,-1.3714285714285714,0.101010101010101,2016-05-16,,bmo,,2025-04-23,2016-03-31,,,
2015-12-31,HGV,USD,1674168,2015-12-31,2015-12-30 19:00:00,2015,Q4,381000000.0,250000000.0,131000000.0,0.343832021,0,35000000.0,146000000.0,35000000.0,-140000000.0,41000000.0,291000000.0,30000000.0,7000000.0,6000000.0,96000000.0,0.2519685039,90000000.0,0.2362204724,-7000000.0,83000000.0,0.217847769,34000000.0,49000000.0,0.1286089239,0.49,0.49,99000000,99000000,,,3.8484848484848486,0.494949494949495,0.494949494949495,0.4444444444444444,0.0404040404040404,-1.0707070707070707,-1.818181818181818,-1.0707070707070707,11.545454545454543,2559150000.0,3691150000.0,13.05688775510204,6.716929133858268,52.22755102040816,58.1625,-24.142924528301887,-24.142924528301887,9.688057742782153,38.44947916666667,75.32959183673469,83.88977272727273,0.0191469823964988,0.0171932086825703,-10.716981132075473,0.6589327146171694,11.791666666666666,4.2865013774104685,12.857142857142858,1.0,0.0007815094855713,0.0408163265306122,0.0918635170603674,0.0,0.0429234338747099,0.1020408163265306,0.0131233595800524,0.8333333333333334,0.0262467191601049,,0.0390393314625142,0.0296969696969696,-15.68939393939394,1193000000.0,-180000000.0,-274000000.0,1318000000.0,,,,21.023622047244096,4.68,148.32,4.280898876404494,19.23076923076923,0.6067961165048543,-0.4622641509433962,0.0505050505050505,2015-12-30,,bmo,,2025-04-23,2015-12-31,,,
2015-09-30,HGV,USD,1674168,2015-09-30,2015-09-29 20:00:00,2015,Q3,373000000.0,246000000.0,127000000.0,0.3404825737,0,30000000.0,135000000.0,30000000.0,-130000000.0,35000000.0,281000000.0,30000000.0,7000000.0,5000000.0,97000000.0,0.2600536193,92000000.0,0.2466487936,-7000000.0,85000000.0,0.2278820375,34000000.0,51000000.0,0.1367292225,0.52,0.52,99000000,99000000,,,3.767676767676768,0.5151515151515151,0.494949494949495,0.4646464646464646,,,,,,2559150000.0,,12.544852941176472,6.860991957104558,52.22755102040816,55.63369565217391,0.0,0.0,,,,,0.0199284918820702,0.0179747181681417,0.0,0.0,,0.0,13.142857142857142,0.9607843137254902,0.0,0.0,0.0804289544235924,0.0,0.0,0.0612244897959183,0.0080428954423592,0.6,0.0053619302949061,,0.0,0.0,,,,,,,,,,,,0.0,0.0,0.0,0.0,0.0303030303030303,2016-02-15,,bmo,,2025-04-23,2015-09-30,,,
2015-06-30,HGV,USD,1674168,2015-06-30,2015-06-29 20:00:00,2015,Q2,360000000.0,243000000.0,117000000.0,0.325,0,37000000.0,128000000.0,37000000.0,-122000000.0,43000000.0,286000000.0,29000000.0,7000000.0,6000000.0,80000000.0,0.2222222222,74000000.0,0.2055555556,-7000000.0,67000000.0,0.1861111111,27000000.0,40000000.0,0.1111111111,0.4,0.4,99000000,99000000,,,3.636363636363636,0.404040404040404,0.1212121212121212,0.0808080808080808,,,,,,2559150000.0,,15.9946875,7.10875,213.2625,319.89375,0.0,0.0,,,,,0.0156301897114276,0.0031260379422855,0.0,0.0,,0.0,10.571428571428571,0.3,0.0,0.0,0.1027777777777777,0.0,0.0,0.3333333333333333,0.0111111111111111,0.6666666666666666,0.0277777777777777,,0.0,0.0,,,,,,,,,,,,0.0,0.0,0.0,0.0,0.0404040404040404,2015-06-29,,bmo,,2025-04-23,2015-06-30,,,
2015-03-31,HGV,USD,1674168,2015-03-31,2015-03-30 20:00:00,2015,Q1,361000000.0,262000000.0,99000000.0,0.2742382271,0,29000000.0,132000000.0,29000000.0,-127000000.0,34000000.0,296000000.0,28000000.0,8000000.0,5000000.0,70000000.0,0.1939058172,65000000.0,0.1800554017,-8000000.0,57000000.0,0.1578947368,23000000.0,34000000.0,0.0941828255,0.34,0.34,99000000,99000000,,,3.646464646464646,0.3434343434343434,0.2121212121212121,0.1515151515151515,0.0202020202020202,0.0,0.0,-3.767676767676768,0.0808080808080808,2559150000.0,2561150000.0,18.81727941176471,7.089058171745152,121.86428571428571,170.61,-6.860991957104558,-6.860991957104558,7.0945983379501385,36.587857142857146,121.95952380952382,170.74333333333334,0.0132856612547134,0.0058613211417853,0.0,0.0,0.0285714285714285,0.0,8.125,0.6176470588235294,0.0,0.0,0.0803324099722991,0.0,0.0,0.2857142857142857,0.0166204986149584,1.2,0.0193905817174515,,0.0,0.0,0.0202020202020202,2000000.0,0.0,2000000.0,2000000.0,,,,0.0,0.0,0.0,0.0,0.0,0.0,-0.0911528150134048,0.0606060606060606,2015-03-30,,bmo,,2025-04-23,2015-03-31,,,
