date,symbol,reportedCurrency,cik,fillingDate,acceptedDate,calendarYear,period,revenue,costOfRevenue,grossProfit,grossProfitRatio,researchAndDevelopmentExpenses,generalAndAdministrativeExpenses,sellingAndMarketingExpenses,sellingGeneralAndAdministrativeExpenses,otherExpenses,operatingExpenses,costAndExpenses,interestIncome,interestExpense,depreciationAndAmortization,ebitda,ebitdaratio,operatingIncome,operatingIncomeRatio,totalOtherIncomeExpensesNet,incomeBeforeTax,incomeBeforeTaxRatio,incomeTaxExpense,netIncome,netIncomeRatio,eps,epsdiluted,weightedAverageShsOut,weightedAverageShsOutDil,link,finalLink,revenuePerShare,netIncomePerShare,operatingCashFlowPerShare,freeCashFlowPerShare,cashPerShare,bookValuePerShare,tangibleBookValuePerShare,shareholdersEquityPerShare,interestDebtPerShare,marketCap,enterpriseValue,peRatio,priceToSalesRatio,pocfratio,pfcfRatio,pbRatio,ptbRatio,evToSales,enterpriseValueOverEBITDA,evToOperatingCashFlow,evToFreeCashFlow,earningsYield,freeCashFlowYield,debtToEquity,debtToAssets,netDebtToEBITDA,currentRatio,interestCoverage,incomeQuality,dividendYield,payoutRatio,salesGeneralAndAdministrativeToRevenue,researchAndDdevelopementToRevenue,intangiblesToTotalAssets,capexToOperatingCashFlow,capexToRevenue,capexToDepreciation,stockBasedCompensationToRevenue,grahamNumber,roic,returnOnTangibleAssets,grahamNetNet,workingCapital,tangibleAssetValue,netCurrentAssetValue,investedCapital,averageReceivables,averagePayables,averageInventory,daysSalesOutstanding,daysPayablesOutstanding,daysOfInventoryOnHand,receivablesTurnover,payablesTurnover,inventoryTurnover,roe,capexPerShare,report_date,epsEstimated,time,revenueEstimated,updatedFromDate,fiscalDateEnding,surprise(%),QuarterAvgPrice,QuarterAvgVolume
2025-03-31,HIG,USD,874766,2025-04-24,2025-04-24 16:16:55,2025,Q1,6771000000.0,0.0,6771000000.0,1.0,0,0.0,0.0,0.0,5988000000.0,5988000000.0,5988000000.0,0.0,50000000.0,92000000.0,925000000.0,0.1366120219,783000000.0,0.1156402304,0.0,783000000.0,0.1156402304,153000000.0,630000000.0,0.0930438635,2.180739706908583,2.1492434662998625,286600000,290800000,https://www.sec.gov/Archives/edgar/data/874766/000087476625000052/0000874766-25-000052-index.htm,https://www.sec.gov/Archives/edgar/data/874766/000087476625000052/hig-20250331.htm,23.62526168876483,2.198185624563852,3.436845778087928,3.3042568039078857,12.226099092812282,58.77180739706908,49.94417306350314,58.77180739706908,15.415212840195396,35461018000.0,39691018000.0,14.07183253968254,5.237190666075912,36.00103350253807,37.44563674762408,2.105261101876039,2.105261101876039,5.861913749815389,47.64828091236495,40.295449746192894,41.91237381203801,0.0177659874287872,0.0267053811032723,0.2593208264070292,0.0530696052583619,5.078031212484994,0.0,16.66,1.5634920634920637,0.0043709969070825,0.246031746031746,0.0,0.0,0.030738576305782,0.0385786802030456,0.0056121695465957,0.4130434782608695,0.0,53.91479572781609,0.0502835835439621,0.0078970129235243,-199.4748778785764,9890000000.0,14314000000.0,-55573000000.0,13329000000.0,6192000000.0,307000000.0,0.0,84.88258750553832,0.0,0.0,1.0602881302849985,0.0,0.0,0.0374020422702446,0.1325889741800418,2025-04-24,2.15,amc,6806514215.0,2025-05-11,2025-03-31,0.0232558139534884,114.66083333333331,1728314.816666667
2024-12-31,HIG,USD,874766,2025-02-21,2025-02-21 16:18:27,2024,Q4,6800000000.0,3891000000.0,2909000000.0,0.4277941176,0,0.0,0.0,0.0,5726000000.0,5726000000.0,5726000000.0,0.0,50000000.0,-272000000.0,852000000.0,0.1252941176,1074000000.0,0.1579411765,0.0,1074000000.0,0.1579411765,221000000.0,853000000.0,0.1254411765,-7.66,-7.54,292600000,297500000,https://www.sec.gov/Archives/edgar/data/874766/000087476625000023/0000874766-25-000023-index.htm,https://www.sec.gov/Archives/edgar/data/874766/000087476625000023/hig-20241231.htm,23.239917976760083,2.9152426520847574,6.404647983595352,6.493506493506493,14.528366370471634,56.20984278879016,47.50170881749829,56.20984278879016,15.092276144907723,32010440000.0,36193440000.0,9.381723329425558,4.707417647058824,17.0813447171825,16.8476,1.9462783486350097,1.9462783486350097,5.322564705882353,42.48056338028169,19.313468516542155,19.04917894736842,0.0266475562347784,0.0593556352240081,0.2654587462759166,0.0539565233510881,4.90962441314554,16.692182410423452,21.48,2.196951934349355,0.0044360527377942,0.1664712778429073,0.0,0.0,0.031489056687717,0.0138740661686232,0.0038235294117647,0.0129353233830845,0.0072058823529411,60.72042449793436,0.0652589702394614,0.0108844058237313,-190.4323308270677,9635000000.0,13899000000.0,-54221000000.0,13071000000.0,6074500000.0,613500000.0,0.0,79.38529411764706,14.202004626060138,0.0,1.1337112370790263,6.337133550488599,0.0,0.051863561743783,0.0888585099111414,2025-01-30,2.68,amc,6613341750.0,2025-04-30,2024-12-31,0.0970149253731342,115.940625,1553322.40625
2024-09-30,HIG,USD,874766,2024-10-24,2024-10-24 16:16:55,2024,Q3,6714000000.0,1323000000.0,5391000000.0,0.8029490617,0,0.0,0.0,0.0,6714000000.0,6714000000.0,6714000000.0,0.0,49000000.0,85000000.0,1086000000.0,0.1617515639,1002000000.0,0.1492403932,-50000000.0,952000000.0,0.1417932678,185000000.0,767000000.0,0.1142389038,2.6,2.56,292600000,297500000,https://www.sec.gov/Archives/edgar/data/874766/000087476624000122/0000874766-24-000122-index.htm,https://www.sec.gov/Archives/edgar/data/874766/000087476624000122/hig-20240930.htm,22.946001367054,2.621326042378674,5.7347915242652086,5.529733424470266,18.732057416267946,58.12713602187287,49.3609022556391,58.12713602187287,15.08544087491456,34412686000.0,38554686000.0,11.216651238591917,5.125511766458147,20.50815613825983,21.268656365883807,2.023323494825964,2.023323494825964,5.74243163538874,35.50155248618785,22.97657091775924,23.82860692212608,0.0222882921722529,0.0470175446345571,0.2566439322671684,0.0537435821667343,3.813996316758747,16.864600326264274,20.448979591836736,2.1877444589308994,0.0041845033543734,0.1877444589308996,0.0,0.0,0.0315812802423078,0.035756853396901,0.0089365504915102,0.7058823529411765,0.0,58.5519337598513,0.0120832751600864,0.0097515701680779,-184.9512987012987,9725000000.0,14443000000.0,-53873000000.0,13161000000.0,3075500000.0,617500000.0,-12980500000.0,82.45308310991958,41.70068027210884,0.0,1.091529832547553,2.1582381729200653,0.0,0.0450964252116651,0.2050580997949419,2024-10-24,2.54,amc,6678731607.0,2025-04-25,2024-09-30,-0.0039370078740158,109.63234375,1444982.765625
2024-06-30,HIG,USD,874766,2024-07-25,2024-07-25 16:17:38,2024,Q2,6486000000.0,1285000000.0,5201000000.0,0.8018809744,0,0.0,0.0,1285000000.0,-578000000.0,578000000.0,-5524000000.0,0.0,50000000.0,60000000.0,1022000000.0,0.1575701511,967000000.0,0.1490903484,-55000000.0,912000000.0,0.1406105458,174000000.0,738000000.0,0.1137835338,2.48,2.44,295500000,299900000,https://www.sec.gov/Archives/edgar/data/874766/000087476624000108/0000874766-24-000108-index.htm,https://www.sec.gov/Archives/edgar/data/874766/000087476624000108/hig-20240630.htm,21.9492385786802,2.49746192893401,4.2639593908629445,4.057529610829104,66.41624365482234,53.06260575296108,40.1082910321489,53.06260575296108,14.937394247038917,29517495000.0,33727495000.0,9.999151422764228,4.5509551341350605,23.426583333333333,24.61842785654712,1.8824933035714289,1.8824933035714289,5.20004548257786,33.001462818003915,26.76785317460317,28.12968723936613,0.0250021216231255,0.0406199780841836,0.2783163265306122,0.0606220567602483,4.119373776908024,0.3361184645929848,19.34,1.7073170731707317,0.0049123409693132,0.1964769647696476,0.0,0.0,0.0531762679372664,0.0484126984126984,0.009404872032069,1.0166666666666666,0.0,54.60532344612785,0.0219048394297054,0.010827623644713,-168.05922165820644,-24075000000.0,11852000000.0,-44118000000.0,-19369000000.0,0.0,627500000.0,-28999500000.0,0.0,43.56420233463035,-1818.2801556420231,0.0,2.0659163987138265,-0.049497322907438,0.0470663265306122,0.2064297800338409,2024-07-25,2.24,amc,6571719394.0,2025-04-25,2024-06-30,0.1160714285714284,100.36825396825397,1573805.6984126985
2024-03-31,HIG,USD,874766,2024-04-25,2024-04-25 16:17:25,2024,Q1,6419000000.0,1283000000.0,5136000000.0,0.80012463,0,0.0,0.0,1281000000.0,-563000000.0,563000000.0,-5457000000.0,0.0,50000000.0,127000000.0,1088000000.0,0.1694968064,971000000.0,0.1512696682,-55000000.0,911000000.0,0.1419224178,158000000.0,753000000.0,0.1173079919,2.51,2.47,298100000,302600000,https://www.sec.gov/Archives/edgar/data/874766/000087476624000073/0000874766-24-000073-index.htm,https://www.sec.gov/Archives/edgar/data/874766/000087476624000073/hig-20240331.htm,21.533042603153305,2.5259979872526,3.6799731633679977,3.5122442133512246,63.58939953035894,51.88862797718886,43.163367997316335,51.88862797718886,14.803757128480376,30552269000.0,34641269000.0,10.143515604249666,4.759661785324817,27.850746581586144,29.180772683858645,1.975191944659943,1.975191944659943,5.396676896712884,31.83940165441177,31.57818505013673,33.08621680993314,0.0246462873183003,0.0342691405342104,0.2820662011895526,0.0617848646199161,3.7582720588235294,0.3144042380244976,19.42,1.456839309428951,0.0047786958147036,0.1938911022576361,0.0,0.0,0.0368330123484762,0.0455788514129443,0.0077893752921015,0.3937007874015748,-0.0042062626577348,54.30550452037763,0.0229712886146967,0.0110710872601631,-175.1459241865146,-24460000000.0,12867000000.0,-43931000000.0,-20980000000.0,0.0,316500000.0,-44271500000.0,0.0,44.403741231488695,-2247.4045206547157,0.0,2.0268562401263823,-0.0400461951432673,0.0486811481768813,0.1677289500167729,2024-04-25,2.45,amc,6516680908.0,2025-04-25,2024-03-31,-0.0448979591836736,91.66918032786884,1828948.6557377048
2023-12-31,HIG,USD,874766,2023-12-31,2023-12-30 19:00:00,2023,Q4,6400000000.0,0.0,6400000000.0,1.0,0,0.0,0.0,1214000000.0,-1766000000.0,1766000000.0,-5399000000.0,49000000.0,49000000.0,457000000.0,1456000000.0,0.2275,1001000000.0,0.15640625,-61000000.0,950000000.0,0.1484375,179000000.0,771000000.0,0.12046875,2.53,2.53,300300000,305100000,,,21.31202131202131,2.5674325674325678,5.417915417915418,5.204795204795205,145.83416583416584,51.03896103896104,42.32101232101232,51.03896103896104,14.688644688644688,24444420000.0,28680420000.0,7.926206225680935,3.819440625,15.02422864167179,15.639424184261037,1.5948600508905852,1.5948600508905852,4.481315625,19.69809065934066,17.62779348494161,18.349596928982727,0.0315409406318497,0.0639409730318821,0.2845958113133686,0.0622289431636612,2.909340659340659,0.3280229454194354,20.428571428571427,2.110246433203632,0.0054818236636418,0.1738002594033722,0.0,0.0,0.0373487788176215,0.0393362015980331,0.01,0.1400437636761488,0.01953125,54.29898288674831,0.0232896773784699,0.0114259462343282,-130.62770562770564,-23663000000.0,12709000000.0,-43218000000.0,-20149000000.0,2767500000.0,322500000.0,-55971000000.0,0.0,0.0,0.0,0.0,0.0,0.0,0.0503033861812487,0.2131202131202131,2024-02-01,2.44,amc,6362460000.0,2025-04-25,2023-12-31,0.2540983606557377,75.31428571428572,1660167.9206349207
2023-09-30,HIG,USD,874766,2023-10-26,2023-10-26 16:17:17,2023,Q3,6168000000.0,1226000000.0,4942000000.0,0.801232166,0,0.0,0.0,1226000000.0,-4129000000.0,-4129000000.0,1226000000.0,55000000.0,50000000.0,128000000.0,991000000.0,0.1606679637,813000000.0,0.1318093385,-51000000.0,813000000.0,0.1318093385,162000000.0,651000000.0,0.1055447471,2.14,2.11,304600000,309000000,https://www.sec.gov/Archives/edgar/data/874766/000087476623000112/0000874766-23-000112-index.htm,https://www.sec.gov/Archives/edgar/data/874766/000087476623000112/hig-20230930.htm,20.24950755088641,2.1372291529875245,5.8141825344714375,5.643466841759685,135.82731451083387,44.9080761654629,36.25410374261326,44.9080761654629,14.48128693368352,21599186000.0,25849186000.0,8.294618279569892,3.5018135538262,12.1960395256917,12.564971495055264,1.5790032897141604,1.5790032897141604,4.190853761348897,26.083941473259333,14.595813664596273,15.037339150668991,0.0301400247213019,0.079586332559014,0.3188098545215294,0.0585243437650974,4.288597376387488,13.869767441860466,16.26,2.720430107526881,0.0063428316233769,0.2104454685099846,0.0,0.0,0.0353749530302217,0.0293619424054206,0.0084306095979247,0.40625,0.0,46.47068017225226,0.048884883982879,0.0090567612687813,-141.27133946158898,8301000000.0,11043000000.0,-51891000000.0,11831000000.0,5556500000.0,646000000.0,-55099500000.0,80.76361867704281,47.34910277324633,-4069.600326264274,1.1143631436314363,1.9007751937984496,-0.0221151938236196,0.0475911981870019,0.1707156927117531,2023-10-26,1.98,amc,6168920000.0,2025-04-25,2023-09-30,0.1565656565656566,72.57317460317459,1283912.0317460315
2023-06-30,HIG,USD,874766,2023-07-27,2023-07-27 16:18:09,2023,Q2,6017000000.0,1225000000.0,4792000000.0,0.7964101712,0,0.0,0.0,1225000000.0,-4152000000.0,-4152000000.0,5345000000.0,57000000.0,50000000.0,129000000.0,851000000.0,0.1414326076,672000000.0,0.1116835632,-57000000.0,672000000.0,0.1116835632,125000000.0,547000000.0,0.0909090909,1.75,1.73,309400000,313300000,https://www.sec.gov/Archives/edgar/data/874766/000087476623000097/0000874766-23-000097-index.htm,https://www.sec.gov/Archives/edgar/data/874766/000087476623000097/hig-20230630.htm,19.447317388493857,1.7679379444085326,-0.1583710407239819,-0.3199741435035552,132.13639301874596,45.74014221073045,37.162249515190695,45.74014221073045,14.253393665158372,22282988000.0,26492988000.0,10.184180987202923,3.703338540801063,-454.75485714285713,-225.08068686868688,1.574546919163369,1.574546919163369,4.403022768821672,31.131595769682725,-540.6732244897959,-267.60593939393937,0.0245478748182245,-0.0044428512011046,0.3080836630864895,0.0590026388794911,4.947121034077556,13.854714064914992,13.44,-0.0895795246800731,0.0062379425954903,0.2541133455210237,0.0,0.0,0.0359158265105893,-1.020408163265306,0.0083097889313611,0.3875968992248062,0.0,42.65535127545355,0.0414488141244222,0.0076781628556589,-135.93244990303813,8317000000.0,11498000000.0,-50779000000.0,11855000000.0,2789000000.0,647000000.0,-54976000000.0,83.43360478643842,47.53469387755102,-4023.3306122448976,1.078702043743277,1.893353941267388,-0.0223695263138672,0.0386517806670435,0.1616031027795733,2023-07-27,1.85,amc,6048310000.0,2025-04-25,2023-06-30,0.0162162162162161,70.21677419354837,1693808.9193548388
2023-03-31,HIG,USD,874766,2023-04-27,2023-04-27 16:18:30,2023,Q1,5910000000.0,1216000000.0,4694000000.0,0.7942470389,0,0.0,0.0,1216000000.0,-3991000000.0,-3991000000.0,5231000000.0,58000000.0,50000000.0,129000000.0,832000000.0,0.1407783418,703000000.0,0.1189509306,-56000000.0,653000000.0,0.1104906937,118000000.0,535000000.0,0.0905245347,1.7,1.68,314000000,318600000,https://www.sec.gov/Archives/edgar/data/874766/000087476623000071/0000874766-23-000071-index.htm,https://www.sec.gov/Archives/edgar/data/874766/000087476623000071/hig-20230331.htm,18.82165605095541,1.7038216560509554,2.7738853503184715,2.6178343949044587,132.6624203821656,45.6687898089172,37.16242038216561,45.6687898089172,14.038216560509554,21882660000.0,26088660000.0,10.225542056074769,3.7026497461928938,25.12360505166475,26.62124087591241,1.5259874476987447,1.5259874476987447,4.414324873096446,31.3565625,29.952537313432835,31.73802919708029,0.0244485816623756,0.0375639890214443,0.303905160390516,0.0586943931904806,5.055288461538462,14.656877897990729,14.06,1.62803738317757,0.0063520614038695,0.2598130841121495,0.0,0.0,0.0359735484652991,0.0562571756601607,0.0082910321489001,0.3798449612403101,0.0,41.84206190362309,0.0421304058187354,0.0074743636312833,-146.01273885350318,8836000000.0,11669000000.0,-50426000000.0,12411000000.0,5956500000.0,652500000.0,-32878000000.0,0.0,47.88651315789473,-4084.7861842105262,0.0,1.8794435857805256,-0.0220329769885848,0.0373082287308228,0.1560509554140127,2023-04-27,1.72,amc,5875490000.0,2025-04-25,2023-03-31,-0.0232558139534883,74.26693548387097,2271913.4516129037
2022-12-31,HIG,USD,874766,2023-02-24,2023-02-24 16:04:22,2022,Q4,6016000000.0,4830000000.0,1186000000.0,0.1971409574,0,0.0,0.0,1198000000.0,-493000000.0,-19462000000.0,5284000000.0,57000000.0,50000000.0,140000000.0,922000000.0,0.1532579787,904000000.0,0.1502659574,-53000000.0,732000000.0,0.1216755319,143000000.0,589000000.0,0.0979055851,1.85,1.81,315111248,322651934,https://www.sec.gov/Archives/edgar/data/874766/000087476623000023/0000874766-23-000023-index.htm,https://www.sec.gov/Archives/edgar/data/874766/000087476623000023/hig-20221231.htm,19.091670126608747,1.8691811344036824,3.4400549230791024,3.2718603558067847,127.9516369406147,43.2577386129993,34.724244435730206,43.2577386129993,13.985536942813289,23894885935.84,28022885935.84,10.142141738471986,3.971889284547872,22.043252708339484,23.1764170085742,1.752981141210476,1.752981141210476,4.65805949731383,30.393585613709327,25.851370789520296,27.18029673699321,0.0246496259317378,0.0431473078703255,0.3196390580294916,0.0596669496863958,4.477223427331888,24.79069767441861,18.08,1.8404074702886248,0.0053567947695457,0.2173174872665534,0.0,0.0,0.0368245186382186,0.0488929889298892,0.0088098404255319,0.3785714285714285,0.0217752659574468,42.65292898475602,0.0072635295884309,0.0083744472722619,-48.93589199964071,50127000000.0,10942000000.0,-7157000000.0,53743000000.0,5956500000.0,658500000.0,-30490000000.0,178.21974734042553,12.260869565217392,-196.88198757763976,0.5049945437757072,7.340425531914893,-0.4571266325951164,0.0432103293962291,0.1681945672723177,2023-02-02,1.87,amc,5742583087.0,2025-04-25,2022-12-31,0.2352941176470588,71.99380952380952,1691218.126984127
2022-09-30,HIG,USD,874766,2022-10-27,2022-10-27 16:21:36,2022,Q3,5580000000.0,1203000000.0,4377000000.0,0.7844086022,0,0.0,0.0,1206000000.0,-3570000000.0,-3570000000.0,5087000000.0,51000000.0,50000000.0,153000000.0,634000000.0,0.1136200717,807000000.0,0.1446236559,-49000000.0,431000000.0,0.0772401434,92000000.0,334000000.0,0.0598566308,1.05,1.04,322100000,326300000,https://www.sec.gov/Archives/edgar/data/874766/000087476622000102/0000874766-22-000102-index.htm,https://www.sec.gov/Archives/edgar/data/874766/000087476622000102/hig-20220930.htm,17.32381248059609,1.0369450481217013,4.722135982614095,4.582427817447997,119.88823346786712,40.220428438373176,31.816206147159267,40.220428438373176,13.678981682707231,19950874000.0,24131874000.0,14.933288922155688,3.575425448028674,13.116945430637738,13.516852303523034,1.5400134311076803,1.5400134311076803,4.324708602150538,38.0628927444795,15.865794871794872,16.3495081300813,0.0167411212160429,0.0739817213020341,0.3362408336549595,0.0606676787231375,6.594637223974764,14.071320182094082,16.14,4.486725663716814,0.0066162514985559,0.3952095808383233,0.0,0.0,0.0377014247712427,0.029585798816568,0.0080645161290322,0.2941176470588235,0.0,30.63320775410807,0.0460992184770961,0.0048339942686774,-141.06488668115492,8614000000.0,10248000000.0,-49573000000.0,12262000000.0,0.0,661500000.0,-56028000000.0,0.0,49.30174563591023,-3771.620947630922,0.0,1.8254931714719271,-0.0238624191692783,0.0257815515245079,0.1397081651660975,2022-10-27,1.29,amc,5531727270.0,2025-04-25,2022-09-30,0.1162790697674417,65.079375,1805494.59375
2022-06-30,HIG,USD,874766,2022-07-28,2022-07-28 16:20:28,2022,Q2,5215000000.0,1222000000.0,3993000000.0,0.7656759348,0,0.0,0.0,1225000000.0,-470000000.0,4766000000.0,4661000000.0,0.0,51000000.0,164000000.0,767000000.0,0.147075743,593000000.0,0.1137104506,-39000000.0,554000000.0,0.106232023,110000000.0,439000000.0,0.0841802493,1.34,1.32,327400000,331800000,https://www.sec.gov/Archives/edgar/data/874766/000087476622000072/0000874766-22-000072-index.htm,https://www.sec.gov/Archives/edgar/data/874766/000087476622000072/hig-20220630.htm,15.928527794746488,1.3408674404398289,2.974954184483812,2.834453268173488,124.2180818570556,207.84056200366524,199.52046426389737,43.45143555284056,13.457544288332317,21421782000.000004,25518782000.000004,12.19919248291572,4.107724256951103,21.993616016427108,23.083816810344832,1.5058190636862083,1.5058190636862083,4.893342665388304,33.27090221642764,26.19998151950719,27.498687500000003,0.0204931597193921,0.0433203922997629,0.3061296218192043,0.0601502720919311,5.341590612777053,0.007746352008647,11.627450980392156,2.1936936936936937,0.0061619523529835,0.3006833712984054,0.0,0.0,0.0376232700754122,0.0472279260780287,0.0088207094918504,0.2754491017964072,0.0,36.20647513078847,0.012156136630078,0.0063004104595424,16.777642028100182,-33048000000.0,65323000000.0,-4097000000.0,-29354000000.0,0.0,670500000.0,-59693000000.0,0.0,48.90343698854337,-4539.918166939444,0.0,1.8403614457831323,-0.019824145874566,0.030858990580627,0.1405009163103237,2022-07-28,1.52,amc,5526945007.0,2025-04-25,2022-06-30,0.4144736842105262,70.10758064516129,1990797.3709677416
2022-03-31,HIG,USD,874766,2022-04-28,2022-04-28 16:23:25,2022,Q1,5393000000.0,1207000000.0,4186000000.0,0.7761913592,0,0.0,0.0,1210000000.0,-4521000000.0,-4521000000.0,4724000000.0,0.0,62000000.0,168000000.0,773000000.0,0.1433339514,872000000.0,0.161691081,-47000000.0,543000000.0,0.1006860745,98000000.0,438000000.0,0.0812163916,1.3,1.3,332300000,337300000,https://www.sec.gov/Archives/edgar/data/874766/000087476622000044/0000874766-22-000044-index.htm,https://www.sec.gov/Archives/edgar/data/874766/000087476622000044/hig-20220331.htm,16.2293108636774,1.318086066807102,1.2910021065302435,1.1977129100210653,133.5931387300632,47.83930183569064,39.57568462232922,47.83930183569064,15.067709900692146,23862463000.0,28584463000.0,13.620127283105024,4.424710365288337,55.62345687645688,59.95593718592965,1.5010670566773603,1.5010670566773603,5.300289820137215,36.97860672703752,66.63044988344988,71.82025879396986,0.0183551882301504,0.0166789153324197,0.3110649808139901,0.0657125392016159,6.1086675291073735,6.836750788643533,14.064516129032258,0.9640449438202248,0.0056574210298408,0.3082191780821918,0.0,0.0,0.0364907244990166,0.0722610722610722,0.0057481921008715,0.1845238095238095,-0.0079732987205636,37.66652541576636,0.0574501541741007,0.0060408793754999,-131.91092386397833,7401000000.0,13151000000.0,-50686000000.0,11142000000.0,0.0,682000000.0,-28872000000.0,0.0,50.48053024026512,-4305.683512841756,0.0,1.782865583456425,-0.020902604599612,0.0275523683713908,0.0932891965091784,2022-04-28,1.54,amc,5572814619.0,2025-04-25,2022-03-31,0.0779220779220778,70.52403225806451,2162741.7258064514
2021-12-31,HIG,USD,874766,2022-02-18,2022-02-18 16:08:25,2021,Q4,6017000000.0,-11594000000.0,17611000000.0,2.9268738574,0,0.0,0.0,1233000000.0,-446000000.0,-2783000000.0,4175000000.0,0.0,62000000.0,165000000.0,1127000000.0,0.1873026425,962000000.0,0.159880339,-54000000.0,900000000.0,0.1495762008,171000000.0,724000000.0,0.1203257437,2.18,2.11,334925984,344761905,https://www.sec.gov/Archives/edgar/data/874766/000087476622000019/0000874766-22-000019-index.htm,https://www.sec.gov/Archives/edgar/data/874766/000087476622000019/hig-20211231.htm,17.965163312022995,2.1616716366801807,3.5948241029874826,3.4724089964904006,139.5800930154168,53.27445720066915,45.0069589106589,53.27445720066915,14.946585929863238,23123289935.36,27862289935.36,7.984561441767957,3.842993175230182,19.2053903117608,19.882450503319003,1.2959306134259936,1.2959306134259936,4.630594970144591,24.722528780266195,23.141436823388705,23.957257038142732,0.0313104234745101,0.0502956111890266,0.2770834500924732,0.0645616234427642,4.204968944099379,21.725182863113897,15.516129032258064,1.6515775034293554,0.0054058051578919,0.1726519337016574,0.0,0.0,0.0361592102170336,0.0340531561461794,0.0068140269237161,0.2484848484848484,0.0212730596642845,50.903264821914135,0.0103042805569881,0.0098091018710455,-35.787011377415254,19834000000.0,15074000000.0,-37944000000.0,23630000000.0,0.0,686000000.0,0.0,0.0,-5.33293082628946,0.0,0.0,-16.87627365356623,0.0,0.0405761362999495,0.122415106497082,2022-02-03,1.52,amc,5274883513.0,2025-04-25,2021-12-31,0.3289473684210526,70.548125,1616445.515625
2021-09-30,HIG,USD,874766,2021-10-28,2021-10-28 16:20:10,2021,Q3,5686000000.0,1200000000.0,4486000000.0,0.7889553289,0,0.0,0.0,1200000000.0,-3845000000.0,-3845000000.0,5103000000.0,0.0,58000000.0,168000000.0,809000000.0,0.1422792824,641000000.0,0.1127330285,-31000000.0,583000000.0,0.1025325361,101000000.0,476000000.0,0.0837143862,1.38,1.36,345600000,350700000,https://www.sec.gov/Archives/edgar/data/874766/000087476621000099/0000874766-21-000099-index.htm,https://www.sec.gov/Archives/edgar/data/874766/000087476621000099/hig-20210930.htm,16.452546296296298,1.3773148148148149,3.738425925925926,3.608217592592593,138.26967592592592,51.68402777777778,43.60532407407408,51.68402777777778,14.47048611111111,24278400000.0,28989400000.0,12.75126050420168,4.2698557861414,18.791331269349843,19.469446672012836,1.3592206919717835,1.3592206919717835,5.0983819908547305,35.8336217552534,22.437616099071207,23.247313552526062,0.0196059048372215,0.0513625280084354,0.2767327286977942,0.0647922401363219,5.8232385661310255,29.66423357664233,11.051724137931034,2.680497925311203,0.0053133649663898,0.2710084033613445,0.0,0.0,0.0365971949141434,0.0348297213622291,0.007914175167077,0.2678571428571428,0.0,40.02082565142503,0.0070094831367733,0.0064763667038558,-30.792824074074076,19635000000.0,15070000000.0,-38108000000.0,23474000000.0,0.0,685000000.0,0.0,0.0,51.375,0.0,0.0,1.7518248175182485,0.0,0.0266487515395812,0.1302083333333333,2021-10-28,0.86,amc,5254000000.0,2025-04-25,2021-09-30,0.4651162790697675,66.11140625,1858426.28125
2021-06-30,HIG,USD,874766,2021-07-28,2021-07-28 16:19:24,2021,Q2,5589000000.0,1202000000.0,4387000000.0,0.7849346931,0,0.0,0.0,1202000000.0,-3220000000.0,-3220000000.0,4278000000.0,0.0,57000000.0,173000000.0,1340000000.0,0.2397566649,1167000000.0,0.2088030059,-37000000.0,1110000000.0,0.1986044015,205000000.0,900000000.0,0.1610305958,2.54,2.51,353700000,358500000,https://www.sec.gov/Archives/edgar/data/874766/000087476621000079/0000874766-21-000079-index.htm,https://www.sec.gov/Archives/edgar/data/874766/000087476621000079/hig-20210630.htm,15.801526717557252,2.544529262086514,2.3692394684761098,2.301385354820469,134.57167090754876,51.58043539722929,43.62171331636981,51.58043539722929,12.47102063895957,21918789000.0,26095789000.0,6.0885525,3.921772946859903,26.156072792362767,26.927259213759218,1.2014245231308924,1.2014245231308924,4.669133834317409,19.47446940298508,31.140559665871123,32.05870884520885,0.0410606626123368,0.0371370881849357,0.238653803990353,0.0582615211689771,3.1171641791044777,27.98686131386861,20.473684210526315,0.9259668508287292,0.0059766075580179,0.1455555555555555,0.0,0.0,0.0376679334154043,0.0286396181384248,0.0042941492216854,0.1387283236994219,0.0,54.342233690167646,0.0128495816572308,0.0125144263526009,-25.134294599943452,18486000000.0,15429000000.0,-37317000000.0,22368000000.0,0.0,683000000.0,0.0,0.0,51.28951747088186,0.0,0.0,1.7547445255474452,0.0,0.0493312869984652,0.0678541136556403,2021-07-28,1.34,amc,4963137968.0,2025-04-25,2021-06-30,0.7388059701492536,65.52857142857142,2563264.698412698
2021-03-31,HIG,USD,874766,2021-04-27,2021-04-27 15:49:33,2021,Q1,5299000000.0,1144000000.0,4155000000.0,0.7841102095,0,0.0,0.0,1144000000.0,-3795000000.0,-3795000000.0,4996000000.0,0.0,57000000.0,174000000.0,534000000.0,0.1007737309,360000000.0,0.0679373467,-58000000.0,303000000.0,0.0571806001,54000000.0,244000000.0,0.0460464239,0.68,0.67,358200000,362200000,https://www.sec.gov/Archives/edgar/data/874766/000087476621000052/0000874766-21-000052-index.htm,https://www.sec.gov/Archives/edgar/data/874766/000087476621000052/hig-20210331.htm,14.793411501954216,0.6811836962590732,2.11892797319933,2.054718034617532,131.63037409268566,49.41931881630374,41.4963707426019,49.41931881630374,12.311557788944723,23924178000.000004,28101178000.000004,24.512477459016395,4.514847707114551,31.52065612648222,32.505676630434785,1.3514957631906,1.3514957631906,5.303109643328931,52.62392883895132,37.023949934123856,38.18094836956522,0.0101988875020073,0.0307638573831042,0.2459044175799344,0.0586649775609493,7.822097378277154,28.397944199706316,6.315789473684211,3.048192771084337,0.0050576450317331,0.4959016393442623,0.0,0.0,0.0382474629721971,0.0303030303030303,0.0043404415927533,0.132183908045977,0.0,27.52147835423536,0.0040239606115127,0.0034191387693903,-26.0999441652708,18658000000.0,14864000000.0,-37160000000.0,22588000000.0,0.0,691000000.0,0.0,0.0,53.57517482517482,0.0,0.0,1.6798825256975036,0.0,0.0137837532482205,0.0642099385817978,2021-04-22,0.62,amc,5181000000.0,2025-04-25,2021-03-31,-0.096774193548387,54.0288524590164,3117588.7377049183
2020-12-31,HIG,USD,874766,2021-02-19,2021-02-19 16:23:11,2020,Q4,5328000000.0,-10715000000.0,16043000000.0,3.0110735736,0,0.0,0.0,1087000000.0,-4548000000.0,-4548000000.0,4473000000.0,0.0,57000000.0,151000000.0,860000000.0,0.1614114114,20591000000.0,3.8646771772,-32000000.0,652000000.0,0.1223723724,115000000.0,532000000.0,0.0998498498,1.48,1.47,358400000,361500000,https://www.sec.gov/Archives/edgar/data/874766/000087476621000022/0000874766-21-000022-index.htm,https://www.sec.gov/Archives/edgar/data/874766/000087476621000022/hig-20201231.htm,14.866071428571429,1.484375,3.392857142857143,3.2924107142857144,135.23716517857142,51.77455357142857,43.79185267857143,51.77455357142857,12.301897321428571,17554432000.0,21755432000.0,8.249263157894736,3.294750750750751,14.436210526315788,14.876637288135592,0.9460245742616944,0.9460245742616944,4.083226726726727,25.29701395348837,17.890980263157896,18.436806779661016,0.0303057370355247,0.0672194919209006,0.2345333045915067,0.0587227267207297,4.884883720930232,24.484605087014724,361.2456140350877,2.264432029795158,0.0068928462054482,0.2274436090225564,0.0,0.0,0.0386042557784944,0.0296052631578947,0.0067567567567567,0.23841059602649,0.0217717717717717,41.5835206728069,0.2311644926733929,0.0074666666666666,-19.771205357142858,17543000000.0,15695000000.0,-37265000000.0,21526000000.0,0.0,706000000.0,0.0,0.0,-5.888007466168922,0.0,0.0,-15.28530670470756,0.0,0.0286699719767191,0.1004464285714285,2021-02-04,1.33,amc,3468045112.0,2025-04-25,2020-12-31,0.3233082706766916,43.13765625,2403355.28125
2020-09-30,HIG,USD,874766,2020-10-29,2020-10-29 16:40:07,2020,Q3,5171000000.0,1093000000.0,4078000000.0,0.7886288919,0,0.0,0.0,1079000000.0,-3488000000.0,-3488000000.0,4639000000.0,0.0,58000000.0,142000000.0,732000000.0,0.1415586927,590000000.0,0.1140978534,-150000000.0,532000000.0,0.1028814543,73000000.0,453000000.0,0.0876039451,1.26,1.26,358300000,360500000,https://www.sec.gov/Archives/edgar/data/874766/000087476620000072/0000874766-20-000072-index.htm,https://www.sec.gov/Archives/edgar/data/874766/000087476620000072/hig-20200930.htm,14.432040189785097,1.2643036561540608,3.873848730114429,3.798492883058889,132.8942227183924,49.68462182528607,41.635500976835054,49.68462182528607,12.305330728439856,13206938000.0,17384938000.0,7.288597130242826,2.5540394507832143,9.51508501440922,9.703848640705363,0.7418794517469948,0.7418794517469948,3.36200696190292,23.749915300546448,12.525171469740634,12.77365025716385,0.0343001534496489,0.1030518959050159,0.244410740366251,0.0601639956304705,5.707650273224044,25.542897327707458,10.172413793103448,3.0239651416122006,0.009313286698249,0.271523178807947,0.0,0.0,0.0398788700064989,0.0194524495677233,0.0052214271900986,0.1901408450704225,0.0,37.59481484377431,0.007108721838111,0.0065240872758695,-19.260396315936365,17450000000.0,14918000000.0,-36356000000.0,21478000000.0,0.0,730500000.0,0.0,0.0,58.545288197621225,0.0,0.0,1.5372714486638537,0.0,0.0254465790360633,0.07535584705554,2020-10-29,0.9,amc,4834884998.0,2025-04-25,2020-09-30,0.6222222222222221,39.86859375,2185708.375
2020-06-30,HIG,USD,874766,2020-07-31,2020-07-31 08:39:11,2020,Q2,5068000000.0,1125000000.0,3943000000.0,0.7780189424,0,0.0,0.0,1125000000.0,-3294000000.0,-3294000000.0,4476000000.0,0.0,57000000.0,135000000.0,784000000.0,0.1546961326,649000000.0,0.1280584057,-50000000.0,592000000.0,0.1168113654,124000000.0,463000000.0,0.0913575375,1.29,1.29,358100000,359300000,https://www.sec.gov/Archives/edgar/data/874766/000087476620000053/0000874766-20-000053-index.htm,https://www.sec.gov/Archives/edgar/data/874766/000087476620000053/hig6302020-10xqdocument.htm,14.152471376710416,1.2929349343758727,2.7059480592013405,2.627757609606255,128.89974867355488,47.67383412454622,39.5559899469422,47.67383412454622,12.306618263055013,13804754999.999998,17863755000.0,7.453971382289416,2.72390588003157,14.246393188854489,14.670302869287989,0.8086196696344892,0.8086196696344892,3.524813535911602,22.785401785714285,18.435247678018577,18.9837991498406,0.0335391682068968,0.0681649185371272,0.2548031865042174,0.06127623608959,5.177295918367347,24.662666666666667,11.385964912280702,2.0705128205128207,0.0087650957948909,0.2613390928725702,0.0,0.0,0.0409494294971122,0.0288957688338493,0.005524861878453,0.2074074074074074,0.0,37.24085425837456,0.0073043965092655,0.0068005228911769,-21.66713208600949,17747000000.0,14165000000.0,-35421000000.0,21789000000.0,5077000000.0,754000000.0,0.0,0.0,60.0,0.0,0.0,1.5,0.0,0.0271204311152764,0.0781904495950851,2020-07-30,1.22,amc,5068000000.0,2025-04-25,2020-06-30,0.0,38.10761904761905,3425998.285714286
2020-03-31,HIG,USD,874766,2020-04-29,2020-04-29 16:22:50,2020,Q1,4956000000.0,1176000000.0,3780000000.0,0.7627118644,0,0.0,0.0,1176000000.0,4548000000.0,4548000000.0,4612000000.0,0.0,64000000.0,134000000.0,542000000.0,0.109362389,408000000.0,0.0823244552,-61000000.0,344000000.0,0.0694108152,71000000.0,268000000.0,0.0540758676,0.75,0.74,358500000,361100000,https://www.sec.gov/Archives/edgar/data/874766/000087476620000034/0000874766-20-000034-index.htm,https://www.sec.gov/Archives/edgar/data/874766/000087476620000034/hig3312020-10xqdocument.htm,13.824267782426778,0.7475592747559274,0.8312412831241283,0.7670850767085077,119.72384937238492,42.582984658298464,34.37935843793584,42.582984658298464,12.309623430962343,12633540000.0,16771540000.0,11.78501865671642,2.549140435835351,42.39442953020135,45.94014545454545,0.8275605921655969,0.8275605921655969,3.38408797417272,30.94380073800738,56.2803355704698,60.987418181818185,0.0212133732904633,0.0217674539361097,0.284881435870562,0.0632821139630987,7.634686346863469,1.3158891445559877,6.375,1.0915750915750917,0.0089444447082923,0.4216417910447761,0.0,0.0,0.0427943658692741,0.0771812080536912,0.004640839386602,0.1716417910447761,-0.006456820016142,26.762835525823093,0.0165073004167432,0.0040740008816867,-8.149232914923292,15513000000.0,12325000000.0,11164000000.0,19615000000.0,10032500000.0,756500000.0,0.0,184.39467312348668,58.01020408163266,0.0,0.4880835138861532,1.5514511873350922,0.0,0.0175553517620856,0.0641562064156206,2020-04-29,1.33,amc,4763283582.0,2025-04-25,2020-03-31,0.0075187969924812,52.10032258064516,3121233.4032258065
2019-12-31,HIG,USD,874766,2020-02-21,2020-02-21 16:18:28,2019,Q4,5361000000.0,-10799000000.0,16160000000.0,3.014362992,0,0.0,0.0,1186000000.0,4529000000.0,4529000000.0,4685000000.0,0.0,65000000.0,118000000.0,859000000.0,0.1602313001,2085000000.0,0.3889199776,-1409000000.0,676000000.0,0.1260958776,128000000.0,543000000.0,0.1012870733,1.51,1.49,360500000,364300000,https://www.sec.gov/Archives/edgar/data/874766/000087476620000020/0000874766-20-000020-index.htm,https://www.sec.gov/Archives/edgar/data/874766/000087476620000020/hig1231201910-kdocument.htm,14.871012482662968,1.50624133148405,2.8932038834951457,2.80998613037448,125.53120665742026,45.131761442441054,36.85714285714285,45.131761442441054,13.628294036061028,21907585000.0,26570585000.0,10.086365101289134,4.086473605670584,21.004395973154363,21.626441263573543,1.34650184388445,1.34650184388445,4.956274016041784,30.93199650756694,25.475153403643336,26.229600197433367,0.0247859360125728,0.046239692782203,0.2979717271051014,0.0684581385825437,5.428405122235157,1.410642363393693,32.07692307692308,1.9032846715328464,0.0050667383009126,0.2044198895027624,0.0,0.0,0.0421226541649603,0.0287631831255992,0.0055959709009513,0.2542372881355932,0.0233165454206304,39.10926744473573,0.0800363244905633,0.0080048353333136,-5.158807212205271,20613836000.0,13287000000.0,16265836000.0,24777836000.0,9912000000.0,759500000.0,0.0,166.38500279798546,-6.292249282340957,0.0,0.5409141358086974,-14.303311258278146,0.0,0.0333743085433312,0.0832177531206657,2020-02-03,1.32,amc,4426153846.0,2025-04-25,2019-12-31,0.0833333333333332,60.00328125,1812340.53125
2019-09-30,HIG,USD,874766,2019-11-04,2019-11-04 16:27:45,2019,Q3,5347000000.0,1167000000.0,4180000000.0,0.7817467739,0,0.0,0.0,1138000000.0,4537000000.0,4537000000.0,4694000000.0,0.0,67000000.0,112000000.0,832000000.0,0.1556012717,720000000.0,0.1346549467,-185000000.0,653000000.0,0.1221245558,118000000.0,524000000.0,0.0979988779,1.45,1.43,361400000,365400000,https://www.sec.gov/Archives/edgar/data/874766/000087476619000080/0000874766-19-000080-index.htm,https://www.sec.gov/Archives/edgar/data/874766/000087476619000080/hig9302019-10xqdocument.htm,14.795240730492528,1.4499169894853348,3.990038738240177,3.90426120641948,125.9629219701162,44.48810182623132,36.07913669064748,44.48810182623132,13.594355285002766,21904454000.0,26543454000.0,10.450598282442748,4.096587619225734,15.190328710124826,15.524063784549964,1.3623867396442344,1.3623867396442344,4.964176921638302,31.903189903846155,18.40738834951456,18.81180297661233,0.0239220753916075,0.0644161228579356,0.3014056474685906,0.0689763151901616,5.575721153846154,0.9467009150746508,10.74626865671642,2.695327102803738,0.0052957266134093,0.2213740458015267,0.0,0.0,0.0432560920063766,0.0214979195561719,0.0057976435384327,0.2767857142857143,0.0,38.09647267170076,0.0281921622275965,0.0077956469345552,-3.3764526840066407,-2656000000.0,13039000000.0,-7002000000.0,1577000000.0,10016500000.0,777000000.0,0.0,166.85431082850195,58.92030848329049,0.0,0.5393927166347221,1.5274869109947644,0.0,0.0325911182982958,0.0857775318206972,2019-11-04,1.24,amc,3941546666.0,2025-04-25,2019-09-30,0.2096774193548387,58.5146875,1782082.4375
2019-06-30,HIG,USD,874766,2019-08-01,2019-08-01 16:23:06,2019,Q2,5092000000.0,1141000000.0,3951000000.0,0.7759230165,0,0.0,0.0,1141000000.0,4573000000.0,4573000000.0,4636000000.0,0.0,63000000.0,113000000.0,632000000.0,0.1241162608,519000000.0,0.1019245876,-63000000.0,456000000.0,0.0895522388,84000000.0,372000000.0,0.0730557738,1.03,1.02,361400000,365100000,https://www.sec.gov/Archives/edgar/data/874766/000087476619000068/0000874766-19-000068-index.htm,https://www.sec.gov/Archives/edgar/data/874766/000087476619000068/hig6302019-10xqdocument.htm,14.089651355838406,1.0293303818483674,2.006087437742114,1.9396790260099608,121.07360265633648,42.31322634200332,33.72440509131157,42.31322634200332,12.764250138350858,20198646000.0,24522646000.0,13.574358870967744,3.9667411626080127,27.860201379310343,28.814045649072757,1.320863588804604,1.320863588804604,4.815916339355852,38.801655063291136,33.824339310344826,34.98237660485022,0.0184170760752973,0.0347052965827511,0.2975411980120324,0.0654940119760479,6.841772151898734,0.9199680829842408,8.238095238095237,1.9489247311827955,0.005544926130197,0.3010752688172043,0.0,0.0,0.0446798710271764,0.033103448275862,0.00471327572663,0.2123893805309734,0.0,31.30449667582343,0.0213383094870529,0.0056051108968177,-7.841726618705036,-4012000000.0,12188000000.0,-8062000000.0,314000000.0,9310500000.0,766000000.0,0.0,178.8688138256088,62.31375985977213,0.0,0.5031620553359684,1.4443037974683544,0.0,0.0243264452001046,0.0664084117321527,2019-08-01,1.14,amc,3877714285.0,2025-04-25,2019-06-30,0.1666666666666668,52.79873015873016,2071434.746031746
2019-03-31,HIG,USD,874766,2019-05-01,2019-05-01 16:21:32,2019,Q1,4940000000.0,1048000000.0,3892000000.0,0.787854251,0,0.0,0.0,1048000000.0,4101000000.0,4101000000.0,4165000000.0,0.0,64000000.0,108000000.0,947000000.0,0.1917004049,839000000.0,0.1698380567,-64000000.0,775000000.0,0.1568825911,145000000.0,625000000.0,0.1265182186,1.74,1.71,360000000,364700000,https://www.sec.gov/Archives/edgar/data/874766/000087476619000039/0000874766-19-000039-index.htm,https://www.sec.gov/Archives/edgar/data/874766/000087476619000039/hig3312019-10xqdocument.htm,13.72222222222222,1.7361111111111112,0.775,0.7194444444444444,114.2388888888889,39.833333333333336,34.46111111111111,39.833333333333336,12.02777777777778,17949600000.0,22111600000.0,7.17984,3.6335222672064775,64.33548387096774,69.3034749034749,1.251715481171548,1.251715481171548,4.476032388663968,23.34910242872228,79.25304659498208,85.37297297297297,0.0348197174310291,0.0144292909034184,0.297489539748954,0.0673678226264923,4.3949313621964095,0.9085742088152686,13.109375,0.4428571428571428,0.0064068280073093,0.184,0.0,0.0,0.0305413429347482,0.07168458781362,0.0040485829959514,0.1851851851851851,-0.0056680161943319,39.44603380991977,0.0366562295201339,0.0101808112070369,-4.117361111111111,-4134000000.0,12406000000.0,-7901000000.0,-1055000000.0,8426500000.0,754500000.0,0.0,154.8765182186235,63.72137404580153,0.0,0.5811081049288319,1.412398921832884,0.0,0.0435843793584379,0.0555555555555555,2019-05-01,1.24,amc,3842215827.0,2025-04-25,2019-03-31,0.1209677419354838,47.48983606557377,2260285.475409836
2018-12-31,HIG,USD,874766,2019-02-22,2019-02-22 16:09:46,2018,Q4,4633000000.0,-10041000000.0,14674000000.0,3.1672782215,0,0.0,0.0,1039000000.0,4396000000.0,4396000000.0,4466000000.0,0.0,70000000.0,108000000.0,345000000.0,0.0744657889,1485000000.0,0.3205266566,-1318000000.0,167000000.0,0.0360457587,-29000000.0,196000000.0,0.0423052018,0.53,0.52,359100000,364000000,https://www.sec.gov/Archives/edgar/data/874766/000087476619000018/0000874766-19-000018-index.htm,https://www.sec.gov/Archives/edgar/data/874766/000087476619000018/hig1231201810-kdocument.htm,12.901698691172376,0.5458089668615984,2.787524366471735,2.642717905875801,111.52046783625732,36.4828738512949,31.060985797827904,36.4828738512949,13.221943748259536,15961995000.000002,20527995000.0,20.359687500000003,3.4452827541549755,15.946048951048953,16.819805057955744,1.2183798946645297,1.2183798946645297,4.430821282106626,59.5014347826087,20.50748751248751,21.63118545837724,0.0122791668585286,0.0594537211670596,0.3570719792382261,0.0750798465661964,13.234782608695651,0.8848935270688235,21.214285714285715,5.107142857142857,0.0068287203447939,0.5561224489795918,0.0,0.0,0.031248495353652,0.0519480519480519,0.0112238290524498,0.4814814814814814,0.0280595726311245,21.16684418874573,0.0980299370885317,0.003247183565275,-8.061821219715956,-5173000000.0,11154000000.0,-9438000000.0,-2220000000.0,8154000000.0,771000000.0,0.0,162.24476581048998,-6.874813265610995,0.0,0.5547174329501916,-13.091264667535857,0.0,0.0149606900236623,0.1448064605959342,2019-02-04,0.65,amc,3177384615.0,2025-04-25,2018-12-31,0.2,44.986984126984126,3123898.476190476
2018-09-30,HIG,USD,874766,2018-10-25,2018-10-25 16:23:26,2018,Q3,4842000000.0,1091000000.0,3751000000.0,0.7746798843,0,0.0,0.0,1091000000.0,4243000000.0,4243000000.0,4312000000.0,0.0,69000000.0,122000000.0,726000000.0,0.1499380421,604000000.0,0.1247418422,-62000000.0,530000000.0,0.1094589013,103000000.0,432000000.0,0.0892193309,1.2,1.19,358600000,364100000,https://www.sec.gov/Archives/edgar/data/874766/000087476618000057/0000874766-18-000057-index.htm,https://www.sec.gov/Archives/edgar/data/874766/000087476618000057/hig9302018-10xqdocument.htm,13.502509760178471,1.204684885666481,1.5950920245398772,1.5644171779141105,111.00948131622978,35.49637479085332,30.083658672615726,35.49637479085332,13.23201338538762,17718426000.0,22292426000.0,10.25371875,3.659319702602231,30.97626923076923,31.58364705882353,1.3919731322177704,1.3919731322177704,4.603970673275506,30.70582093663912,38.97277272727273,39.73694474153298,0.0243813982122339,0.0316619546228316,0.3673501453374185,0.0761104871657144,6.300275482093664,1.1308583642704466,8.753623188405797,1.3240740740740742,0.005079457960882,0.2083333333333333,0.0,0.0,0.0315933395185311,0.0192307692307692,0.0022717885171416,0.0901639344262295,0.0,31.018442734059164,0.0279585675337275,0.0072609923356192,-8.179029559397657,5816000000.0,10788000000.0,1553000000.0,8754000000.0,7934500000.0,779500000.0,0.0,147.8810408921933,63.93217231897342,0.0,0.6085972850678733,1.407741935483871,0.0,0.033938251237332,0.0306748466257668,2018-10-25,1.06,amc,4018782608.0,2025-04-25,2018-09-30,0.0849056603773583,51.38777777777778,2222902.26984127
2018-06-30,HIG,USD,874766,2018-07-26,2018-07-26 16:24:06,2018,Q2,4789000000.0,1067000000.0,3722000000.0,0.7771977448,0,0.0,0.0,1067000000.0,4167000000.0,4167000000.0,4252000000.0,0.0,79000000.0,121000000.0,737000000.0,0.1538943412,434000000.0,0.0906243475,-76000000.0,537000000.0,0.1121319691,103000000.0,582000000.0,0.1215285028,0.41,0.41,358300000,364200000,https://www.sec.gov/Archives/edgar/data/874766/000087476618000040/0000874766-18-000040-index.htm,https://www.sec.gov/Archives/edgar/data/874766/000087476618000040/hig6302018-10xqdocument.htm,13.365894501814122,1.624337147641641,1.557354172481161,1.5015350265140943,110.62517443483117,35.015350265140945,29.54786491766676,35.015350265140945,13.268210996371756,18319879000.0,22847879000.0,7.869363831615121,3.825408018375444,32.83132437275986,34.05181970260223,1.4602167224613425,1.4602167224613425,4.770908122781374,31.001192672998645,40.94601971326165,42.46817657992565,0.03176876877844,0.0293670061903793,0.3726287262872628,0.0769230769230769,6.1438263229308,1.1325767052562148,5.493670886075949,0.9587628865979382,0.0049126962028515,0.1546391752577319,0.0,0.0,0.0322336487042369,0.03584229390681,0.0041762372102735,0.1652892561983471,0.0,35.77326542126705,0.0203679259126373,0.009895266594124,-7.4162712810494,5829000000.0,10587000000.0,1567000000.0,8801000000.0,7973000000.0,792000000.0,561500000.0,148.70954270202546,66.12933458294283,0.0,0.6052066220144067,1.360969387755102,0.0,0.0463892874222859,0.0558191459670667,2018-07-26,1.02,amc,3927672566.0,2025-04-25,2018-06-30,0.1078431372549018,52.379375,2028908.40625
2018-03-31,HIG,USD,874766,2018-04-26,2018-04-26 16:39:42,2018,Q1,4691000000.0,1037000000.0,3654000000.0,0.7789383927,0,0.0,0.0,1037000000.0,4092000000.0,4092000000.0,4172000000.0,0.0,80000000.0,116000000.0,884000000.0,0.1884459603,768000000.0,0.1637177574,-72000000.0,519000000.0,0.1106373907,91000000.0,597000000.0,0.1272649755,1.67,1.64,357500000,363900000,https://www.sec.gov/Archives/edgar/data/874766/000087476618000023/0000874766-18-000023-index.htm,https://www.sec.gov/Archives/edgar/data/874766/000087476618000023/hig3312018-10xqdocument.htm,13.121678321678322,1.66993006993007,1.9916083916083915,1.8825174825174824,107.7958041958042,36.763636363636365,31.23356643356643,36.763636363636365,14.67972027972028,18418400000.0,23358400000.0,7.712897822445562,3.926327009166489,25.8685393258427,27.367607726597324,1.4013847675568745,1.4013847675568745,4.9794073758260495,26.423529411764704,32.806741573033705,34.70787518573551,0.032413238934978,0.0365395474091126,0.3932131172487255,0.0238523810842494,5.588235294117647,0.2447778314416807,9.6,1.1926298157453936,0.0048864179298961,0.1507537688442211,0.0,0.0,0.0091246434604414,0.0547752808988764,0.0083137923683649,0.3362068965517241,0.0002131741632914,37.1663260422825,0.0345880094185149,0.0027807665972639,-443.0762237762238,-150114000000.0,11166000000.0,-154869000000.0,-147119000000.0,8002000000.0,808000000.0,561500000.0,154.11852483479,69.43105110896818,97.46383799421407,0.5839661396738454,1.29625,0.9234194122885128,0.0454234193106596,0.109090909090909,2018-04-26,1.08,amc,3631181102.0,2025-04-25,2018-03-31,0.1759259259259258,54.70754098360656,2474791.229508197
2017-12-31,HIG,USD,874766,2018-02-23,2018-02-23 16:27:29,2017,Q4,2866000000.0,-9733000000.0,12599000000.0,4.3960223308,0,0.0,0.0,1025000000.0,4087000000.0,4087000000.0,2747000000.0,0.0,70000000.0,99000000.0,-111000000.0,-0.0387299372,-262000000.0,-0.0914166085,-85000000.0,119000000.0,0.041521284,953000000.0,-3703000000.0,-1.2920446615,-10.37,-10.18,357000000,363900000,https://www.sec.gov/Archives/edgar/data/874766/000087476618000011/0000874766-18-000011-index.htm,https://www.sec.gov/Archives/edgar/data/874766/000087476618000011/hig1231201710-kdocument.htm,8.028011204481793,-10.372549019607844,1.854341736694678,1.515406162464986,113.23809523809524,37.79831932773109,32.338935574229694,37.79831932773109,14.196078431372548,20091960000.0,24909960000.0,-1.3564650283553874,7.010453593859037,30.350392749244712,37.13855822550832,1.488955091151623,1.488955091151623,8.691542219120725,-224.41405405405405,37.62833836858006,46.044288354898335,-0.1843025767520938,0.0269261933629173,0.3703868385949311,0.0221876942200124,-43.4054054054054,0.2377539983002395,-3.742857142857143,-0.1787739670537402,0.0041310056360852,-0.0224142587091547,0.0,0.0,0.0086522240965994,0.1827794561933534,0.0422191207257501,1.2222222222222223,0.0404745289602233,,0.0992970841808495,-0.0165822552404494,-463.1981792717087,-157852000000.0,11545000000.0,-162530000000.0,-154869000000.0,5887500000.0,15483500000.0,0.0,250.31053733426376,-7.545463885749512,0.0,0.3595533810061473,-11.927696078431373,0.0,-0.2744182599673929,0.3389355742296919,2018-02-08,0.74,amc,3928901234.0,2025-04-25,2017-12-31,0.0945945945945946,55.78619047619048,2029706.476190476
2017-09-30,HIG,USD,874766,2017-10-26,2017-10-26 16:06:59,2017,Q3,4684000000.0,995000000.0,3689000000.0,0.7875747225,0,0.0,0.0,952000000.0,3932000000.0,3932000000.0,4428000000.0,3000000.0,82000000.0,109000000.0,447000000.0,0.0954312553,338000000.0,0.0721605465,4000000.0,256000000.0,0.0546541418,22000000.0,234000000.0,0.0499573015,0.65,0.64,360200000,367000000,https://www.sec.gov/Archives/edgar/data/874766/000087476617000056/0000874766-17-000056-index.htm,https://www.sec.gov/Archives/edgar/data/874766/000087476617000056/hig09302017-10xqdocument.htm,13.00388672959467,0.6496390893947807,1.7490283176013326,1.646307606885064,174.54192115491395,47.842865074958354,46.26873958911716,47.842865074958354,14.491948917268184,19965886000.0,24770886000.0,21.331074786324788,4.262571733561059,31.69188253968254,33.6692849915683,1.1585844600475832,1.1585844600475832,5.288404355251921,55.41585234899329,39.318866666666665,41.77215177065767,0.0117199907882875,0.0297006604164723,0.2981489003655777,0.0229159140274116,10.749440715883669,0.3627127028096557,4.121951219512195,2.6923076923076925,0.0042572616111301,0.3632478632478632,0.0,0.0,0.0025288678967579,0.0587301587301587,0.0078992314261315,0.3394495412844037,0.0,26.44453429879224,0.0138104297975057,0.0010463057359017,-392.1571349250417,-128834000000.0,16666000000.0,-133652000000.0,-127305000000.0,1902000000.0,30308500000.0,0.0,73.09137489325363,2727.2261306532664,0.0,1.2313354363827549,0.0330005638287287,0.0,0.0135785991992108,0.1027207107162687,2017-10-23,0.57,amc,3573900000.0,2025-04-25,2017-09-30,0.0526315789473684,54.37587301587301,2040234.603174603
2017-06-30,HIG,USD,874766,2017-07-27,2017-07-27 16:38:37,2017,Q2,4769000000.0,1692000000.0,3077000000.0,0.6452086391,0,0.0,0.0,1650000000.0,4416000000.0,4416000000.0,4908000000.0,2000000.0,81000000.0,95000000.0,37000000.0,0.0077584399,-58000000.0,-0.0121618788,-69000000.0,-139000000.0,-0.0291465716,-99000000.0,-40000000.0,-0.0083875026,-0.11,-0.11,361904761,366000000,https://www.sec.gov/Archives/edgar/data/874766/000087476617000040/0000874766-17-000040-index.htm,https://www.sec.gov/Archives/edgar/data/874766/000087476617000040/hig06302017-10xqdocument.htm,13.17750003294375,-0.1105263160657894,1.848552636200329,1.7076315832164477,176.75092149450887,47.76947380363421,46.20276327340165,47.76947380363421,14.418157930782236,19025333285.77,23800333285.77,-118.9083330360625,3.989375820039841,28.43846530010463,30.785328941375404,1.1004935958913695,1.1004935958913695,4.990633945433005,643.2522509667567,35.57598398470852,38.51186615820389,-0.0021024598833134,0.0324830051971932,0.2971425266080518,0.022743875712268,129.05405405405406,0.0249217208649476,-0.7160493827160493,-16.725,0.0045202887491239,-2.15,0.0,0.0,0.0025103713312937,0.0762331838565022,0.0106940658418955,0.5368421052631579,0.0,,-0.0007442875131333,-0.0001775442085079,-399.5747378410421,-198680000000.0,16721000000.0,-203497000000.0,-197139000000.0,0.0,30664500000.0,0.0,0.0,1620.531914893617,0.0,0.0,0.0555373202914724,0.0,-0.0023137436372049,0.1409210529838815,2017-07-27,0.95,amc,3402076923.0,2025-04-25,2017-06-30,0.0947368421052632,49.55793650793651,2536048.015873016
2017-03-31,HIG,USD,874766,2017-04-27,2017-04-27 16:29:53,2017,Q1,4655000000.0,965000000.0,3690000000.0,0.7926960258,0,0.0,0.0,919000000.0,3688000000.0,3688000000.0,4168000000.0,3000000.0,83000000.0,96000000.0,666000000.0,0.1430719656,570000000.0,0.1224489796,15000000.0,487000000.0,0.1046186896,109000000.0,378000000.0,0.0812030075,1.02,1.0,371400000,378600000,https://www.sec.gov/Archives/edgar/data/874766/000087476617000021/0000874766-17-000021-index.htm,https://www.sec.gov/Archives/edgar/data/874766/000087476617000021/hig03312017-10xqdocument.htm,12.533656435110393,1.0177705977382876,0.6058158319870759,0.4954227248249865,168.23101777059773,45.796984383414106,44.27032848680667,45.796984383414106,14.05492730210016,17853198000.0,22653198000.0,11.807670634920637,3.8352734693877553,79.34754666666667,97.02825,1.0496324298900583,1.0496324298900583,4.866422771213749,34.01381081081081,100.68088,123.11520652173913,0.0211726772984873,0.010306276780216,0.302016579457934,0.0227918079045911,7.207207207207207,0.0242284905827217,6.867469879518072,0.5952380952380952,0.0048730765210804,0.2301587301587301,0.0,0.0,0.0025156618808454,0.1822222222222222,0.0088077336197636,0.4270833333333333,-0.0055853920515574,32.384310149155006,0.0199775579313019,0.0016813375974664,-392.8325255788907,-198630000000.0,16442000000.0,-203447000000.0,-197079000000.0,0.0,31019500000.0,0.0,0.0,2878.414507772021,0.0,0.0,0.0312672131678709,0.0,0.0222235287200893,0.1103931071620893,2017-04-27,0.99,amc,3697650000.0,2025-04-25,2017-03-31,0.0101010101010101,48.40145161290322,2807925.306451613
2016-12-31,HIG,USD,874766,2017-02-24,2017-02-24 16:06:01,2016,Q4,4537000000.0,-10130000000.0,14667000000.0,3.2327529204,0,0.0,0.0,746000000.0,2382000000.0,2382000000.0,4812000000.0,0.0,82000000.0,102000000.0,-91000000.0,-0.0200573066,27152000000.0,5.9845713026,-275000000.0,-275000000.0,-0.0606127397,-194000000.0,-81000000.0,-0.017853207,-0.22,-0.22,371400000,371400000,https://www.sec.gov/Archives/edgar/data/874766/000087476617000010/0000874766-17-000010-index.htm,https://www.sec.gov/Archives/edgar/data/874766/000087476617000010/hig1231201610-kdocument.htm,12.215939687668282,-0.2180936995153473,1.7797522886375876,1.6693591814754982,163.36025848142165,45.51157781367797,43.984921917070544,45.51157781367797,13.823371028540658,17697210000.0,22421210000.0,-54.62101851851852,3.900641392990963,26.773388804841147,28.543887096774192,1.0469863337869016,1.0469863337869016,4.94185805598413,-246.38692307692307,33.92013615733737,36.16324193548387,-0.0045769926446033,0.0350337708599265,0.29888185529196,0.0226109062265029,-51.91208791208791,0.0203072167891366,331.1219512195122,-8.160493827160494,0.0045769926446033,-1.0,0.0,0.0,0.0025376848437108,0.0620272314674735,0.0090368084637425,0.4019607843137255,0.0019836896627727,,0.3869320326004249,-0.0003634487245641,-392.72213247172857,-199053000000.0,16336000000.0,-202403000000.0,-197495000000.0,0.0,31210500000.0,0.0,0.0,-276.9832181638697,0.0,0.0,-0.3249294328971003,0.0,-0.0047920487487428,0.1103931071620893,2017-02-02,0.96,amc,2526685185.0,2025-04-25,2016-12-31,0.1250000000000001,45.8584126984127,2437876.095238095
2016-09-30,HIG,USD,874766,2016-10-27,2016-10-27 16:25:52,2016,Q3,4695000000.0,898000000.0,3797000000.0,0.8087326944,0,0.0,0.0,918000000.0,4101000000.0,4101000000.0,4167000000.0,0.0,86000000.0,112000000.0,726000000.0,0.1546325879,614000000.0,0.1307774228,-70000000.0,528000000.0,0.1124600639,90000000.0,438000000.0,0.0932907348,1.14,1.12,383800000,390500000,https://www.sec.gov/Archives/edgar/data/874766/000087476616000069/0000874766-16-000069-index.htm,https://www.sec.gov/Archives/edgar/data/874766/000087476616000069/hig09302016-10xqdocument.htm,12.23293381969776,1.1412193850964043,1.534653465346535,1.4147993746743095,167.08963001563313,48.613861386138616,47.13652944241792,48.613861386138616,14.098488796248049,16434316000.0,20949316000.0,9.380317351598174,3.500386794462194,27.90206451612903,30.26577532228361,0.8808187372708757,0.8808187372708757,4.462048136315229,28.85580716253444,35.567599320882856,38.58069244935543,0.0266515503292014,0.033040620613599,0.2854003644549255,0.0233112988661734,6.2190082644628095,0.0147657419188152,7.1395348837209305,1.3447488584474885,0.0050504079390952,0.1894977168949771,0.0,0.0,0.0024821608370179,0.0780984719864176,0.0097976570820021,0.4107142857142857,0.0,35.33099662422001,0.0212375811654467,0.0019222076423113,-379.47628973423656,-202108000000.0,18091000000.0,-206743000000.0,-200540000000.0,0.0,31317000000.0,0.0,0.0,3131.458797327394,0.0,0.0,0.0287405984957593,0.0,0.0234751849072783,0.1198540906722251,2016-10-27,0.95,amc,3549056603.0,2025-04-25,2016-09-30,0.1157894736842106,41.85109375,3242146.0
2016-06-30,HIG,USD,874766,2016-07-28,2016-07-28 16:24:56,2016,Q2,4677000000.0,912000000.0,3765000000.0,0.8050032072,0,0.0,0.0,931000000.0,4441000000.0,4441000000.0,4507000000.0,0.0,85000000.0,89000000.0,344000000.0,0.0735514219,255000000.0,0.0545221296,-70000000.0,170000000.0,0.0363480864,-46000000.0,216000000.0,0.0461834509,0.55,0.54,391800000,398600000,https://www.sec.gov/Archives/edgar/data/874766/000087476616000063/0000874766-16-000063-index.htm,https://www.sec.gov/Archives/edgar/data/874766/000087476616000063/hig06302016-10xqdocument.htm,11.937212863705971,0.5513016845329249,1.0668708524757529,0.9315977539561,165.9673302705462,47.36855538540072,46.09749872383869,47.36855538540072,13.80551301684533,17388084000.0,22251084000.0,20.125097222222223,3.71778576010263,41.59828708133972,47.63858630136986,0.9369084541192952,0.9369084541192952,4.75755484284798,64.68338372093024,53.23225837320574,60.96187397260274,0.0124223002373349,0.0209913869751261,0.2868689045745999,0.0233902713341768,14.136627906976743,0.0144699960376278,3.0,1.935185185185185,0.0048884051859882,0.3935185185185185,0.0,0.0,0.0021878954027836,0.1267942583732057,0.0113320504596963,0.5955056179775281,0.0,24.239909209852826,0.0135661349076749,0.0009510474731196,-367.6135783563042,-201465000000.0,18061000000.0,-206099000000.0,-199962000000.0,0.0,31457000000.0,0.0,0.0,3097.5986842105262,0.0,0.0,0.0290547644079136,0.0,0.0116385581119672,0.1352730985196528,2016-07-28,0.8,amc,10085161290.0,2025-04-25,2016-06-30,-0.6125,44.64203125,2346779.25
2016-03-31,HIG,USD,874766,2016-04-28,2016-04-28 16:27:31,2016,Q1,4391000000.0,909000000.0,3482000000.0,0.7929856525,0,0.0,0.0,928000000.0,3943000000.0,3943000000.0,4010000000.0,0.0,86000000.0,95000000.0,562000000.0,0.1279890685,467000000.0,0.1063539057,-71000000.0,381000000.0,0.0867683899,58000000.0,323000000.0,0.0735595536,0.81,0.79,398500000,406300000,https://www.sec.gov/Archives/edgar/data/874766/000087476616000053/0000874766-16-000053-index.htm,https://www.sec.gov/Archives/edgar/data/874766/000087476616000053/hig03312016-10xqdocument.htm,11.018820577164366,0.8105395232120451,0.998745294855709,0.7879548306148055,160.3212045169385,45.450439146800505,44.200752823086574,45.450439146800505,13.57340025094103,18362880000.0,23206880000.0,14.212755417956656,4.181935777727169,46.13788944723618,58.48050955414013,1.013851590106007,1.013851590106007,5.285101343657481,41.29338078291815,58.30874371859296,73.90726114649682,0.0175898334030391,0.0170997142060504,0.2938935512367491,0.0233985221523299,8.619217081850534,0.0117070740617734,5.430232558139535,1.2321981424148607,0.0046289035271155,0.2631578947368421,0.0,0.0,0.0021890783452677,0.2110552763819095,0.0191300387155545,0.8842105263157894,0.0022773855613755,28.790380141743167,0.0168938825040725,0.0014229388312517,-365.1016311166876,-202351000000.0,17614000000.0,-206984000000.0,-200858000000.0,0.0,31597500000.0,0.0,0.0,3121.287128712871,0.0,0.0,0.0288342585249801,0.0,0.017833480565371,0.2107904642409034,2016-04-28,1.01,amc,4113357894.0,2025-04-25,2016-03-31,-0.0594059405940594,42.03049180327869,3099318.5081967213
2015-12-31,HIG,USD,874766,2016-02-26,2016-02-26 16:20:31,2015,Q4,4513000000.0,-10092000000.0,14605000000.0,3.2362065145,0,0.0,0.0,923000000.0,2026000000.0,2026000000.0,4009000000.0,0.0,86000000.0,128000000.0,718000000.0,0.159095945,9000000.0,0.0019942389,-117000000.0,504000000.0,0.1116773765,83000000.0,421000000.0,0.0932860625,1.03,1.01,406900000,415900000,https://www.sec.gov/Archives/edgar/data/874766/000087476616000046/0000874766-16-000046-index.htm,https://www.sec.gov/Archives/edgar/data/874766/000087476616000046/hig1231201510-kdocument.htm,11.091177193413616,1.0346522487097567,1.8579503563529125,1.5802408454165642,153.8658146964856,43.3570901941509,42.13320226099779,43.3570901941509,13.381666257065618,17683874000.0,22594874000.0,10.501112826603324,3.9184298692665633,23.391367724867724,27.502136858475893,1.002373540414919,1.002373540414919,5.006619543540882,31.46918384401114,29.88739947089947,35.13977293934681,0.0238070006606018,0.0363608109851947,0.303763745607074,0.0234685655227985,6.83983286908078,0.0111418038925795,0.1046511627906976,1.7957244655581948,0.0049197364785566,0.2066508313539192,0.0,0.0,0.0021808818119712,0.1494708994708994,0.0250387768668291,0.8828125,0.0172834035009971,31.770095915892732,0.0003268491432049,0.0018477068246653,-363.966576554436,-203331000000.0,17144000000.0,-208415000000.0,-201859000000.0,0.0,31796500000.0,0.0,0.0,-282.43162901307966,0.0,0.0,-0.3186611935585728,0.0,0.0238635075388277,0.277709510936348,2016-02-04,0.98,amc,2645999999.0,2025-04-25,2015-12-31,0.0918367346938776,45.8471875,2754386.96875
2015-09-30,HIG,USD,874766,2015-10-26,2015-10-26 16:36:02,2015,Q3,4562000000.0,971000000.0,3591000000.0,0.7871547567,0,0.0,0.0,971000000.0,4115000000.0,4115000000.0,4183000000.0,0.0,88000000.0,72000000.0,9000000.0,0.0019728189,9000000.0,0.0019728189,-53000000.0,379000000.0,0.0830775975,7000000.0,381000000.0,0.0835160018,0.92,0.9,413800000,423000000,https://www.sec.gov/Archives/edgar/data/874766/000087476615000035/0000874766-15-000035-index.htm,https://www.sec.gov/Archives/edgar/data/874766/000087476615000035/hig9302015-10xqdocument.htm,11.024649589173514,0.9207346544224264,2.153214113098115,1.930884485258579,154.71242145964234,43.992266795553405,42.78878685355244,43.992266795553405,13.566940550990816,18943764000.0,23804764000.0,12.430291338582675,4.152512932924156,21.261239057239056,23.70934167709637,1.0406374423203693,1.0406374423203693,5.218054362121876,2644.9737777777777,26.71690684624017,29.79319649561953,0.0201121593364444,0.0421774680047745,0.3035596572181938,0.0238752576116965,540.1111111111111,0.0197123478762807,0.1022727272727272,2.338582677165354,0.0040118743033327,0.1994750656167979,0.0,0.0,0.0021516247359075,0.1032547699214365,0.0201665935992985,1.2777777777777777,0.0,30.18885726089045,0.0003722618241496,0.0016496720140287,-360.6307394876752,-203792000000.0,17706000000.0,-209151000000.0,-202362000000.0,0.0,31897000000.0,0.0,0.0,2958.877445932029,0.0,0.0,0.0304169407637126,0.0,0.0209294660514172,0.222329627839536,2015-10-26,0.99,amc,4461906976.0,2025-04-25,2015-09-30,-0.1313131313131313,46.18484375,4025374.71875
2015-06-30,HIG,USD,874766,2015-07-27,2015-07-27 16:14:51,2015,Q2,4685000000.0,910000000.0,3775000000.0,0.8057630736,0,0.0,0.0,910000000.0,4113000000.0,4113000000.0,4215000000.0,0.0,89000000.0,72000000.0,631000000.0,0.1346851654,559000000.0,0.1193169691,-86000000.0,470000000.0,0.1003201708,57000000.0,413000000.0,0.088153682,0.99,0.96,418700000,428100000,https://www.sec.gov/Archives/edgar/data/874766/000087476615000029/0000874766-15-000029-index.htm,https://www.sec.gov/Archives/edgar/data/874766/000087476615000029/hig6302015-10xqdocument.htm,11.18939574874612,0.9863864342010986,1.5810843085741582,1.4759971339861475,152.2689276331502,43.53236207308336,42.34296632433723,43.53236207308336,13.40816813947934,17405359000.0,22437359000.0,10.535931598062954,3.715124653148346,26.292083081571,28.16401132686084,0.9549217644154276,0.9549217644154276,4.789190821771611,35.558413629160064,33.8932915407855,36.30640614886731,0.0237283241328144,0.0355063058452284,0.3031217424699621,0.0229234088457389,7.974643423137876,0.0173431140340791,6.280898876404494,1.602905569007264,0.0043090176996636,0.1815980629539951,0.0,0.0,0.0020662185710729,0.066465256797583,0.0093916755602988,0.6111111111111112,0.0,31.08285631093845,0.0206806324932099,0.0017170986437831,-379.837592548364,-213664000000.0,17729000000.0,-219022000000.0,-212292000000.0,0.0,31986000000.0,0.0,0.0,3152.076923076923,0.0,0.0,0.0285526026795519,0.0,0.0226586931475283,0.1050871745880105,2015-07-27,0.76,amc,3283076923.0,2025-04-25,2015-06-30,0.1973684210526316,41.75492063492064,2502187.4603174604
2015-03-31,HIG,USD,874766,2015-04-27,2015-04-27 16:27:08,2015,Q1,4617000000.0,948000000.0,3669000000.0,0.7946718648,0,0.0,0.0,948000000.0,3898000000.0,3898000000.0,3992000000.0,0.0,94000000.0,101000000.0,820000000.0,0.1776045051,719000000.0,0.1557288282,-78000000.0,625000000.0,0.1353692874,158000000.0,467000000.0,0.1011479316,1.11,1.08,422600000,433700000,https://www.sec.gov/Archives/edgar/data/874766/000087476615000021/0000874766-15-000021-index.htm,https://www.sec.gov/Archives/edgar/data/874766/000087476615000021/hig3312015-10xqdocument.htm,10.925224798864177,1.1050638902035022,1.057737813535258,0.9204921911973496,155.8305726455277,45.14197823000473,43.963558920965454,45.14197823000473,13.994320870799813,17673132000.0,22993132000.0,9.460991434689507,3.82783885640026,39.53720805369127,45.432215938303344,0.9264104418933796,0.9264104418933796,4.980102230885857,28.04040487804878,51.438774049217,59.108308483290486,0.0264242919704328,0.022010812797641,0.3050794150023588,0.0235665694849368,6.487804878048781,0.0186788462403815,7.648936170212766,0.9571734475374732,0.0044134791727917,0.1670235546038544,0.0,0.0,0.0020165208940719,0.1297539149888143,0.0125622698722113,0.5742574257425742,-0.0054147714966428,33.502348076999674,0.0215783749046069,0.0018948154279361,-383.40984382394697,-218079000000.0,18579000000.0,-223732000000.0,-216733000000.0,0.0,32316500000.0,0.0,0.0,3047.5632911392404,0.0,0.0,0.0295317902869069,0.0,0.0244797400010483,0.1372456223379081,2015-04-27,0.97,amc,3547028846.0,2025-04-25,2015-03-31,0.0721649484536083,40.98901639344262,3199568.9672131147
2014-12-31,HIG,USD,874766,2015-02-27,2015-02-27 16:10:45,2014,Q4,4768000000.0,-9818000000.0,14586000000.0,3.0591442953,0,0.0,0.0,1068000000.0,4102000000.0,4102000000.0,4173000000.0,0.0,94000000.0,124000000.0,957000000.0,0.2007130872,-551000000.0,-0.1155620805,-122000000.0,444000000.0,0.0931208054,99000000.0,382000000.0,0.0801174497,0.89,0.86,429600000,442600000,https://www.sec.gov/Archives/edgar/data/874766/000087476615000013/0000874766-15-000013-index.htm,https://www.sec.gov/Archives/edgar/data/874766/000087476615000013/hig1231201410-kdocument.htm,11.098696461824954,0.8891992551210428,2.3067970204841712,2.1578212290502794,152.96322160148975,43.57541899441341,42.41620111731844,43.57541899441341,14.43901303538175,17910024000.0,23620024000.0,11.721219895287955,3.756296979865772,18.072678102926336,19.3204142394822,0.9567320512820512,0.9567320512820512,4.953864093959732,24.68132079414838,23.83453481331988,25.4800690399137,0.0213288379736397,0.0517587246114243,0.3263354700854701,0.0249333708823613,5.966562173458725,0.0239394488759971,-5.861702127659575,2.594240837696335,0.0038525911523066,0.1806282722513089,0.0,0.0,0.0020325452118867,0.0645812310797174,0.0134228187919463,0.5161290322580645,0.0205536912751677,29.526474180080225,-0.0172436220505011,0.0015622763429646,-373.7895716945996,-215358000000.0,18222000000.0,-221011000000.0,-214029000000.0,0.0,32640000000.0,0.0,0.0,-298.2155225096761,0.0,0.0,-0.3017951555391614,0.0,0.0204059829059829,0.148975791433892,2015-02-02,0.93,amc,3757781250.0,2025-04-25,2014-12-31,0.0322580645161289,39.56140625,3455913.265625
2014-09-30,HIG,USD,874766,2014-10-27,2014-10-27 16:31:10,2014,Q3,4769000000.0,976000000.0,3793000000.0,0.795344936,0,0.0,0.0,986000000.0,4180000000.0,4180000000.0,4273000000.0,0.0,93000000.0,92000000.0,681000000.0,0.1427972321,589000000.0,0.1235059761,-61000000.0,496000000.0,0.1040050325,108000000.0,388000000.0,0.0813587754,0.89,0.86,437200000,450800000,https://www.sec.gov/Archives/edgar/data/874766/000087476614000048/0000874766-14-000048-index.htm,https://www.sec.gov/Archives/edgar/data/874766/000087476614000048/hig09302014-10xqdocument.htm,10.908051235132662,0.8874656907593779,0.8806038426349497,0.7822506861848124,150.24473924977127,43.08096980786825,41.94190301921317,43.08096980786825,14.183440073193047,16285700000.0,21953700000.0,10.493363402061856,3.414908785908996,42.30051948051947,47.61900584795322,0.8646509158481551,0.8646509158481551,4.603417907318096,32.237444933920706,57.022597402597405,64.1921052631579,0.0238245823022651,0.0210000184210687,0.3242898858508096,0.0247187373532982,8.323054331864904,0.0020319538225007,6.333333333333333,0.9922680412371134,0.0048508814481416,0.2036082474226804,0.0,0.0,0.002015378389316,0.1116883116883116,0.0090165653176766,0.4673913043478261,0.0,29.32984587677343,0.01847211642545,0.0015733854551057,-371.8618481244282,-221994000000.0,18337000000.0,-227813000000.0,-220680000000.0,0.0,33111500000.0,0.0,0.0,3019.7950819672133,0.0,0.0,0.0298033467692683,0.0,0.0205999469073533,0.0983531564501372,2014-10-27,0.83,amc,3045943396.0,2025-04-25,2014-09-30,0.2771084337349399,36.1890625,3096871.28125
2014-06-30,HIG,USD,874766,2014-07-30,2014-07-30 16:42:48,2014,Q2,4616000000.0,977000000.0,3639000000.0,0.7883448873,0,0.0,0.0,977000000.0,4372000000.0,4372000000.0,4466000000.0,0.0,94000000.0,244000000.0,0.0,0.0,-617000000.0,-0.1336655113,767000000.0,150000000.0,0.0324956672,617000000.0,-467000000.0,-0.101169844,-1.04,-1.0,450600000,467900000,https://www.sec.gov/Archives/edgar/data/874766/000087476614000037/0000874766-14-000037-index.htm,https://www.sec.gov/Archives/edgar/data/874766/000087476614000037/hig0630201410-qdocument.htm,10.244118952507767,-1.0363959165557035,0.3573013759431868,0.6480248557478917,148.8948069241012,43.11584553928096,42.01065246338216,43.11584553928096,13.763870395028851,16135986000.000002,20731986000.0,-8.638108137044968,3.4956642114384757,100.22351552795033,55.26022602739727,0.8305531192093885,0.8305531192093885,4.491331455805892,0.0,128.77009937888198,70.99995205479452,-0.0289415223835717,0.0180961981498992,0.3143915997529339,0.0239799303529855,0.0,0.0066415068027507,-6.5638297872340425,-0.3447537473233404,0.0041522098494631,-0.1434689507494646,0.0,0.0,0.0019551416692512,0.8136645962732919,0.0283795493934142,0.0,0.0,,0.0752242585630743,-0.0018370277127628,-373.2645361739902,-227942000000.0,18930000000.0,-233761000000.0,-226637000000.0,0.0,44655500000.0,0.0,0.0,3083.6745138178094,0.0,0.0,0.0291859596713965,0.0,-0.0240374716903438,0.2907234798047048,2014-07-30,0.68,amc,8449548387.0,2025-04-25,2014-06-30,-0.5441176470588236,35.19603174603174,3311191.476190476
2014-03-31,HIG,USD,874766,2014-04-30,2014-04-30 17:18:03,2014,Q1,4461000000.0,947000000.0,3514000000.0,0.7877157588,0,0.0,0.0,936000000.0,3908000000.0,3908000000.0,3806000000.0,0.0,95000000.0,60000000.0,495000000.0,0.1109616678,495000000.0,0.1109616678,160000000.0,655000000.0,0.1468280655,160000000.0,495000000.0,0.1109616678,1.1,1.03,449800000,478600000,https://www.sec.gov/Archives/edgar/data/874766/000087476614000016/0000874766-14-000016-index.htm,https://www.sec.gov/Archives/edgar/data/874766/000087476614000016/hig0331201410-qdocument.htm,9.917741218319254,1.100489106269453,0.7759004001778568,0.7025344597598933,154.39084037349934,43.96176078257003,42.85460204535349,43.96176078257003,14.328590484659848,15864446000.000002,20929446000.0,8.012346464646466,3.5562533064335358,45.4568653295129,50.20394303797469,0.8022881561646608,0.8022881561646608,4.691648957632818,42.28170909090909,59.96975931232092,66.23242405063291,0.0312018459390261,0.0199187541752167,0.3211287549307171,0.0232666356444858,10.232323232323232,0.075619311772483,5.2105263157894735,0.705050505050505,0.0042232801574035,0.1353535353535353,0.0,0.0,0.0018246904804651,0.0945558739255014,0.0073974445191661,0.55,0.0067249495628782,32.99298976687236,0.0143195517327227,0.0018170138570248,-408.41262783459314,-228628000000.0,19276000000.0,-234446000000.0,-227260000000.0,0.0,47432500000.0,0.0,0.0,5306.483632523759,0.0,0.0,0.0169603839816605,0.0,0.0250328714473551,0.0733659404179635,2014-04-28,0.93,amc,3013042372.0,2025-04-25,2014-03-31,0.2688172043010751,34.78688524590164,3957820.557377049
2013-12-31,HIG,USD,874766,2014-02-28,2014-02-28 16:48:19,2013,Q4,7527000000.0,-14429000000.0,21956000000.0,2.9169655905,0,0.0,0.0,1120000000.0,732000000.0,732000000.0,5710000000.0,0.0,96000000.0,49000000.0,476000000.0,0.0632390062,310000000.0,0.0411850671,67000000.0,377000000.0,0.0500863558,61000000.0,314000000.0,0.0417164873,0.7,0.65,451100000,486100000,https://www.sec.gov/Archives/edgar/data/874766/000087476614000007/0000874766-14-000007-index.htm,https://www.sec.gov/Archives/edgar/data/874766/000087476614000007/hig1231201310-kdocument.htm,16.685878962536023,0.6960762580359122,0.7404123254267346,0.5785856794502328,152.20793615606297,41.908667701174906,40.80469962314343,41.908667701174906,14.905785856794502,16343352999.999998,21543353000.0,13.012223726114648,2.171297063903282,48.93219461077844,62.61821072796934,0.8644989685268447,0.8644989685268447,2.8621433506044904,45.2591449579832,64.50105688622754,82.54158237547892,0.0192127037823878,0.0159697951821758,0.3505950806664903,0.0238516791179053,10.92436974789916,0.0837576002120345,3.2291666666666665,1.0636942675159236,0.0041607129210266,0.2165605095541401,0.0,0.0,0.0017921146953405,0.218562874251497,0.0096984190248438,1.489795918367347,0.0023913909924272,25.6195558770219,0.010176667403218,0.0011319965679594,-421.8975836843272,-231616000000.0,18407000000.0,-237806000000.0,-230241000000.0,0.0,50731000000.0,0.0,0.0,-243.4409869013792,0.0,0.0,-0.3696994542519665,0.0,0.0166093626024861,0.1618266459765018,2014-02-03,0.9,amc,3795319148.0,2025-04-25,2013-12-31,0.0444444444444443,34.4309375,3890544.9375
2013-09-30,HIG,USD,874766,2013-10-28,2013-10-28 17:07:02,2013,Q3,5641000000.0,993000000.0,4648000000.0,0.8239673817,0,0.0,0.0,1006000000.0,4322000000.0,4322000000.0,5298000000.0,0.0,94000000.0,83000000.0,298000000.0,0.0528275129,298000000.0,0.0528275129,45000000.0,343000000.0,0.0608048218,45000000.0,293000000.0,0.0519411452,0.65,0.6,452100000,490600000,https://www.sec.gov/Archives/edgar/data/874766/000087476613000066/0000874766-13-000066-index.htm,https://www.sec.gov/Archives/edgar/data/874766/000087476613000066/hig10-q09302013document.htm,12.47732802477328,0.6480867064808671,1.094890510948905,0.710019907100199,155.83499225834993,41.86684361866843,40.76531740765317,41.86684361866843,14.33974784339748,14069352000.0,19036352000.0,12.004566552901023,2.494123736926077,28.422933333333333,43.8297570093458,0.7433089602704989,0.7433089602704989,3.374641375642617,63.88037583892618,38.45727676767677,59.30327725856698,0.0208254083059404,0.0228155497140166,0.3375422654268808,0.022500677943419,16.66778523489933,0.0918880253644202,3.1702127659574466,1.689419795221843,0.0033405945064136,0.1604095563139931,0.0,0.0,0.0017538484294604,0.3515151515151515,0.0308455947527034,2.0963855421686746,0.0033681971281687,24.708303418291948,0.0101463255902913,0.0010336956560086,-430.3605397036054,-234865000000.0,18430000000.0,-241254000000.0,-233472000000.0,0.0,63190500000.0,0.0,0.0,5658.580060422961,0.0,0.0,0.0159050502138292,0.0,0.0154797125950972,0.384870603848706,2013-10-28,0.83,amc,3178174757.0,2025-04-25,2013-09-30,0.2409638554216868,31.21734375,3886297.953125
2013-06-30,HIG,USD,874766,2013-07-29,2013-07-29 16:25:03,2013,Q2,5465000000.0,1120000000.0,4345000000.0,0.7950594694,0,0.0,0.0,1065000000.0,4397000000.0,4397000000.0,5684000000.0,0.0,100000000.0,5000000.0,7000000.0,0.0012808783,-64000000.0,-0.0117108875,-156000000.0,-220000000.0,-0.0402561757,-156000000.0,-190000000.0,-0.0347666972,-0.42,-0.42,451400000,451400000,https://www.sec.gov/Archives/edgar/data/874766/000087476613000046/0000874766-13-000046-index.htm,https://www.sec.gov/Archives/edgar/data/874766/000087476613000046/hig10-q06302013document.htm,12.1067789100576,-0.4209127159946832,0.4918032786885246,0.1971643774922463,160.23260965883918,42.12007089056269,41.01683650863978,42.12007089056269,15.141781125387682,14083680000.0,19078680000.0,-18.53115789473684,2.577068618481244,63.44,158.24359550561798,0.7407394940304002,0.7407394940304002,3.4910667886550777,2725.5257142857145,85.94,214.367191011236,-0.0134907921793167,0.0063193710734694,0.3542313154157681,0.0228434401847825,713.5714285714286,0.0932865079807495,-0.64,-1.168421052631579,0.0037632209763357,-0.2789473684210526,0.0,0.0,0.001689091790946,0.5990990990990991,0.0243366880146386,26.6,0.0032936870997255,,-0.0007087780500297,-0.0006455229585336,-450.7997341603899,-243983000000.0,18515000000.0,-250718000000.0,-242574000000.0,0.0,66540000000.0,0.0,0.0,5138.678571428572,0.0,0.0,0.0175142303121286,0.0,-0.0099931625729763,0.2946389011962782,2013-07-29,0.71,amc,4165333333.0,2025-04-25,2013-06-30,-0.0704225352112675,28.84125,6323755.859375
2013-03-31,HIG,USD,874766,2013-04-29,2013-04-29 16:36:39,2013,Q1,9178000000.0,1032000000.0,8146000000.0,0.887557202,0,0.0,0.0,994000000.0,7567000000.0,7567000000.0,8053000000.0,0.0,107000000.0,52000000.0,-241000000.0,-0.0262584441,-241000000.0,-0.0262584441,-437000000.0,-449000000.0,-0.0489213336,-208000000.0,-241000000.0,-0.0262584441,-0.55,-0.55,436300000,436300000,https://www.sec.gov/Archives/edgar/data/874766/000087476613000035/0000874766-13-000035-index.htm,https://www.sec.gov/Archives/edgar/data/874766/000087476613000035/hig10-q03312013document.htm,21.035984414393766,-0.5523722209488884,0.4263121705248682,0.712812285124914,176.31446252578502,47.94865917946368,46.80724272289709,47.94865917946368,15.049278019711208,11160554000.0,15634554000.0,-11.57733817427386,1.2160115493571584,60.002978494623655,35.88602572347267,0.5334872848948374,0.5334872848948374,1.7034815864022663,-64.87366804979253,84.05674193548387,50.27187781350482,-0.0215939101230996,0.0278660002003484,0.3087476099426386,0.0217459371559586,-18.564315352697097,0.1115701559846018,-2.2523364485981308,-0.7717842323651453,0.0049280707749812,-0.2282157676348547,0.0,0.0,0.0016766491258193,0.6720430107526881,0.0136195249509697,2.4038461538461537,0.0015253867945086,,-0.0046365944097907,-0.000812753142252,-456.509282603713,-239558000000.0,20422000000.0,-246017000000.0,-238139000000.0,4104000000.0,70016500000.0,0.0,0.0,6028.9534883720935,0.0,0.0,0.014927963895157,0.0,-0.0115200764818355,0.2865001146000458,2013-04-29,0.83,amc,3414586956.0,2025-04-25,2013-03-31,0.1084337349397591,24.657833333333333,5998779.216666667
2012-12-31,HIG,USD,874766,2013-03-01,2013-03-01 16:26:44,2012,Q4,7735000000.0,-13440000000.0,21175000000.0,2.7375565611,0,3896000000.0,0.0,3896000000.0,3188000000.0,3188000000.0,8526000000.0,0.0,109000000.0,101000000.0,-1049000000.0,-0.1356173239,-33000000.0,-0.0042663219,-758000000.0,-791000000.0,-0.1022624434,-358000000.0,-434000000.0,-0.0561085973,-0.99,-0.89,436200000,488900000,https://www.sec.gov/Archives/edgar/data/874766/000087476613000021/0000874766-13-000021-index.htm,https://www.sec.gov/Archives/edgar/data/874766/000087476613000021/hig12311210-kdocument.htm,17.732691425951398,-0.994956441999083,1.0751948647409446,1.4649243466299862,215.07106831728564,51.46033929390188,49.96102705181109,51.46033929390188,16.95552498853737,9788328000.0,14654328000.0,-5.638437788018433,1.2654593406593406,20.87063539445629,15.318197183098592,0.4360639729139751,0.4360639729139751,1.894547899159664,-13.969807435653005,31.245901918976543,22.93322065727699,-0.0443385223707256,0.0652818336287872,0.3246313538557491,0.0244109971760023,-4.638703527168732,0.1166534587895631,-0.3027522935779816,-1.0806451612903225,0.0054146121789134,-0.1221198156682027,0.5036845507433743,0.0,0.0021908593595588,0.3624733475479744,0.0219780219780219,1.683168316831683,0.0028442146089204,,-0.0006010672571924,-0.0014570652557082,-403.7047226043099,-237425000000.0,21793000000.0,-244712000000.0,-235794000000.0,5927000000.0,71962500000.0,0.0,95.50355526826117,-474.7834821428571,0.0,0.9423732943469786,-0.1895600908308768,0.0,-0.0193344322181137,0.3897294818890417,2013-02-04,0.29,amc,5982539060.0,2025-04-25,2012-12-31,0.8620689655172417,21.441129032258065,5983245.419354838
2012-09-30,HIG,USD,874766,2012-11-01,2012-11-01 16:25:59,2012,Q3,6442000000.0,1275000000.0,5167000000.0,0.8020800993,0,1275000000.0,0.0,1275000000.0,4463000000.0,5738000000.0,5931000000.0,0.0,109000000.0,116000000.0,177000000.0,0.0274759391,-2000000.0,-0.0003104626,-46000000.0,511000000.0,0.0793231916,108000000.0,401000000.0,0.0622477491,0.92,0.83,435800000,482700000,https://www.sec.gov/Archives/edgar/data/874766/000087476612000020/0000874766-12-000020-index.htm,https://www.sec.gov/Archives/edgar/data/874766/000087476612000020/hig10-q9302012document.htm,14.782010096374483,0.9201468563561268,2.23955943093162,2.168425883432767,17.19137218907756,53.625516291877005,51.31711794401102,53.625516291877005,17.03763194125746,8458878000.0,13069878000.0,5.273614713216958,1.3130825830487427,8.666883196721312,8.95119365079365,0.3619545571245186,0.3619545571245186,2.028854082583049,73.84111864406779,13.39126844262295,13.83055873015873,0.0474058143408617,0.1117169440202353,0.313050919982884,0.0236826601233984,26.05084745762712,0.1179652941957286,-0.018348623853211,2.4339152119700747,0.0063838253725848,0.1346633416458852,0.1979199006519714,0.0,0.0032565276222168,0.0317622950819672,0.0048121701334989,0.2672413793103448,0.0,33.32004472265921,-5.172321406512055e-05,0.0013023201434175,-631.7611289582377,-245861000000.0,22364000000.0,-252666000000.0,-243876000000.0,3591500000.0,73106000000.0,0.0,50.93759701955914,5154.635294117647,0.0,1.7668678003291278,0.0174600131463628,0.0,0.0171587505348737,0.0711335474988526,2012-11-01,0.8,amc,4691282051.0,2025-04-25,2012-09-30,-0.025,17.753333333333334,6925416.666666667
2012-06-30,HIG,USD,874766,2012-08-01,2012-08-01 16:47:31,2012,Q2,4574000000.0,1309000000.0,3265000000.0,0.7138172278,0,1309000000.0,0.0,1309000000.0,2505000000.0,3814000000.0,4823000000.0,0.0,115000000.0,152000000.0,0.0,0.0,-100000000.0,-0.0218627022,-174000000.0,-249000000.0,-0.0544381286,-149000000.0,-101000000.0,-0.0220813293,-0.23,-0.22,438200000,464800000,https://www.sec.gov/Archives/edgar/data/874766/000087476612000008/0000874766-12-000008-index.htm,https://www.sec.gov/Archives/edgar/data/874766/000087476612000008/hig10-q6302012document.htm,10.43815609310817,-0.2304883614787768,0.2190780465540849,-1.1182108626198084,17.097215883158377,50.116385212231854,47.82062984938384,50.116385212231854,17.10178000912825,7725466000.0,12766466000.0,-19.122440594059405,1.688995627459554,80.47360416666666,-15.766257142857144,0.3517811575064887,0.3517811575064887,2.7910944468736334,0.0,132.98402083333335,-26.05401224489796,-0.0130736450073044,-0.0634265945898927,0.3360047356677746,0.0242748629008115,0.0,0.1148898364022327,-0.8695652173913043,-0.9504950495049505,0.007119311637641,-0.5445544554455446,0.2861827721906427,0.0,0.0033094609131611,6.104166666666667,0.1281154350677743,3.8552631578947367,0.0,,-0.0013688017235951,-0.0003333652395773,-620.4273162939297,-243084000000.0,20955000000.0,-250463000000.0,-241077000000.0,3551000000.0,73972500000.0,0.0,69.59554000874508,5032.024446142093,0.0,1.2931863160870791,0.0178854457014811,0.0,-0.0045990619734984,1.337288909173893,2012-08-01,0.48,amc,8933478260.0,2025-04-25,2012-06-30,-0.5208333333333333,18.612222222222226,6187129.412698412
2012-03-31,HIG,USD,874766,2012-05-02,2012-05-02 16:46:22,2012,Q1,7661000000.0,1312000000.0,6349000000.0,0.8287429839,0,1312000000.0,0.0,1312000000.0,6223000000.0,7535000000.0,7659000000.0,0.0,124000000.0,98000000.0,224000000.0,0.0292390027,-1000000.0,-0.0001305313,3000000.0,2000000.0,0.0002610625,-95000000.0,86000000.0,0.0112256886,0.2,0.18,440700000,469000000,https://www.sec.gov/Archives/edgar/data/874766/000119312512204851/0001193125-12-204851-index.htm,https://www.sec.gov/Archives/edgar/data/874766/000119312512204851/d327956d10q.htm,17.383707737690038,0.1951440889493987,2.5867937372362158,1.413660086226458,16.598593147265714,48.27320172452916,45.99046970728386,48.27320172452916,15.09870660313138,9289956000.0,13760956000.0,27.005686046511624,1.2126296828090328,8.149084210526315,14.911646869983947,0.436681207107267,0.436681207107267,1.7962349562720272,61.43283928571429,12.07101403508772,22.08821187800963,0.0092573097224572,0.0670616739196612,0.3069474475886058,0.0210273452091142,19.959821428571427,0.1159387997623291,-0.0080645161290322,11.875,0.0059203724969203,0.6395348837209303,0.1712570160553452,0.0,0.0032394348055695,0.4535087719298246,0.0674846625766871,5.275510204081633,-0.0005221250489492,14.558680378114122,-0.001744353330456,0.0002778298260009,-633.7309961425005,-249963000000.0,20268000000.0,-256493000000.0,-247940000000.0,5889500000.0,75415000000.0,0.0,41.880955488839575,5128.147865853659,0.0,2.1489481065918654,0.0175501959682705,0.0,0.0040424931841684,1.1731336510097572,2012-05-02,0.91,amc,7197972526.0,2025-04-25,2012-03-31,0.3736263736263736,19.61016129032258,8906213.338709677
2011-12-31,HIG,USD,874766,2012-02-24,2012-02-24 16:34:45,2011,Q4,5638000000.0,-11831000000.0,17469000000.0,3.0984391628,0,995000000.0,0.0,995000000.0,4413000000.0,5408000000.0,5546000000.0,0.0,124000000.0,136000000.0,353000000.0,0.0626108549,576000000.0,0.1021638879,92000000.0,92000000.0,0.0163178432,-34000000.0,116000000.0,0.0205746719,0.29,0.29,440700000,440700000,https://www.sec.gov/Archives/edgar/data/874766/000095012312003120/0000950123-12-003120-index.htm,https://www.sec.gov/Archives/edgar/data/874766/000095012312003120/c25396e10vk.htm,12.79328341275244,0.2632176083503517,1.4749262536873156,1.5361924211481734,23.410483321987748,51.98547764919447,49.70274563194917,51.98547764919447,15.09870660313138,7161375000.0,11110375000.0,15.433997844827584,1.270197765164952,11.0175,10.578101920236335,0.3125872981230903,0.3125872981230903,1.9706234480312168,31.47415014164305,17.092884615384616,16.41118906942393,0.0161980066677139,0.0945349182245029,0.2850283718900043,0.0214757419490633,11.186968838526912,0.8092886563022365,4.645161290322581,5.118110236220472,0.0078197273568274,0.4827586206896552,0.176481021638879,0.0,0.0033085139970532,0.0415384615384615,0.0047889322454771,0.1985294117647058,0.0017736786094359,17.54646957809068,0.0267676551598992,0.0003827650152776,-600.5820285908782,-52368000000.0,21904000000.0,-58929000000.0,-50333000000.0,5869500000.0,76337500000.0,0.0,131.12096488116353,-578.6974896458456,0.0,0.6863890917944973,-0.1555216699748925,0.0,0.0050632911392405,0.0612661674608577,2012-02-07,0.53,amc,3610913043.0,2025-04-25,2011-12-31,0.30188679245283,17.398095238095237,8411646.507936507
2011-09-30,HIG,USD,874766,2011-11-02,2011-11-02 16:44:47,2011,Q3,4520000000.0,1059000000.0,3461000000.0,0.7657079646,0,1059000000.0,0.0,1059000000.0,3350000000.0,4409000000.0,4624000000.0,0.0,128000000.0,148000000.0,-3000000.0,-0.0006637168,-3000000.0,-0.0006637168,-14000000.0,-104000000.0,-0.0230088496,-101000000.0,-3000000.0,-0.0006637168,-0.0067,-0.0067,445300000,445300000,https://www.sec.gov/Archives/edgar/data/874766/000095012311094382/0000950123-11-094382-index.htm,https://www.sec.gov/Archives/edgar/data/874766/000095012311094382/c22918e10vq.htm,10.150460363799686,-0.0067370312149112,1.4821468672804852,0.8578486413653716,27.606108241634853,51.15876936896474,48.83224792274871,51.15876936896474,15.930833146193578,7187142000.0,11564142000.0,-598.9285000000001,1.590075663716814,10.88960909090909,18.814507853403143,0.3154884333435758,0.3154884333435758,2.558438495575221,-3854.714,17.521427272727273,30.27262303664921,-0.0004174120950998,0.0531504734427119,0.3057811334006409,0.0227946517974594,-1459.0,0.8119391423017474,-0.0234375,11.0,0.0075134177117969,-18.0,0.2342920353982301,0.0,0.0033900745423726,0.4212121212121212,0.061504424778761,1.8783783783783785,0.0,,-2.9091492096164845e-06,-9.8502111228584e-06,-601.5725353694139,-51952000000.0,21745000000.0,-58518000000.0,-49887000000.0,3471500000.0,76456000000.0,0.0,70.18805309734513,6510.084985835694,0.0,1.2822695035460994,0.0138247043158142,0.0,-0.0001316886879417,0.6242982259151134,2011-11-02,0.23,amc,21955800000.0,2025-04-25,2011-09-30,-0.7826086956521738,20.34859375,8659091.0
2011-06-30,HIG,USD,874766,2011-08-03,2011-08-03 16:53:19,2011,Q2,5401000000.0,1224000000.0,4177000000.0,0.7733753009,0,1224000000.0,0.0,1224000000.0,4199000000.0,5423000000.0,5566000000.0,0.0,128000000.0,256000000.0,234000000.0,0.0433253101,-80000000.0,-0.0148120718,-70000000.0,-165000000.0,-0.0305498982,-269000000.0,22000000.0,0.0040733198,0.03,0.03,445100000,482400000,https://www.sec.gov/Archives/edgar/data/874766/000095012311072278/0000950123-11-072278-index.htm,https://www.sec.gov/Archives/edgar/data/874766/000095012311072278/c17471e10vq.htm,12.134351831049202,0.0494270950348236,1.1008762075937992,-0.2426421028982251,24.172096158166703,48.696922039991016,46.369355201078406,48.696922039991016,15.97393844079982,11737287000.0,16821287000.0,133.37826136363637,2.1731692279207557,23.95364693877551,-108.67858333333334,0.5415126643598616,0.5415126643598616,3.1144763932605075,71.88584188034189,34.32915714285714,-155.7526574074074,0.0018743684123937,-0.0092014449335694,0.3221222606689735,0.021992698499696,21.726495726495727,0.823966502081518,-0.625,20.416666666666668,0.0046859210309844,2.5,0.2266246991297907,0.0,0.003263310748451,1.220408163265306,0.1107202369931494,2.3359375,0.0,7.359097523162453,0.0017595785470999,6.952498633201973e-05,-634.6248034149629,-50911000000.0,20639000000.0,-57493000000.0,-48855000000.0,3407000000.0,76249000000.0,0.0,56.9561192371783,5611.029411764706,0.0,1.580163838502048,0.0160398375049141,0.0,0.0010149942329873,1.3435183104920243,2011-08-03,,amc,16488399955.0,2025-04-25,2011-06-30,,26.47968253968254,4318590.015873016
2011-03-31,HIG,USD,874766,2011-05-02,2011-05-02 16:44:22,2011,Q1,6308000000.0,1125000000.0,5183000000.0,0.8216550412,0,1125000000.0,0.0,1125000000.0,4660000000.0,5785000000.0,5898000000.0,0.0,128000000.0,128000000.0,826000000.0,0.130944832,698000000.0,0.1106531389,-311000000.0,410000000.0,0.0649968294,59000000.0,491000000.0,0.0778376665,1.13,1.01,444600000,508200000,https://www.sec.gov/Archives/edgar/data/874766/000095012311042991/0000950123-11-042991-index.htm,https://www.sec.gov/Archives/edgar/data/874766/000095012311042991/c14716e10vq.htm,14.188034188034187,1.1043634727845255,1.06612685560054,0.4903283850652272,21.698155645524068,47.23121907332434,44.86729644624381,47.23121907332434,16.014394961763383,11973078000.0,16648078000.0,6.096271894093686,1.898078313253012,25.2596582278481,54.92237614678899,0.570173722558217,0.570173722558217,2.6392006975269497,20.155058111380143,35.12252742616034,76.36733027522936,0.0410086696169523,0.0182075152270786,0.3329682365826944,0.021678065840304,5.659806295399516,0.824619338389609,5.453125,0.9275929549902152,0.0025056213615245,0.0610997963340122,0.1783449587824984,0.0,0.0032585307777688,0.540084388185654,0.040583386176284,2.0,-0.0003170577045022,34.257988049393994,0.0213481511043183,0.0015272779303673,-650.7984705353126,-51728000000.0,19948000000.0,-58320000000.0,-49545000000.0,3334500000.0,76765500000.0,0.0,48.45275840202916,6095.04,0.0,1.8574793875147235,0.0147661048984091,0.0,0.0233820658126577,0.5757984705353126,2011-05-02,0.95,amc,3924482758.0,2025-04-25,2011-03-31,0.2210526315789473,28.068387096774195,5809571.112903226
2010-12-31,HIG,USD,874766,2011-02-25,2011-02-25 17:41:09,2010,Q4,6055000000.0,-11665000000.0,17720000000.0,2.926507019,0,1202000000.0,0.0,1202000000.0,3919000000.0,5121000000.0,5241000000.0,0.0,128000000.0,147000000.0,1089000000.0,0.1798513625,14786000000.0,2.4419488026,814000000.0,814000000.0,0.1344343518,195000000.0,608000000.0,0.1004128819,1.39,1.39,444400000,444600000,https://www.sec.gov/Archives/edgar/data/874766/000095012311018937/0000950123-11-018937-index.htm,https://www.sec.gov/Archives/edgar/data/874766/000095012311018937/c13002e10vk.htm,13.625112511251125,1.368136813681368,2.3942394239423943,2.815031503150315,23.82988298829883,45.7043204320432,43.33933393339334,45.7043204320432,16.014851485148515,11772156000.0,16699156000.0,4.840524671052632,1.9442041288191576,11.064056390977443,9.410196642685852,0.5795950962532618,0.5795950962532618,2.757911808422791,15.334394857667585,15.694695488721804,13.348645883293363,0.0516472938347062,0.1062677049131866,0.3440992565604844,0.0219541002556966,4.524334251606978,0.8247599898437447,115.515625,1.7189014539579968,0.0028032248298442,0.0542763157894736,0.1985136251032205,0.0,0.0033014393144565,0.1757518796992481,0.0308835672997522,1.272108843537415,0.0041288191577208,37.5089279354366,0.4118644418644419,0.0019161978600356,-641.2921917191719,-51073000000.0,19260000000.0,-57662000000.0,-48872000000.0,3321500000.0,77851000000.0,0.0,48.64905037159373,-596.7312473210459,0.0,1.849984723495264,-0.1508216645333126,0.0,0.029934518241347,0.4207920792079208,2011-02-02,0.96,amc,4346264150.0,2025-04-25,2010-12-31,0.1041666666666667,24.6396875,6283581.875
2010-09-30,HIG,USD,874766,2010-11-02,2010-11-02 16:59:26,2010,Q3,6673000000.0,1105000000.0,5568000000.0,0.8344073131,0,1046000000.0,0.0,1046000000.0,4511000000.0,5557000000.0,5685000000.0,0.0,128000000.0,134000000.0,1179000000.0,0.176682152,1046000000.0,0.1567510865,-129000000.0,917000000.0,0.1374194515,252000000.0,656000000.0,0.0983066087,1.48,1.34,444100000,495300000,https://www.sec.gov/Archives/edgar/data/874766/000095012310099502/0000950123-10-099502-index.htm,https://www.sec.gov/Archives/edgar/data/874766/000095012310099502/c06535e10vq.htm,15.025895068678226,1.4771447872100878,2.3530736320648504,2.3936050439090293,25.27358702994821,47.08173834721909,44.71515424453952,47.08173834721909,16.021166403963072,10192095000.0,15472095000.0,3.8841825457317074,1.5273632549078375,9.753200956937798,9.58804797742239,0.4874501410875699,0.4874501410875699,2.318611569009441,13.123066157760814,14.805832535885168,14.555122295390404,0.0643636072858426,0.1042965160744675,0.3341623224448802,0.0222568375986697,4.478371501272265,0.8150858301576758,8.171875,1.5690690690690692,0.0032378034152939,0.0503048780487804,0.1567510864678555,0.0,0.0033479227588667,0.0172248803827751,0.0026974374344372,0.1343283582089552,0.0,39.5575182282539,0.0271920568655223,0.0020966839792249,-628.8347219094799,-52891000000.0,19858000000.0,-59878000000.0,-50697000000.0,3370500000.0,77457000000.0,0.0,45.45182077026824,6382.180995475113,0.0,1.9801186943620177,0.0141017624012557,0.0,0.0313740494523889,0.0405314118441792,2010-11-02,0.97,amc,3217279720.0,2025-04-25,2010-09-30,0.4742268041237113,22.14703125,7158630.546875
2010-06-30,HIG,USD,874766,2010-08-04,2010-08-04 16:36:17,2010,Q2,3336000000.0,969000000.0,2367000000.0,0.7095323741,0,969000000.0,0.0,969000000.0,2020000000.0,2989000000.0,3343000000.0,0.0,132000000.0,171000000.0,296000000.0,0.0887290168,125000000.0,0.037470024,19000000.0,-7000000.0,-0.0020983213,-83000000.0,65000000.0,0.0194844125,0.15,0.14,443900000,480200000,https://www.sec.gov/Archives/edgar/data/874766/000095012310072523/0000950123-10-072523-index.htm,https://www.sec.gov/Archives/edgar/data/874766/000095012310072523/c03427e10vq.htm,7.515206127506195,0.1464293759855823,1.6039648569497635,2.764136066681685,26.422617706690698,42.55688218067132,40.18923180896599,42.55688218067132,16.18382518585267,9823507000.0,13877507000.0,37.78271923076923,2.9446963429256594,13.797060393258423,8.006118174409128,0.520009898893653,0.520009898893653,4.159924160671463,46.883469594594594,19.490880617977528,11.310111654441728,0.0066167815628369,0.1249044765784765,0.3732994547668202,0.0224478752188445,13.695945945945946,0.8187413907365192,0.946969696969697,9.36842105263158,0.0020359327885652,0.3076923076923077,0.2904676258992806,0.0,0.0033455355721788,0.723314606741573,0.1543764988009592,3.0116959064327484,0.0,11.84105140121316,-0.0523124872660392,0.0002076020683553,-633.0293985131786,-52240000000.0,17840000000.0,-59292000000.0,-50039000000.0,3386500000.0,76985000000.0,0.0,90.94424460431657,7110.371517027864,0.0,0.9896173242361316,0.0126575664554895,0.0,0.0034407919114922,1.1601712097319217,2010-08-04,0.71,amc,3671163043.0,2025-04-25,2010-06-30,0.295774647887324,26.12253968253968,8716637.063492063
2010-03-31,HIG,USD,874766,2010-04-29,2010-04-29 16:42:10,2010,Q1,6319000000.0,919000000.0,5400000000.0,0.8545655958,0,919000000.0,0.0,919000000.0,4683000000.0,5602000000.0,5784000000.0,0.0,120000000.0,144000000.0,799000000.0,0.1264440576,655000000.0,0.1036556417,535000000.0,535000000.0,0.0846652951,216000000.0,319000000.0,0.0504826713,0.81,0.81,393700000,393700000,https://www.sec.gov/Archives/edgar/data/874766/000095012310040660/0000950123-10-040660-index.htm,https://www.sec.gov/Archives/edgar/data/874766/000095012310040660/c99142e10vq.htm,16.0502921005842,0.810261620523241,1.2395224790449582,3.030226060452121,26.98501397002794,45.313690627381256,42.25552451104903,45.313690627381256,19.87807975615951,11188954000.0,16815954000.0,8.768772727272728,1.77068428548821,22.928184426229507,9.378838222967309,0.6271835201793722,0.6271835201793722,2.661173286912486,21.04625031289111,34.45892213114754,14.095518860016764,0.0285102611021548,0.1066230140905039,0.4319506726457399,0.0242875423125169,7.042553191489362,0.823578563821226,5.458333333333333,1.5297805642633229,0.0075074041773699,0.2633228840125391,0.1454344041778762,0.0,0.0037947315006839,1.444672131147541,0.1115682861212217,4.895833333333333,0.0012660231049216,28.74210759481099,0.0152881626035057,0.0010092445535595,-727.1183642367284,-51517000000.0,16636000000.0,-58948000000.0,-49281000000.0,3403000000.0,61633500000.0,0.0,48.45386928311442,7581.44722524483,0.0,1.8574368018812464,0.011871084415165,0.0,0.0178811659192825,1.7907035814071628,2010-04-29,0.11,amc,3748642857.0,2025-04-25,2010-03-31,0.2727272727272728,25.75163934426229,9776436.606557377
2009-12-31,HIG,USD,874766,2010-02-23,2010-02-23 16:14:57,2009,Q4,6440000000.0,-14512000000.0,20952000000.0,3.2534161491,0,947000000.0,0.0,947000000.0,4371000000.0,5318000000.0,5712000000.0,0.0,119000000.0,110000000.0,487000000.0,0.075621118,23754000000.0,3.6885093168,-23026000000.0,728000000.0,0.1130434783,171000000.0,495000000.0,0.076863354,1.41,1.41,382900000,393700000,https://www.sec.gov/Archives/edgar/data/874766/000095012310015756/0000950123-10-015756-index.htm,https://www.sec.gov/Archives/edgar/data/874766/000095012310015756/c96333e10vk.htm,16.819012797074954,1.292765735178898,0.5980673805171063,0.7495429616087751,32.642987725254635,46.732828414729696,43.58840428310264,46.65709062418386,18.52703055628101,8906254000.0,13739254000.0,4.498108080808081,1.382958695652174,38.89193886462883,31.032243902439024,0.4985308704170165,0.4985308704170165,2.133424534161491,28.212020533880903,59.996742358078606,47.87196515679442,0.0555789224066594,0.0322245469307298,0.3904282115869018,0.0226669309787889,9.924024640657084,1.08275898594732,199.61344537815123,0.4111310592459605,0.0069614003822482,0.1252525252525252,0.1470496894409937,0.0,0.0039126860069479,0.2532751091703056,0.0090062111801242,0.5272727272727272,0.002639751552795,36.839184049010015,0.7316594335616075,0.0016149396599817,-717.6051188299817,23439000000.0,16690000000.0,16836000000.0,25669000000.0,3443000000.0,63643500000.0,0.0,47.57142857142858,-284.36328555678057,0.0,1.891891891891892,-0.3164965541306813,0.0,0.0277078085642317,0.1514755810916688,2010-02-08,1.4,amc,4489271523.0,2025-04-25,2009-12-31,0.0785714285714286,25.16359375,8819315.34375
2009-09-30,HIG,USD,874766,2009-11-03,2009-11-03 16:36:18,2009,Q3,5230000000.0,945000000.0,4285000000.0,0.8193116635,0,945000000.0,0.0,945000000.0,4624000000.0,5569000000.0,5687000000.0,0.0,118000000.0,101000000.0,-238000000.0,-0.0455066922,-339000000.0,-0.0648183556,-118000000.0,-457000000.0,-0.0873804971,-237000000.0,-220000000.0,-0.0420650096,-0.62,-0.62,356100000,356100000,https://www.sec.gov/Archives/edgar/data/874766/000095012309056913/0000950123-09-056913-index.htm,https://www.sec.gov/Archives/edgar/data/874766/000095012309056913/c91625e10vq.htm,14.686885706262286,-0.6178039876439202,2.131423757371525,2.695871946082561,45.84948048301039,49.090143218197134,45.70907048581859,49.01993821960124,20.067396798652062,9436650000.0,14047650000.0,-10.72346590909091,1.8043307839388143,12.43300395256917,9.82984375,0.5405963565536205,0.5405963565536205,2.6859751434034416,-59.02373949579832,18.50810276679842,14.63296875,-0.0233133580242988,0.1017310168333042,0.4026122823098075,0.022189946956302,-19.373949579831933,1.0748723417345118,-2.8728813559322037,-3.45,0.0039208829404502,-0.1681818181818181,0.1806883365200765,0.0,0.0038014650164182,0.2648221343873518,0.0384321223709369,1.99009900990099,0.0,,-0.0066653630272366,-0.0006972705029221,-787.139848357203,21906000000.0,16277000000.0,15245000000.0,24142000000.0,3496000000.0,80742500000.0,0.0,59.91969407265774,7755.714285714285,0.0,1.5020103388856978,0.0116043470252348,0.0,-0.012603116406966,0.5644481887110362,2009-11-03,1.11,amc,3388346153.0,2025-04-25,2009-09-30,1.135135135135135,19.1734375,16190741.75
2009-06-30,HIG,USD,874766,2009-07-29,2009-07-29 17:23:39,2009,Q2,7637000000.0,959000000.0,6678000000.0,0.8744271311,0,959000000.0,0.0,959000000.0,6541000000.0,7500000000.0,7619000000.0,0.0,119000000.0,122000000.0,259000000.0,0.0339138405,137000000.0,0.0179389813,-119000000.0,18000000.0,0.0023569464,33000000.0,-15000000.0,-0.001964122,-0.0461,-0.0461,325400000,325400000,https://www.sec.gov/Archives/edgar/data/874766/000095012309027086/0000950123-09-027086-index.htm,https://www.sec.gov/Archives/edgar/data/874766/000095012309027086/c88371e10vq.htm,23.46957590657652,-0.0460971112476951,2.9993853718500305,2.971727105101414,46.89305470190535,41.37062077443147,37.67055931161647,41.30915795943454,21.97295636140135,3862497999.999999,8335498000.0,-64.37496666666667,0.5057611627602461,3.9574774590163937,3.994310237849017,0.2873454843029311,0.2873454843029311,1.0914623543276156,32.18338996138996,8.540469262295082,8.619956566701138,-0.0038834971565033,0.2503561166892514,0.5230620443386401,0.0242699344149119,17.27027027027027,1.0664134229084206,1.1512605042016806,-65.06666666666666,0.0041423969669369,-1.0666666666666669,0.1255728689275893,0.0,0.0041560234725578,0.0092213114754098,0.0011784732224695,0.0737704918032786,0.0,,-0.005576450284114,-5.199378847540347e-05,-793.9351567301783,17903000000.0,12258000000.0,11234000000.0,20131000000.0,3539000000.0,80397500000.0,0.0,41.36441010868142,7512.513034410845,0.0,2.175783475783476,0.0119800124921923,0.0,-0.0011159053712245,0.027658266748617,2009-07-29,1.16,amc,6843673705.0,2025-04-25,2009-06-30,0.6379310344827587,12.50047619047619,22876019.968253966
2009-03-31,HIG,USD,874766,2009-04-30,2009-04-30 17:16:25,2009,Q1,5394000000.0,898000000.0,4496000000.0,0.8335187245,0,898000000.0,0.0,898000000.0,6393000000.0,7291000000.0,7411000000.0,0.0,120000000.0,137000000.0,-1760000000.0,-0.3262884687,-1897000000.0,-0.3516870597,-120000000.0,-2017000000.0,-0.3739340007,-808000000.0,-1209000000.0,-0.224137931,-3.77,-3.77,320800000,320800000,https://www.sec.gov/Archives/edgar/data/874766/000136231009006196/0001362310-09-006196-index.htm,https://www.sec.gov/Archives/edgar/data/874766/000136231009006196/c84403e10vq.htm,16.8142144638404,-3.768703241895262,3.1483790523690773,2.995635910224439,40.64837905236908,24.58541147132169,21.355985037406484,24.50124688279302,23.37281795511221,2518280000.0,8045280000.0,-0.5207361455748553,0.4668668891360771,2.4933465346534653,2.62047866805411,0.3203918575063613,0.3203918575063613,1.491523915461624,-4.5711818181818185,7.965623762376238,8.371779396462019,-0.4800895849548104,0.3816096700922852,0.938676844783715,0.0267156223747863,-3.140340909090909,1.0486743779390777,-15.808333333333334,-0.8354011579818031,0.0424893181060088,-0.0885028949545078,0.1664812754912866,0.0,0.0037513397642015,0.0485148514851485,0.0090841675936225,0.3576642335766423,0.0012977382276603,,-0.0746207765558574,-0.0043942543942543,-787.2973815461347,12721000000.0,6851000000.0,5789000000.0,14819000000.0,3586000000.0,67249000000.0,0.0,59.53281423804226,8092.483296213808,0.0,1.5117713004484306,0.0111214316675955,0.0,-0.1538167938931297,0.1527431421446384,2009-04-30,-3.05,bmo,4261666666.0,2025-04-25,2009-03-31,0.2000000000000001,10.901803278688524,25843232.01639344
2008-12-31,HIG,USD,874766,2009-02-12,2009-02-11 20:55:33,2008,Q4,565000000.0,-4661000000.0,5226000000.0,9.2495575221,0,0.0,0.0,0.0,1601000000.0,1601000000.0,1716000000.0,0.0,115000000.0,98000000.0,-1299000000.0,-2.2991150442,17092000000.0,30.2513274336,-18243000000.0,-1151000000.0,-2.0371681416,-345000000.0,-806000000.0,-1.4265486726,-2.51,-2.51,320800000,320800000,https://www.sec.gov/Archives/edgar/data/874766/000136231009001777/0001362310-09-001777-index.htm,https://www.sec.gov/Archives/edgar/data/874766/000136231009001777/c80697e10vk.htm,1.7612219451371571,-2.5124688279301743,3.9089775561097255,3.637780548628429,36.8859102244389,28.890274314214462,25.586034912718205,28.890274314214462,19.75062344139651,5267536000.000001,9677536000.0,-1.6338511166253105,9.323072566371684,4.20058692185008,4.513741216795202,0.5683573586534313,0.5683573586534313,17.128382300884955,-7.449989222478829,7.717333333333333,8.292661525278492,-0.1530127179007414,0.2215457094170784,0.671234354769098,0.0216320158006558,-3.394919168591224,1.05221872442698,148.62608695652173,-1.5558312655086848,0.0301848910002703,-0.1972704714640198,0.0,0.0,0.0036858924206229,0.069377990430622,0.1539823008849557,0.8877551020408163,0.095575221238938,,0.7167408173408574,-0.0028130376967992,-822.2537406483791,14166000000.0,8208000000.0,7133000000.0,16301000000.0,3615500000.0,67295000000.0,0.0,574.0884955752213,-1037.9253379103195,0.0,0.1567702552719201,-0.086711439361524,0.0,-0.0869659041864479,0.2711970074812967,2009-02-05,1.3,bmo,9157777777.0,2025-04-25,2008-12-31,-1.553846153846154,16.8884375,19166579.796875
2008-09-30,HIG,USD,874766,2008-10-29,2008-10-29 16:16:58,2008,Q3,-393000000.0,1029000000.0,-1422000000.0,3.6183206107,0,0.0,0.0,1029000000.0,3706000000.0,3706000000.0,3790000000.0,0.0,84000000.0,-213000000.0,-4312000000.0,10.9720101781,-4099000000.0,10.4300254453,-4183000000.0,-4183000000.0,10.6437659033,-1552000000.0,-2631000000.0,6.6946564885,-8.74,-8.74,301100000,301100000,https://www.sec.gov/Archives/edgar/data/874766/000136231008006317/0001362310-08-006317-index.htm,https://www.sec.gov/Archives/edgar/data/874766/000136231008006317/c76352e10vq.htm,-1.3052142145466623,-8.737960810362006,2.2484224510129525,2.2152108933909,24.29757555629359,41.70375290601129,35.72235137827964,41.70375290601129,18.701428096977747,12342089000.0,15926089000.0,-1.172756461421513,-31.40480661577608,18.230559822747416,18.50388155922039,0.9828851636537392,0.9828851636537392,-40.52439949109415,-3.6934343692022265,23.524503692762185,23.877194902548727,-0.2131729887865822,0.0540427151351768,0.4417456398821374,0.0178082411673114,-0.8311688311688312,1.053100998693203,-48.79761904761905,-0.2573166096541239,0.0133688875521801,-0.0627137970353477,0.0,0.0,0.0057819798706197,0.0147710487444608,-0.0254452926208651,-0.0469483568075117,0.0,,-0.133383317745207,-0.0084957569651644,-959.4545001660578,15563000000.0,10756000000.0,9718000000.0,18402000000.0,3626000000.0,82111000000.0,0.0,-830.6106870229007,7070.291545189504,0.0,-0.108354011579818,0.0127293194947858,0.0,-0.2095245679700565,0.0332115576220524,2008-10-29,-1.34,bmo,5137942857.0,2025-04-25,2008-09-30,0.0447761194029849,60.84296875,4089177.328125
2008-06-30,HIG,USD,874766,2008-07-28,2008-07-28 16:26:09,2008,Q2,7503000000.0,1047000000.0,6456000000.0,0.8604558177,0,0.0,0.0,1047000000.0,6774000000.0,6774000000.0,6851000000.0,0.0,77000000.0,286000000.0,1015000000.0,0.1352792216,729000000.0,0.0971611355,652000000.0,652000000.0,0.0868985739,109000000.0,543000000.0,0.0723710516,1.74,1.73,311700000,313100000,https://www.sec.gov/Archives/edgar/data/874766/000136231008003874/0001362310-08-003874-index.htm,https://www.sec.gov/Archives/edgar/data/874766/000136231008003874/c74065e10vq.htm,24.07122232916265,1.7420596727622717,5.434712864934232,5.056143727943535,23.13442412576195,53.97497593840231,48.23869104908566,53.97497593840231,19.40327237728585,20126469000.0,24013469000.0,9.266330110497236,2.6824562175129945,11.881032467532464,12.770602157360404,1.196295114122682,1.196295114122682,3.2005156604025053,23.658590147783247,14.175601534828806,15.23697271573604,0.0269793971312106,0.0783048432390202,0.3549096528768426,0.0178858135633836,3.8295566502463054,1.0634306182437316,9.467532467532468,3.119705340699816,0.0082975309777388,0.3075506445672191,0.0,0.0,0.0053558590941768,0.0696576151121605,0.0157270425163268,0.4125874125874126,0.0,45.9958873239076,0.0253943157358832,0.0016352860395359,-985.198107154315,19745000000.0,15036000000.0,14014000000.0,22555000000.0,6255500000.0,41692500000.0,0.0,43.48260695721711,7167.765042979942,0.0,2.069793103448276,0.0125562151466091,0.0,0.0322753209700428,0.3785691369906961,2008-07-28,2.09,bmo,5085666666.0,2025-04-25,2008-06-30,0.0622009569377992,71.69828125,2657988.359375
2008-03-31,HIG,USD,874766,2008-04-28,2008-04-28 16:53:44,2008,Q1,1544000000.0,950000000.0,594000000.0,0.3847150259,0,0.0,0.0,950000000.0,1386000000.0,1386000000.0,1453000000.0,0.0,67000000.0,190000000.0,348000000.0,0.225388601,158000000.0,0.1023316062,91000000.0,91000000.0,0.0589378238,-54000000.0,145000000.0,0.0939119171,0.46,0.46,313800000,315700000,https://www.sec.gov/Archives/edgar/data/874766/000136231008002198/0001362310-08-002198-index.htm,https://www.sec.gov/Archives/edgar/data/874766/000136231008002198/c73059e10vq.htm,4.920331421287444,0.4620777565328234,1.8068833652007648,1.5933715742511154,30.662842574888465,56.83875079668579,51.1408540471638,56.83875079668579,19.18419375398343,23776626000.0,27481626000.0,40.99418275862069,15.399369170984455,41.93408465608466,47.553252,1.333069410181655,1.333069410181655,17.798980569948185,78.97018965517242,48.46847619047619,54.963252,0.0060984262443292,0.0210290560149282,0.3337631755999103,0.0172967852909044,10.64655172413793,1.0610518332955186,2.3582089552238807,3.910344827586207,0.0071078209330457,1.1655172413793105,0.0,0.0,0.0051951372585481,0.1181657848324514,0.0433937823834196,0.3526315789473684,0.0123056994818652,24.30922160777404,0.0101679419126915,0.0004235060459138,-988.0353728489484,19643000000.0,16048000000.0,15054000000.0,22425000000.0,6283500000.0,0.0,0.0,517.9663212435233,0.0,0.0,0.1737564708530272,0.0,0.0,0.0081296254765642,0.2135117909496494,2008-04-28,2.46,bmo,5194422310.0,2025-04-25,2008-03-31,0.0203252032520324,75.5067213114754,3026106.62295082
2007-12-31,HIG,USD,874766,2008-02-22,2008-02-22 16:24:24,2007,Q4,5674000000.0,-16348000000.0,22022000000.0,3.8812125485,0,0.0,0.0,0.0,4826000000.0,4826000000.0,4893000000.0,0.0,67000000.0,310000000.0,364000000.0,0.0641522735,38844000000.0,6.8459640465,-38063000000.0,781000000.0,0.1376454001,186000000.0,595000000.0,0.1048642933,1.9,1.9,313300000,313800000,https://www.sec.gov/Archives/edgar/data/874766/000095012308002003/0000950123-08-002003-index.htm,https://www.sec.gov/Archives/edgar/data/874766/000095012308002003/y49953e10vk.htm,18.11043728056176,1.899138206192148,4.545164379189275,4.468560485157996,21.68528566868816,61.29588254069582,55.786785828279605,61.29588254069582,17.181615065432492,27316627000.0,30621627000.0,11.4775743697479,4.8143508988368,19.18302457865169,19.51187642857143,1.4224446469485523,1.4224446469485523,5.396832393373281,84.1253489010989,21.50395154494382,21.87259071428571,0.0217816057597447,0.0512508370817524,0.2768173297229744,0.0147518738154239,9.07967032967033,1.0606661803170765,579.7611940298508,2.3932773109243697,0.0056741998197654,0.2605042016806723,0.0,0.0,0.0047896414983863,0.0168539325842696,0.0042298202326401,0.0774193548387096,0.0327811068029608,51.17822221750466,1.2068947870822742,0.0016590684121739,-1058.4176508139165,20457000000.0,17478000000.0,16506000000.0,23155000000.0,4422000000.0,0.0,0.0,58.38738103630595,0.0,0.0,1.541428959521869,0.0,0.0,0.0309831285148927,0.0766038940312799,2008-01-24,2.5,bmo,5072368421.0,2025-04-25,2007-12-31,0.064,92.826875,1855966.453125
2007-09-30,HIG,USD,874766,2007-10-25,2007-10-25 16:42:30,2007,Q3,5823000000.0,973000000.0,4850000000.0,0.8329040014,0,0.0,0.0,0.0,4581000000.0,4581000000.0,4648000000.0,0.0,67000000.0,202000000.0,1444000000.0,0.2479821398,1242000000.0,0.2132921175,1175000000.0,1175000000.0,0.201786021,324000000.0,851000000.0,0.146144599,2.7,2.68,315400000,318000000,https://www.sec.gov/Archives/edgar/data/874766/000095012307014270/0000950123-07-014270-index.htm,https://www.sec.gov/Archives/edgar/data/874766/000095012307014270/y41143e10vq.htm,18.462270133164235,2.698161065313887,5.136334812935955,4.625871908687381,14.87000634115409,60.08243500317058,54.61001902346227,60.08243500317058,16.746987951807228,29773760000.0,33036760000.0,8.746698002350177,5.113130688648463,18.378864197530863,20.406963673749143,1.5711746701846965,1.5711746701846965,5.673494762150095,22.878642659279777,20.39306172839506,22.643427004797807,0.0285822146749352,0.0490028803886375,0.275197889182058,0.0146301777222931,2.259695290858726,1.062069213958068,18.53731343283582,1.9036427732079904,0.0053066861558634,0.1856639247943595,0.0,0.0,0.0048421259345499,0.0993827160493827,0.0276489781899364,0.7970297029702971,0.0,60.394717929494135,0.036142924557336,0.0023990144589249,-1042.9383322764745,20676000000.0,17224000000.0,16283000000.0,23343000000.0,7071500000.0,0.0,0.0,79.79907264296754,0.0,0.0,1.127832655432888,0.0,0.0,0.0449076517150395,0.5104629042485732,2007-10-25,2.47,bmo,4143369369.0,2025-04-25,2007-09-30,0.3481781376518217,91.98920634920634,2145493.015873016
2007-06-30,HIG,USD,874766,2007-07-26,2007-07-26 16:13:54,2007,Q2,7660000000.0,965000000.0,6695000000.0,0.8740208877,0,0.0,0.0,0.0,6757000000.0,6757000000.0,6823000000.0,0.0,66000000.0,170000000.0,1073000000.0,0.140078329,903000000.0,0.1178851175,837000000.0,837000000.0,0.1092689295,210000000.0,627000000.0,0.0818537859,1.98,1.96,316800000,319600000,https://www.sec.gov/Archives/edgar/data/874766/000095012307010339/0000950123-07-010339-index.htm,https://www.sec.gov/Archives/edgar/data/874766/000095012307010339/y37452e10vq.htm,24.17929292929293,1.9791666666666667,5.183080808080808,5.091540404040404,13.033459595959595,58.86363636363637,53.41540404040404,58.86363636363637,16.325757575757574,31207968000.0,34689968000.0,12.443368421052632,4.07414725848564,19.006070645554203,19.347779293242404,1.6735289575289576,1.6735289575289576,4.528716449086162,32.3298863000932,21.12665529841657,21.50648977061376,0.0200910229079958,0.0516855182625155,0.2738095238095238,0.0147723393298345,3.245107176141659,1.0642866229587546,13.681818181818182,2.6188197767145134,0.0051589388966305,0.2567783094098884,0.0,0.0,0.0049935483124352,0.0176613885505481,0.0037859007832898,0.1705882352941176,0.0,51.19835257914245,0.0277890419938811,0.0018230983949755,-997.8977272727273,20719000000.0,16922000000.0,16012000000.0,23355000000.0,9116000000.0,0.0,0.0,105.50913838120104,0.0,0.0,0.8530066815144766,0.0,0.0,0.0336229086229086,0.091540404040404,2007-07-26,2.27,bmo,5069983263.0,2025-04-25,2007-06-30,0.052863436123348,100.96507936507936,1257300.3015873015
2007-03-31,HIG,USD,874766,2007-04-26,2007-04-26 16:31:27,2007,Q1,6759000000.0,888000000.0,5871000000.0,0.8686196183,0,0.0,0.0,0.0,5484000000.0,5484000000.0,5547000000.0,0.0,63000000.0,112000000.0,1387000000.0,0.205207871,1275000000.0,0.1886373724,1212000000.0,1212000000.0,0.1793164669,336000000.0,876000000.0,0.1296049711,2.74,2.71,319600000,322700000,https://www.sec.gov/Archives/edgar/data/874766/000095012307006062/0000950123-07-006062-index.htm,https://www.sec.gov/Archives/edgar/data/874766/000095012307006062/y33901e10vq.htm,21.14831038798498,2.7409261576971216,4.08322903629537,3.892365456821026,12.62828535669587,58.98310387984981,53.58260325406759,58.98310387984981,15.550688360450565,30547368000.0,33664368000.0,8.71785616438356,4.519509986684421,23.407944827586203,24.555762057877818,1.620464060262055,1.620464060262055,4.98067288060364,24.27135400144196,25.796450574712644,27.06138906752411,0.0286767750334496,0.0407236394310632,0.2603044931303379,0.014748535515808,2.247296322999279,1.0670575041771566,20.23809523809524,1.4897260273972603,0.0053032392185146,0.184931506849315,0.0,0.0,0.0051876854086579,0.046743295019157,0.009025003698772,0.5446428571428571,0.0109483651427725,60.31200109799919,0.0380909624050488,0.0026466456183814,-947.7002503128912,20749000000.0,17125000000.0,16310000000.0,23290000000.0,9249000000.0,0.0,0.0,123.19573901464712,0.0,0.0,0.730544747081712,0.0,0.0,0.0464696833059254,0.1908635794743429,2007-04-26,2.37,bmo,4749080459.0,2025-04-25,2007-03-31,0.10126582278481,94.67065573770492,1627671.6557377048
2006-12-31,HIG,USD,874766,2007-02-23,2007-02-23 16:10:56,2006,Q4,7579000000.0,-15669000000.0,23248000000.0,3.0674231429,0,0.0,0.0,0.0,6507000000.0,6507000000.0,6577000000.0,0.0,70000000.0,219000000.0,685000000.0,0.0903813168,39362000000.0,5.1935611558,-38360000000.0,1002000000.0,0.1322074152,219000000.0,783000000.0,0.1033117826,2.45,2.45,317200000,319600000,https://www.sec.gov/Archives/edgar/data/874766/000095012307002663/0000950123-07-002663-index.htm,https://www.sec.gov/Archives/edgar/data/874766/000095012307002663/y30259e10vk.htm,23.89344262295082,2.468474148802018,5.83858764186633,5.5895334174022695,10.5327868852459,59.50819672131148,54.09520807061791,59.50819672131148,13.969104665825975,29597932000.0,32534932000.0,9.450169859514686,3.905255574614065,15.981604751619871,16.693701071630006,1.5680192837465563,1.5680192837465563,4.292773716849188,47.49625109489051,17.56745788336933,18.35021545403271,0.0264545509463296,0.0599028337520337,0.2310341173977537,0.0133482293165192,4.287591240875912,1.0667838081512049,562.3142857142857,2.365261813537676,0.0042232680310232,0.1596424010217113,0.0,0.0,0.0052554253007254,0.0426565874730021,0.0104235387254255,0.3607305936073059,0.0193956986409816,57.49021671631273,1.299984283999517,0.0024092826614727,-938.078499369483,20296000000.0,17159000000.0,16368000000.0,22804000000.0,7141500000.0,34648000000.0,0.0,109.7954875313366,0.0,0.0,0.8197058187324249,0.0,0.0,0.0414812460267005,0.2490542244640605,2007-01-25,2.26,bmo,4920506329.0,2025-04-25,2006-12-31,0.0486725663716815,88.59238095238095,1586646.0634920634
2006-09-30,HIG,USD,874766,2006-10-26,2006-10-26 16:14:50,2006,Q3,7407000000.0,832000000.0,6575000000.0,0.8876738221,0,0.0,0.0,0.0,6326000000.0,6326000000.0,6396000000.0,0.0,70000000.0,69000000.0,1150000000.0,0.1552585392,1081000000.0,0.1459430269,1011000000.0,1011000000.0,0.1364925071,253000000.0,758000000.0,0.1023356285,2.45,2.39,310000000,316700000,https://www.sec.gov/Archives/edgar/data/874766/000095012306013033/0000950123-06-013033-index.htm,https://www.sec.gov/Archives/edgar/data/874766/000095012306013033/y26175e10vq.htm,23.89354838709677,2.445161290322581,4.070967741935484,3.9064516129032256,10.058064516129033,57.20322580645161,51.65483870967742,57.20322580645161,13.374193548387098,26892500000.0,29613500000.0,8.869558047493403,3.6306871877953286,21.3094294770206,22.206853839801816,1.5165228669711837,1.5165228669711837,3.998042392331578,25.750869565217396,23.46553090332805,24.453757225433527,0.0281862972947847,0.0450311425118527,0.2298539446230192,0.0133729666594486,2.3660869565217397,1.0645855341925488,15.442857142857145,1.6649076517150396,0.0045737659198661,0.1622691292875989,0.0,0.0,0.0056431557051648,0.0404120443740095,0.0068853786958282,0.7391304347826086,0.0,56.09902006300232,0.0371627626395313,0.0025010393501257,-903.758870967742,18341000000.0,16013000000.0,15260000000.0,20814000000.0,7007500000.0,68531500000.0,0.0,61.20291616038882,7495.961538461539,0.0,1.4705181655747468,0.0120064650196259,0.0,0.0427451643827891,0.164516129032258,2006-10-26,2.25,bmo,4921630434.0,2025-04-25,2006-09-30,0.0222222222222221,84.24746031746032,1363842.857142857
2006-06-30,HIG,USD,874766,2006-07-27,2006-07-27 16:27:15,2006,Q2,4971000000.0,799000000.0,4172000000.0,0.839267753,0,0.0,0.0,0.0,4295000000.0,4295000000.0,4366000000.0,0.0,71000000.0,274000000.0,950000000.0,0.1911084289,676000000.0,0.1359887347,605000000.0,605000000.0,0.1217058942,129000000.0,476000000.0,0.0957553812,1.57,1.52,303300000,312300000,https://www.sec.gov/Archives/edgar/data/874766/000095012306009517/0000950123-06-009517-index.htm,https://www.sec.gov/Archives/edgar/data/874766/000095012306009517/y23483e10vq.htm,16.38971315529179,1.5694032311242994,3.811407847016155,3.666336960105506,8.931750741839762,50.71876030333003,45.047807451368286,50.71876030333003,15.941312232113418,25659180000.0,29342180000.0,13.476460084033612,5.161774290887146,22.19652249134948,23.074802158273386,1.6680218422934407,1.6680218422934407,5.902671494669081,30.886505263157893,25.382508650519032,26.386852517985613,0.0185508656161264,0.0433373163133038,0.30969251771436,0.0161525473150289,3.876842105263158,1.0591146917715215,9.52112676056338,2.4285714285714284,0.0047156612175447,0.2542016806722689,0.0,0.0,0.0058317341271724,0.0380622837370242,0.0088513377590022,0.1605839416058394,0.0,42.31972579920577,0.026399025017362,0.001623365550546,-890.5786350148368,16326000000.0,13663000000.0,12946000000.0,18763000000.0,9386500000.0,67184500000.0,0.0,162.54677127338562,7633.329161451815,0.0,0.5536867899309423,0.0117903994569628,0.0,0.0309432490411493,0.1450708869106495,2006-07-27,1.7,bmo,4609508196.0,2025-04-25,2006-06-30,0.0764705882352941,86.13396825396825,1660634.9365079366
2006-03-31,HIG,USD,874766,2006-04-27,2006-04-27 16:50:22,2006,Q1,6543000000.0,727000000.0,5816000000.0,0.8888888889,0,0.0,0.0,0.0,5493000000.0,5493000000.0,5559000000.0,0.0,66000000.0,44000000.0,1094000000.0,0.1672015895,1050000000.0,0.1604768455,984000000.0,984000000.0,0.1503897295,256000000.0,728000000.0,0.1112639462,2.41,2.34,302200000,310900000,https://www.sec.gov/Archives/edgar/data/874766/000095012306005310/0000950123-06-005310-index.htm,https://www.sec.gov/Archives/edgar/data/874766/000095012306005310/y20177e10vq.htm,21.65122435473197,2.409000661813369,4.526803441429517,4.457313037723362,9.086697551290536,50.99272005294507,45.30112508272667,50.99272005294507,15.98941098610192,24342210000.0,27714210000.0,8.35927541208791,3.720343878954608,17.794013157894735,18.07142538975501,1.579637248539909,1.579637248539909,4.235703805593764,25.332915904936016,20.25892543859649,20.57476614699332,0.0299068983465346,0.0553359781219535,0.309279688513952,0.0161354210749047,3.082266910420475,1.0617715279791244,15.909090909090908,1.879120879120879,0.0037383622933168,0.125,0.0,0.0,0.0058231062209056,0.0153508771929824,0.0032095369096744,0.4772727272727273,0.0021396912731163,52.57312686146975,0.0385026401810409,0.002479099623708,-893.0269688947717,17044000000.0,13690000000.0,12999000000.0,19455000000.0,9944500000.0,65527000000.0,0.0,134.73177441540577,8245.089408528198,0.0,0.6679938744257274,0.0109155881204768,0.0,0.0472420506164828,0.0694904037061548,2006-04-27,2.11,bmo,4189503906.0,2025-04-25,2006-03-31,0.2132701421800948,83.46516129032258,1449329.0322580645
2005-12-31,HIG,USD,874766,2006-02-24,2006-02-24 16:52:19,2005,Q4,7737000000.0,-16119000000.0,23856000000.0,3.0833656456,0,0.0,0.0,0.0,7099000000.0,7099000000.0,7189000000.0,0.0,63000000.0,193000000.0,243000000.0,0.0314075223,40603000000.0,5.2478997027,-40055000000.0,548000000.0,0.0708284865,81000000.0,467000000.0,0.0603593124,1.55,1.55,300700000,302200000,https://www.sec.gov/Archives/edgar/data/874766/000095012306002232/0000950123-06-002232-index.htm,https://www.sec.gov/Archives/edgar/data/874766/000095012306002232/y17778e10vk.htm,25.729963418689724,1.5530428999002328,2.610575324243432,2.470901230462254,8.400399068839375,50.964416361822416,45.24442966411706,50.964416361822416,16.062520784835385,25827123000.0,29321123000.0,13.826082976445395,3.338131446297014,32.90079363057325,34.76059623149394,1.685293507340946,1.685293507340946,3.789727672224376,120.66305761316872,37.35174904458599,39.4631534320323,0.0180817662114359,0.0287682061993509,0.3110603588907015,0.0166936898762768,14.378600823045268,1.063752892735852,644.4920634920635,1.6809421841541756,0.003368551735321,0.1862955032119914,0.0,0.0,0.0060233158353673,0.0535031847133758,0.0054284606436603,0.2176165803108808,-0.0002584981258885,42.20039469023329,1.7221511884746226,0.0016453105127238,-865.0997672098437,16970000000.0,13605000000.0,12922000000.0,19373000000.0,9670000000.0,62993500000.0,0.0,117.417603722373,-359.86599664991627,0.0,0.7664949474935605,-0.2500930925339787,0.0,0.0304730831973898,0.1396740937811772,2006-01-26,1.81,bmo,5390024539.0,2025-04-25,2005-12-31,-0.0994475138121547,82.74380952380952,1192379.365079365
2005-09-30,HIG,USD,874766,2005-11-03,2005-11-03 16:43:35,2005,Q3,7298000000.0,786000000.0,6512000000.0,0.8922992601,0,0.0,0.0,0.0,6549000000.0,6549000000.0,6602000000.0,0.0,62000000.0,156000000.0,914000000.0,0.1252397917,758000000.0,0.1038640723,696000000.0,696000000.0,0.0953685941,157000000.0,539000000.0,0.0738558509,1.8,1.76,299200000,307000000,https://www.sec.gov/Archives/edgar/data/874766/000095012305013050/0000950123-05-013050-index.htm,https://www.sec.gov/Archives/edgar/data/874766/000095012305013050/y14125e10vq.htm,24.391711229946523,1.8014705882352944,5.073529411764706,4.896390374331551,13.302139037433156,51.169786096256686,45.42112299465241,51.169786096256686,15.82553475935829,23089264000.0,26281264000.0,10.70930612244898,3.163779665661825,15.210318840579712,15.76058976109215,1.5081165251469628,1.5081165251469628,3.601159769799945,28.7541181619256,17.313085638998682,17.939429351535836,0.0233441828202059,0.0634494022849753,0.3052253429131287,0.0166616155313497,3.4923413566739607,1.064986097387228,12.225806451612904,2.816326530612245,0.0037246748099029,0.1595547309833024,0.0,0.0,0.0061326725259836,0.0349143610013175,0.0072622636338722,0.3397435897435897,0.0,45.54195269002745,0.0293756877253711,0.0019336669716048,-849.7342914438502,16968000000.0,13590000000.0,12915000000.0,19363000000.0,9137500000.0,59508000000.0,0.0,114.02302000548094,7045.992366412213,0.0,0.7893142980748432,0.0127732184935402,0.0,0.0352057478772044,0.177139037433155,2005-11-03,1.52,bmo,3931120879.0,2025-04-25,2005-09-30,0.1973684210526316,76.80625,1298482.8125
2005-06-30,HIG,USD,874766,2005-08-04,2005-08-04 16:20:43,2005,Q2,6057000000.0,804000000.0,5253000000.0,0.8672610203,0,0.0,0.0,0.0,5173000000.0,5173000000.0,5230000000.0,0.0,64000000.0,183000000.0,1074000000.0,0.1773155027,891000000.0,0.147102526,827000000.0,827000000.0,0.1365362391,225000000.0,602000000.0,0.0993891365,2.03,1.98,297100000,303900000,https://www.sec.gov/Archives/edgar/data/874766/000095012305009425/0000950123-05-009425-index.htm,https://www.sec.gov/Archives/edgar/data/874766/000095012305009425/y11371e10vq.htm,20.387075058902727,2.0262537866038373,2.568158869067654,2.2282059912487377,12.184449680242343,52.47391450690003,46.68461797374621,52.47391450690003,15.97105351733423,22217138000.0,25871138000.0,9.226386212624584,3.668010236090474,29.11813630406291,33.560631419939575,1.4250890314304043,1.4250890314304043,4.271279181112762,24.088582867783984,33.90712712975098,39.080268882175226,0.0270961993394468,0.0297968172138103,0.3002565747273893,0.0174415571834176,3.4022346368715084,1.0694485206910276,13.921875,1.2674418604651163,0.0038708856199209,0.1428571428571428,0.0,0.0,0.0064087755512664,0.1323722149410222,0.0166749215783391,0.5519125683060109,0.0,48.91137934335399,0.0319958396854424,0.0022575395069413,-815.8877482329182,17274000000.0,13870000000.0,13213000000.0,19651000000.0,9139000000.0,56470000000.0,0.0,134.16047548291235,6434.440298507462,0.0,0.6708384095691661,0.0139872305631426,0.0,0.0386144964720975,0.3399528778189162,2005-08-04,1.89,bmo,4401267326.0,2025-04-25,2005-06-30,0.0687830687830688,72.22203125,1512709.390625
2005-03-31,HIG,USD,874766,2005-05-02,2005-05-02 16:33:18,2005,Q1,5991000000.0,715000000.0,5276000000.0,0.8806543148,0,0.0,0.0,0.0,5025000000.0,5025000000.0,5077000000.0,0.0,63000000.0,29000000.0,1006000000.0,0.1679185445,977000000.0,0.1630779503,914000000.0,914000000.0,0.1525621766,248000000.0,666000000.0,0.1111667501,2.26,2.21,294800000,301300000,https://www.sec.gov/Archives/edgar/data/874766/000095012305005422/0000950123-05-005422-index.htm,https://www.sec.gov/Archives/edgar/data/874766/000095012305005422/y08358e10vq.htm,20.322252374491185,2.259158751696065,2.259158751696065,2.2082767978290367,12.445725915875167,48.20556309362279,42.371099050203526,48.20556309362279,16.90976933514247,20211488000.0,23694488000.0,7.586894894894895,3.3736417960273744,30.34757957957958,31.046832565284177,1.422242488213356,1.422242488213356,3.955013854114505,23.5531689860835,35.57730930930931,36.397062980030725,0.0329515570550768,0.0322094048691516,0.3463514179156991,0.0188279397138704,3.4622266401590456,1.066415818269393,15.507936507936508,1.0,0.0042550058659708,0.1291291291291291,0.0,0.0,0.0065794506923724,0.0225225225225225,0.0025037556334501,0.5172413793103449,0.0175262894341512,49.50091356961387,0.0372082740864621,0.002564497497112,-802.5890434192673,16133000000.0,12491000000.0,11833000000.0,18511000000.0,9331000000.0,27729500000.0,0.0,138.94341512268403,6980.853146853147,0.0,0.6477457022380798,0.0128924070033718,0.0,0.0468651044965167,0.0508819538670284,2005-04-28,1.81,bmo,4285854922.0,2025-04-25,2005-03-31,0.0662983425414363,69.72967213114754,1364526.2295081967
2004-12-31,HIG,USD,874766,2005-02-28,2005-02-28 16:24:57,2004,Q4,6101000000.0,-13816000000.0,19917000000.0,3.2645467956,0,0.0,0.0,0.0,0.0,-1074000000.0,5280000000.0,0.0,62000000.0,84000000.0,693000000.0,0.1135879364,20991000000.0,3.4405835109,-20170000000.0,821000000.0,0.1345681036,201000000.0,620000000.0,0.1016226848,2.1,2.1,293800000,294800000,https://www.sec.gov/Archives/edgar/data/874766/000095012305002392/0000950123-05-002392-index.htm,https://www.sec.gov/Archives/edgar/data/874766/000095012305002392/y06108ke10vk.htm,20.76582709326072,2.110279101429544,3.502382573179033,3.31858407079646,11.327433628318584,48.46153846153846,42.6072157930565,48.46153846153846,16.98774676650783,20363278000.0,24144278000.0,8.210999193548387,3.3376951319455825,19.789385811467444,20.88541333333333,1.4302063492063493,1.4302063492063493,3.9574296017046384,34.840227994227995,23.46382701652089,24.76336205128205,0.0304469643836321,0.047880306893615,0.3461862621154656,0.0189770342849442,5.455988455988456,1.067096758144028,338.56451612903226,1.6596774193548387,0.0040268565797707,0.132258064516129,0.0,0.0,0.0066221340982154,0.0524781341107871,0.0088510080314702,0.6428571428571429,-0.0003278151122766,47.96890520291708,0.8270419106835001,0.0024029610681549,-800.2357045609258,16183000000.0,12518000000.0,11875000000.0,18546000000.0,9343000000.0,24673500000.0,0.0,138.85756433371577,0.0,0.0,0.6481461808137682,0.0,0.0,0.0435454417755302,0.1837985023825731,2005-01-26,1.78,bmo,4072640000.0,2025-04-25,2004-12-31,0.1235955056179775,63.0546875,1822731.265625
2004-09-30,HIG,USD,874766,2004-11-04,2004-11-04 17:17:32,2004,Q3,5416000000.0,719000000.0,4697000000.0,0.8672451994,0,0.0,0.0,0.0,-4329000000.0,-4329000000.0,5109000000.0,0.0,61000000.0,-8000000.0,360000000.0,0.0664697194,368000000.0,0.0679468242,307000000.0,307000000.0,0.0566838996,-187000000.0,494000000.0,0.091211226,1.68,1.66,293200000,297500000,https://www.sec.gov/Archives/edgar/data/874766/000095012304013000/0000950123-04-013000-index.htm,https://www.sec.gov/Archives/edgar/data/874766/000095012304013000/y67751e10vq.htm,18.472032742155527,1.684856753069577,3.3219645293315145,3.1548431105047747,9.942019099590723,46.55525238744884,40.68894952251024,46.55525238744884,17.032742155525238,18157876000.0,22271876000.0,9.189208502024291,3.352635893648449,18.64258316221765,19.63013621621621,1.330247326007326,1.330247326007326,4.112237075332349,61.86632222222222,22.866402464065708,24.077703783783782,0.0272058251747065,0.050942081551829,0.3613919413919414,0.0200130634632782,11.427777777777775,1.0710725647297694,6.032786885245901,1.97165991902834,0.0045710192095154,0.1680161943319838,0.0,0.0,0.0069779990182117,0.0503080082135523,0.0090472673559822,-6.125,0.0,42.01042675285106,0.0318654873697213,0.0020182294326487,-760.4681105047749,16242000000.0,11930000000.0,11930000000.0,17475000000.0,9178500000.0,47976000000.0,0.0,154.09342688330872,6176.954102920723,0.0,0.584061253100399,0.0145702879607676,0.0,0.0361904761904761,0.1671214188267394,2004-11-04,0.69,bmo,3691121737.0,2025-04-25,2004-09-30,1.27536231884058,62.88296875,1444259.375
2004-06-30,HIG,USD,874766,2004-08-04,2004-08-04 16:56:29,2004,Q2,5444000000.0,653000000.0,4791000000.0,0.8800514328,0,0.0,0.0,0.0,-4152000000.0,-4152000000.0,4867000000.0,0.0,62000000.0,165000000.0,804000000.0,0.1476855253,639000000.0,0.1173769287,-62000000.0,577000000.0,0.1059882439,144000000.0,433000000.0,0.0795371051,1.48,1.46,292300000,297500000,https://www.sec.gov/Archives/edgar/data/874766/000095012304009222/0000950123-04-009222-index.htm,https://www.sec.gov/Archives/edgar/data/874766/000095012304009222/y99102e10vq.htm,18.624700650017104,1.481354772494013,1.820047895997263,1.6182004789599729,8.936024632227165,41.99452617174136,36.1101607937051,41.99452617174136,17.064659596305166,20092702000.0,24323702000.0,11.600867205542723,3.690797575312271,37.76823684210526,42.47928541226216,1.63688,1.63688,4.467983468038208,30.25336069651741,45.721244360902254,51.42431712473573,0.021550113070905,0.0235408856409655,0.4013034623217922,0.0205060319204735,5.262437810945274,1.0664407113122254,10.306451612903226,1.2286374133949192,0.0040313144543725,0.1870669745958429,0.0,0.0,0.0071600436263123,0.1109022556390977,0.0108376193975018,0.3575757575757576,0.0,37.41253552848979,0.027877847978892,0.0018154984025291,-747.5949367088608,14859000000.0,10555000000.0,10555000000.0,15592000000.0,9010500000.0,45963000000.0,0.0,150.17634092578987,6423.353751914242,0.0,0.5992954645530604,0.0140113721703679,0.0,0.035274949083503,0.2018474170372904,2004-08-04,1.57,bmo,4979807407.0,2025-04-25,2004-06-30,-0.1401273885350318,65.15145161290323,1495990.322580645
2004-03-31,HIG,USD,874766,2004-05-04,2004-05-04 17:21:28,2004,Q1,5732000000.0,692000000.0,5040000000.0,0.8792742498,0,0.0,0.0,0.0,-4179000000.0,-4179000000.0,4914000000.0,0.0,66000000.0,33000000.0,917000000.0,0.1599790649,861000000.0,0.150209351,-43000000.0,818000000.0,0.1427076064,227000000.0,568000000.0,0.0990928123,1.96,1.93,289900000,294900000,https://www.sec.gov/Archives/edgar/data/874766/000095012304005701/0000950123-04-005701-index.htm,https://www.sec.gov/Archives/edgar/data/874766/000095012304005701/y96782e10vq.htm,19.772335288030355,1.9592963090720936,0.341497067954467,0.2794066919627457,8.565022421524663,46.69541221110728,40.76233183856503,46.69541221110728,18.0027595722663,18466630000.0,22981630000.0,8.127918133802817,3.22167306350314,186.53161616161617,227.98308641975308,1.3641597104232843,1.3641597104232843,4.0093562456385206,25.06175572519084,232.1376767676768,283.72382716049384,0.0307581838158884,0.0043862902976883,0.3806604122035901,0.0217184233596331,4.923664122137405,1.0748219231839815,13.045454545454543,0.1742957746478873,0.0042779868335478,0.1390845070422535,0.0,0.0,0.0072493087868366,0.1818181818181818,0.0031402651779483,0.5454545454545454,0.0095952547103977,45.37100779028393,0.0332834262794978,0.002411439051727,-740.0526043463263,16397000000.0,11817000000.0,11817000000.0,17872000000.0,8990000000.0,22660500000.0,0.0,140.32274947662248,5894.3497109826585,0.0,0.6413785386595054,0.0152688599104168,0.0,0.0419590751274285,0.0620903759917212,2004-05-04,1.47,bmo,4835156462.0,2025-04-25,2004-03-31,0.1564625850340135,63.94387096774194,1412583.8870967743
2003-12-31,HIG,USD,874766,2004-02-27,2004-02-27 16:34:18,2003,Q4,4773000000.0,0.0,4773000000.0,1.0,0,0.0,0.0,0.0,-4163000000.0,-4163000000.0,4163000000.0,0.0,0.0,20000000.0,0.0,0.0,610000000.0,0.1278022208,610000000.0,610000000.0,0.1278022208,156000000.0,454000000.0,0.0951183742,1.57,1.57,282900000,289900000,https://www.sec.gov/Archives/edgar/data/874766/000094857204000011/0000948572-04-000011-index.htm,https://www.sec.gov/Archives/edgar/data/874766/000094857204000011/b10k123103.txt,16.87168610816543,1.6048073524213502,3.598444680098975,3.5454224107458465,6.96005655708731,41.1417462000707,35.06185931424532,41.1417462000707,20.01767408978437,16699587000.0,21900587000.0,9.19580781938326,3.4987611565053425,16.404309430255402,16.649638085742772,1.4347956869146834,1.4347956869146834,4.588432222920595,0.0,21.513346758349705,21.835081754735796,0.0271863010743918,0.0600613655894603,0.4865538276484234,0.0250738312087951,0.0,0.052537917280929,0.0,2.2422907488986783,0.0045510107525413,0.1674008810572687,0.0,0.0,0.0076155729611738,0.0147347740667976,0.0031426775612822,0.75,0.0,38.54287194605312,-0.0034268289000935,0.0020255830243649,-726.2734181689643,-198589000000.0,9919000000.0,-203202000000.0,-196276000000.0,9044500000.0,0.0,0.0,170.51539912005026,0.0,0.0,0.527811566957868,0.0,0.0,0.0390067875247014,0.0530222693531283,2004-01-28,1.47,bmo,4610653061.0,2025-04-25,2003-12-31,0.0340136054421769,55.6640625,1354013.390625
2003-09-30,HIG,USD,874766,2003-11-05,2003-11-05 17:16:00,2003,Q3,4947000000.0,0.0,4947000000.0,1.0,0,0.0,0.0,0.0,-4511000000.0,-4511000000.0,4511000000.0,0.0,70000000.0,188000000.0,624000000.0,0.1261370528,436000000.0,0.0881342228,436000000.0,436000000.0,0.0881342228,93000000.0,343000000.0,0.0693349505,1.21,1.2,282500000,284800000,https://www.sec.gov/Archives/edgar/data/874766/000094857203000065/0000948572-03-000065-index.htm,https://www.sec.gov/Archives/edgar/data/874766/000094857203000065/b10q093003.txt,17.51150442477876,1.2141592920353983,5.458407079646018,5.451327433628318,7.20353982300885,40.15575221238938,34.06725663716814,40.15575221238938,15.026548672566372,14867975000.0,18546975000.0,10.836716472303207,3.005452799676572,9.642007133592736,9.65452922077922,1.3106465973201693,1.3106465973201693,3.749135839902971,29.722716346153845,12.027869649805448,12.04349025974026,0.0230697186402317,0.1035783285887957,0.3680359661495063,0.0197525607361672,5.895833333333333,0.0564317761673652,6.228571428571429,4.495626822157434,0.0051789164294397,0.2244897959183673,0.0,0.0,0.0081375819080737,0.0012970168612191,0.0004042854255104,0.0106382978723404,0.0,33.120964550269825,-0.0028124436281342,0.0016360991199408,-676.8194690265486,-185280000000.0,9624000000.0,-188940000000.0,-183560000000.0,9030500000.0,0.0,0.0,164.57246816252274,0.0,0.0,0.5468715454344462,0.0,0.0,0.0302362482369534,0.0070796460176991,2003-11-05,1.17,bmo,4904717948.0,2025-04-25,2003-09-30,0.0085470085470085,52.69984375,1566964.0625
2003-06-30,HIG,USD,874766,2003-08-06,2003-08-06 17:15:32,2003,Q2,4682000000.0,0.0,4682000000.0,1.0,0,0.0,0.0,0.0,-4053000000.0,-4053000000.0,4053000000.0,0.0,69000000.0,-61000000.0,568000000.0,0.1213156771,629000000.0,0.1343442973,629000000.0,629000000.0,0.1343442973,122000000.0,507000000.0,0.1082870568,1.89,1.88,268800000,270200000,https://www.sec.gov/Archives/edgar/data/874766/000094857203000055/0000948572-03-000055-index.htm,https://www.sec.gov/Archives/edgar/data/874766/000094857203000055/b10q063003.txt,17.418154761904763,1.8861607142857144,2.4888392857142856,2.380952380952381,7.150297619047619,42.77901785714285,36.376488095238095,42.77901785714285,14.583333333333334,13536768000.0,16958768000.0,6.674934911242604,2.891236223835968,20.234331838565023,21.1512,1.1772126271849728,1.1772126271849728,3.622120461341307,29.85698591549296,25.349428998505232,26.498075,0.0374535487348235,0.0472786414009607,0.3348986868423341,0.018532153358261,6.024647887323944,0.0566786722980851,9.115942028985508,1.319526627218935,0.005097228526041,0.136094674556213,0.0,0.0,0.0082819620694799,0.0433482810164424,0.0061939342161469,-0.4754098360655737,0.0,42.608477029249386,-0.0042077482322477,0.0024602096273291,-697.9864211309524,-182028000000.0,9778000000.0,-185365000000.0,-180307000000.0,9113500000.0,0.0,0.0,173.2913284920974,0.0,0.0,0.5193566278424847,0.0,0.0,0.044090790503522,0.1078869047619047,2003-08-06,1.18,bmo,4364576271.0,2025-04-25,2003-06-30,0.0677966101694916,44.6852380952381,3026893.761904762
2003-03-31,HIG,USD,874766,2003-05-13,2003-05-13 17:15:04,2003,Q1,4331000000.0,0.0,4331000000.0,1.0,0,0.0,0.0,0.0,-6556000000.0,-6556000000.0,6556000000.0,0.0,66000000.0,72000000.0,-2153000000.0,-0.4971138305,-2225000000.0,-0.5137381667,-2225000000.0,-2225000000.0,-0.5137381667,-830000000.0,-1395000000.0,-0.3220965135,-5.46,-5.46,255400000,255400000,https://www.sec.gov/Archives/edgar/data/874766/000094857203000025/0000948572-03-000025-index.htm,https://www.sec.gov/Archives/edgar/data/874766/000094857203000025/b10q033103.txt,16.957713390759594,-5.462020360219264,2.6115896632732967,2.443226311667972,9.248238057948315,36.96945967110415,30.23101018010963,36.96945967110415,11.656225528582617,9013066000.0,11269066000.0,-1.6152448028673834,2.081058877857308,13.512842578710645,14.444016025641025,0.954571700910824,0.954571700910824,2.6019547448626184,-5.234122619600558,16.895151424287857,18.05940064102564,-0.1547753006579559,0.0692328226599028,0.3083033255666172,0.0154301192110549,-1.0478402229447283,0.0655308885227523,-33.71212121212121,-0.4781362007168458,0.0076555525056623,-0.0494623655913978,0.0,0.0,0.0091223755280747,0.0644677661169415,0.0099284229969983,0.5972222222222222,0.0,,0.0128503919599841,-0.0074624470406984,-665.4032889584964,-165045000000.0,7721000000.0,-167641000000.0,-163324000000.0,8459000000.0,0.0,0.0,191.42923112445163,0.0,0.0,0.4701476335214937,0.0,0.0,-0.1477441220080491,0.1683633516053249,2003-05-13,-2.11,bmo,1420390243.0,2025-04-25,2003-03-31,1.526066350710901,39.87639344262295,1836963.9344262292
2002-12-31,HIG,USD,874766,2003-03-03,2003-03-03 16:29:16,2002,Q4,4161000000.0,0.0,4161000000.0,1.0,0,0.0,0.0,0.0,-3855000000.0,-3855000000.0,3855000000.0,0.0,0.0,43000000.0,0.0,0.0,306000000.0,0.0735400144,306000000.0,306000000.0,0.0735400144,48000000.0,258000000.0,0.0620043259,1.01,1.01,255400000,255400000,https://www.sec.gov/Archives/edgar/data/874766/000094857203000012/0000948572-03-000012-index.htm,https://www.sec.gov/Archives/edgar/data/874766/000094857203000012/b10k12312002.txt,16.29209083790133,1.0101801096319498,2.1808927173061865,1.942051683633516,8.484729835552075,42.028191072826935,35.289741581832416,42.028191072826935,11.39780736100235,11602822000.0,14136822000.0,11.243044573643411,2.78846959865417,20.83091921005386,23.39278629032258,1.0809411216694615,1.0809411216694615,3.397457822638789,0.0,25.380290843806105,28.501657258064515,0.0222359698356141,0.0427482210793201,0.2711943357555431,0.0159907274654889,0.0,0.0585430934803877,0.0,2.1589147286821704,0.0056020854237012,0.251937984496124,0.0,0.0,0.0094538103634855,0.1095152603231597,0.0146599375150204,1.4186046511627908,0.0,30.90729622557705,-0.002453871029104,0.0014307738379121,-639.633907595928,-158772000000.0,9013000000.0,-161436000000.0,-157051000000.0,7690000000.0,0.0,0.0,166.676279740447,0.0,0.0,0.5399688554373215,0.0,0.0,0.024035774175517,0.2388410336726703,2003-01-27,1.1,bmo,3896209090.0,2025-04-25,2002-12-31,0.0636363636363634,45.1140625,1583439.09375
2002-09-30,HIG,USD,874766,2002-11-13,2002-11-13 16:48:19,2002,Q3,3961000000.0,0.0,3961000000.0,1.0,0,0.0,0.0,0.0,-3767000000.0,-3767000000.0,3767000000.0,0.0,0.0,26000000.0,0.0,0.0,194000000.0,0.0489775309,194000000.0,194000000.0,0.0489775309,-71000000.0,265000000.0,0.0669022974,1.06,1.06,248900000,250500000,https://www.sec.gov/Archives/edgar/data/874766/000094857202000082/0000948572-02-000082-index.htm,https://www.sec.gov/Archives/edgar/data/874766/000094857202000082/b10qsep30.txt,15.914021695460024,1.064684612294094,3.929288871032543,3.776617115307352,9.899558055443954,49.83527521092808,42.9168340699076,43.96544797107272,12.896745680996384,10204900000.0,13001900000.0,9.627264150943397,2.576344357485484,10.434458077709612,10.85627659574468,0.9325504888970118,0.9325504888970118,3.282479171926281,0.0,13.294376278118609,13.831808510638298,0.0259679173730266,0.092112612568472,0.2933382070730147,0.0182865346162391,0.0,0.0625798606181443,0.0,3.690566037735849,0.0062714970259385,0.2415094339622641,0.0,0.0,0.0098097858595525,0.0388548057259713,0.0095935369856096,1.4615384615384617,0.0,32.453197968257285,-0.0026929525938722,0.0015245919559076,-622.4005624748895,-151863000000.0,10682000000.0,-152997000000.0,-150141000000.0,7748500000.0,0.0,0.0,174.36505932845242,0.0,0.0,0.5161584571279646,0.0,0.0,0.0242163940418532,0.1526717557251908,2002-10-28,1.11,bmo,3818261261.0,2025-04-25,2002-09-30,0.0360360360360358,49.81203125,1572389.09375
2002-06-30,HIG,USD,874766,2002-08-12,2002-08-12 13:32:32,2002,Q2,3885000000.0,0.0,3885000000.0,1.0,0,0.0,0.0,0.0,-3685000000.0,-3685000000.0,3685000000.0,0.0,0.0,22000000.0,0.0,0.0,200000000.0,0.0514800515,0.0,200000000.0,0.0514800515,15000000.0,185000000.0,0.0476190476,0.75,0.74,247400000,250700000,https://www.sec.gov/Archives/edgar/data/874766/000094857202000060/0000948572-02-000060-index.htm,https://www.sec.gov/Archives/edgar/data/874766/000094857202000060/b10qaug02.txt,15.703314470493128,0.7477768795472919,2.93856103476152,2.700080840743735,9.333063864187553,39.02991107518189,32.05739692805174,39.02991107518189,10.428455941794663,14505062000.0,16766062000.0,19.601435135135137,3.733606692406693,19.951942228335625,21.714164670658683,1.5021812344656174,1.5021812344656174,4.315588674388675,0.0,23.06198349381017,25.09889520958084,0.0127541681655686,0.0460528882951344,0.2671913835956918,0.0143622972995541,0.0,0.0603037805923245,0.0,3.9297297297297296,0.0044122527707913,0.3459459459459459,0.0,0.0,0.0096026987758646,0.0811554332874828,0.0151866151866151,2.6818181818181817,0.0,25.62571881993119,-0.0016907947649338,0.0010398399208597,-654.0208164915117,-157884000000.0,7931000000.0,-159849000000.0,-156159000000.0,7771500000.0,0.0,0.0,181.22779922779924,0.0,0.0,0.4966125527291321,0.0,0.0,0.019159072079536,0.2384801940177849,2002-07-29,1.15,bmo,3851217391.0,2025-04-25,2002-06-30,0.008695652173913,65.6428125,921167.1875
2002-03-31,HIG,USD,874766,2002-05-15,2002-05-15 13:26:29,2002,Q1,3900000000.0,0.0,3900000000.0,1.0,0,0.0,0.0,0.0,-3532000000.0,-3532000000.0,3532000000.0,0.0,0.0,13000000.0,0.0,0.0,368000000.0,0.0943589744,368000000.0,368000000.0,0.0943589744,76000000.0,292000000.0,0.0748717949,1.19,1.17,246100000,249700000,https://www.sec.gov/Archives/edgar/data/874766/000094857202000043/0000948572-02-000043-index.htm,https://www.sec.gov/Archives/edgar/data/874766/000094857202000043/b10qmay02.txt,15.847216578626574,1.1865095489638358,1.5725314912637138,1.4465664364079642,10.024380333197888,36.728971962616825,29.7196261682243,36.728971962616825,10.483543275091426,16747105000.0,18976105000.0,14.338274828767124,4.294129487179487,43.27417312661499,47.0424297752809,1.852760814249364,1.852760814249364,4.865667948717949,0.0,49.03386304909561,53.30366573033708,0.0174358493602327,0.0212574053843933,0.2854298041818785,0.0139506967237491,0.0,0.0585685292612672,0.0,1.3253424657534247,0.0038215560241605,0.2191780821917808,0.0,0.0,0.0093275007164602,0.0801033591731266,0.0079487179487179,2.3846153846153846,0.0,31.3134748796516,-0.0024822544310791,0.0015937820666768,-681.1905729378301,-163746000000.0,7314000000.0,-165711000000.0,-162021000000.0,7657000000.0,0.0,0.0,178.15384615384613,0.0,0.0,0.5051813471502591,0.0,0.0,0.032304458457794,0.1259650548557497,2002-04-22,1.11,bmo,3689189189.0,2025-04-25,2002-03-31,0.0540540540540539,65.04733333333334,908971.6666666666
2001-12-31,HIG,USD,874766,2002-03-20,2002-03-20 00:00:00,2001,Q4,3856000000.0,0.0,3856000000.0,1.0,0,0.0,0.0,0.0,-3700000000.0,-3700000000.0,3692000000.0,0.0,0.0,34000000.0,0.0,0.0,156000000.0,0.0404564315,164000000.0,164000000.0,0.0425311203,12000000.0,144000000.0,0.0373443983,0.59,0.59,245312676,246100000,https://www.sec.gov/Archives/edgar/data/874766/000094857202000009/0000948572-02-000009-index.htm,https://www.sec.gov/Archives/edgar/data/874766/000094857202000009/b10kdec01.txt,15.71871483722268,0.5870059482780254,5.071079164290719,4.793881910937207,9.49808235755416,36.740865359929465,29.83539260726992,36.740865359929465,10.451967023505953,15412995433.08,17623995433.08,26.758672626875,3.997146118537344,12.3898677114791,13.10628863357143,1.7100849254499055,1.7100849254499055,4.570538234719917,0.0,14.167198901189712,14.986390674387756,0.009342765371288,0.0762992505321853,0.2844779762565184,0.0141471435350202,0.0,0.0581660463616915,0.0,8.63888888888889,0.0038279385896249,0.4097222222222222,0.0,0.0,0.0093468257208753,0.0546623794212218,0.0176348547717842,2.0,0.0,22.028615401361808,-0.0012569798641494,0.0008020318139286,-669.3478000297058,-160691000000.0,7319000000.0,-162301000000.0,-158997000000.0,7581000000.0,0.0,0.0,177.24585062240664,0.0,0.0,0.5077692915459573,0.0,0.0,0.015976922223455,0.277197253353512,2002-01-28,1.03,bmo,3743689320.0,2025-04-25,2001-12-31,0.029126213592233,58.1521875,984075.0
2001-09-30,HIG,USD,874766,2001-11-13,2001-11-13 00:00:00,2001,Q3,3722000000.0,0.0,3722000000.0,1.0,0,0.0,0.0,0.0,-4148000000.0,-4148000000.0,4148000000.0,0.0,0.0,34000000.0,0.0,0.0,-426000000.0,-0.1144545943,-426000000.0,-426000000.0,-0.1144545943,-323000000.0,-103000000.0,-0.0276732939,-0.43,-0.43,238000000,238000000,https://www.sec.gov/Archives/edgar/data/874766/000094857201500049/0000948572-01-500049-index.htm,https://www.sec.gov/Archives/edgar/data/874766/000094857201500049/b10q111401.txt,15.638655462184872,-0.4327731092436975,1.584033613445378,1.2983193277310925,9.655462184873947,36.83193277310925,29.76050420168067,36.83193277310925,10.5,13661200000.0,15835200000.0,-33.158252427184465,3.6703922622246106,36.23660477453581,44.21100323624596,1.5584302988820442,1.5584302988820442,4.254486835034927,0.0,42.00318302387268,51.24660194174757,-0.0075396012063361,0.0226188036190085,0.28507871321013,0.0146472698286169,0.0,0.0618244026544513,0.0,-3.6601941747572817,0.0043920007027201,-0.5825242718446602,0.0,0.0,0.0098644878437624,0.1803713527851458,0.0182697474476088,2.0,0.0,,0.0009756836890316,-0.0006097236116948,-646.5210084033613,-149715000000.0,7083000000.0,-151980000000.0,-148032000000.0,7298000000.0,0.0,0.0,182.9983879634605,0.0,0.0,0.4918076109936575,0.0,0.0,-0.0117499429614419,0.2857142857142857,2001-10-29,-0.22,bmo,3062000000.0,2025-04-25,2001-09-30,-0.0,63.35338983050848,981627.1186440678
2001-06-30,HIG,USD,874766,2001-08-13,2001-08-13 00:00:00,2001,Q2,3847000000.0,0.0,3847000000.0,1.0,0,0.0,0.0,0.0,-3563000000.0,-3563000000.0,3552000000.0,0.0,0.0,-11000000.0,0.0,0.0,284000000.0,0.0738237588,295000000.0,295000000.0,0.0766831297,58000000.0,226000000.0,0.0587470756,0.95,0.94,237300000,241300000,https://www.sec.gov/Archives/edgar/data/874766/000094857201500034/0000948572-01-500034-index.htm,https://www.sec.gov/Archives/edgar/data/874766/000094857201500034/b-10qjun.txt,16.211546565528867,0.9523809523809524,1.5844922039612306,1.4075010535187529,9.241466498103666,35.73114201432786,28.5630004214075,35.73114201432786,10.522545301306364,16231320000.000002,18404320000.0,17.955000000000002,4.2192149727060055,43.16840425531915,48.59676646706587,1.9142964972284464,1.9142964972284464,4.784070704445022,0.0,48.94765957446808,55.10275449101796,0.0139236981342244,0.0205775007824379,0.2944922750324331,0.0140338453410668,0.0,0.0551544695995454,0.0,1.663716814159292,0.0036349477430054,0.2610619469026549,0.0,0.0,0.0095601004906506,0.1117021276595744,0.0109175981284117,-3.8181818181818175,0.0,27.67069440542565,-0.001976033532797,0.0012824441342367,-682.6127265065318,-157964000000.0,6778000000.0,-160227000000.0,-156263000000.0,6865500000.0,0.0,0.0,164.41902781388094,0.0,0.0,0.5473819009675583,0.0,0.0,0.0266540865668121,0.1769911504424778,2001-07-30,1.08,bmo,3136954128.0,2025-04-25,2001-06-30,0.0092592592592592,64.28492063492064,1013076.1904761904
2001-03-31,HIG,USD,874766,2001-05-14,2001-05-14 00:00:00,2001,Q1,3722000000.0,0.0,3722000000.0,1.0,0,0.0,0.0,0.0,-3424000000.0,-3424000000.0,3401000000.0,0.0,0.0,15000000.0,0.0,0.0,298000000.0,0.0800644815,321000000.0,321000000.0,0.0862439549,58000000.0,240000000.0,0.0644814616,1.04,1.02,231500000,235500000,https://www.sec.gov/Archives/edgar/data/874766/000094857201500012/0000948572-01-500012-index.htm,https://www.sec.gov/Archives/edgar/data/874766/000094857201500012/exh10_1.txt,16.077753779697623,1.0367170626349893,1.3218142548596112,1.187904967602592,8.522678185745141,36.48380129589633,36.48380129589633,36.48380129589633,10.786177105831534,13658500000.0,15878500000.0,14.227604166666666,3.6696668457818378,44.63562091503268,49.66727272727272,1.6171560502012787,1.6171560502012787,4.266120365394949,0.0,51.89052287581699,57.74,0.0175714756378811,0.0201339825017388,0.2956429078853895,0.0150870663299215,0.0,0.0560475978216632,0.0,1.275,0.0041732254639967,0.2375,0.0,0.0,0.0,0.1013071895424836,0.0083288554540569,2.066666666666667,0.0,29.172350514620963,-0.0022880307678743,0.0014500984858554,-648.2062634989201,-146121000000.0,8446000000.0,-148384000000.0,-146121000000.0,6788500000.0,0.0,0.0,162.08221386351426,0.0,0.0,0.5552737580187975,0.0,0.0,0.0284158181387639,0.1339092872570194,2001-04-26,1.06,bmo,3686886792.0,2025-04-25,2001-03-31,0.0094339622641509,62.525000000000006,1550706.4516129033
2000-12-31,HIG,USD,874766,2001-03-23,2001-03-23 00:00:00,2000,Q4,3899000000.0,0.0,3899000000.0,1.0,0,0.0,0.0,0.0,-3402000000.0,-3402000000.0,3402000000.0,0.0,0.0,17000000.0,0.0,0.0,497000000.0,0.1274685817,0.0,497000000.0,0.1274685817,224000000.0,273000000.0,0.0700179533,1.18,1.18,225700000,231500000,https://www.sec.gov/Archives/edgar/data/874766/000094857201000009/0000948572-01-000009-index.htm,https://www.sec.gov/Archives/edgar/data/874766/000094857201000009/0000948572-01-000009-0001.txt,17.275143996455473,1.2095702259636685,3.3673017279574657,3.212228622064688,7.70048737261852,33.070447496677005,27.744793974302173,33.070447496677005,9.291094373061586,15941190999.999998,17811191000.0,14.598160256410257,4.088533213644523,20.97525131578947,21.98784965517241,2.1357437031082527,2.1357437031082527,4.568143370094896,0.0,23.435777631578947,24.56716,0.0171254456458115,0.0454796633451038,0.2809485530546624,0.012225124175081,0.0,0.0530929805309298,0.0,2.783882783882784,0.0033874507870836,0.1978021978021978,0.0,0.0,0.00700743884523,0.0460526315789473,0.0089766606822262,2.0588235294117645,0.0,30.000385741748268,-0.002347377472055,0.0016027710914107,-696.3867966326983,-153594000000.0,6262000000.0,-155456000000.0,-152392000000.0,6830000000.0,0.0,0.0,158.67145421903052,0.0,0.0,0.5672097759674134,0.0,0.0,0.0365755627009646,0.155073105892778,2001-01-25,1.08,bmo,3862898148.0,2025-04-25,2000-12-31,0.0092592592592592,72.59555555555555,928698.4126984128
2000-09-30,HIG,USD,874766,2000-11-13,2000-11-13 00:00:00,2000,Q3,3791000000.0,0.0,3791000000.0,1.0,0,0.0,0.0,0.0,-3472000000.0,-3472000000.0,3472000000.0,0.0,0.0,19000000.0,0.0,0.0,319000000.0,0.0841466631,0.0,319000000.0,0.0841466631,69000000.0,250000000.0,0.0659456608,1.11,1.09,224400000,229300000,https://www.sec.gov/Archives/edgar/data/874766/000094857200000054/0000948572-00-000054-index.htm,https://www.sec.gov/Archives/edgar/data/874766/000094857200000054/0000948572-00-000054-0001.txt,16.893939393939394,1.1140819964349375,3.088235294117647,2.981283422459893,7.352941176470588,30.05347593582888,30.05347593582888,30.05347593582888,11.105169340463458,16367736000.0,18624736000.0,16.367736,4.31752466367713,23.618666666666662,24.465973094170405,2.4270071174377223,2.4270071174377223,4.912882089158534,0.0,26.875520923520924,27.83966517189836,0.0152739511438845,0.040873093261035,0.3695136417556346,0.0140595556458255,0.0,0.0500831156494894,0.0,2.772,0.0031158860333524,0.204,0.0,0.0,0.0,0.0346320346320346,0.00633078343445,1.263157894736842,0.0,27.447145946053222,-0.0020278381622919,0.0014104690655924,-729.7794117647059,-160004000000.0,6744000000.0,-162066000000.0,-160004000000.0,6688000000.0,0.0,0.0,161.1026114481667,0.0,0.0,0.558650162098438,0.0,0.0,0.0370699881376037,0.106951871657754,2000-10-30,1.05,bmo,3043037383.0,2025-04-25,2000-09-30,0.019047619047619,64.69857142857143,862866.6666666666
2000-06-30,HIG,USD,874766,2000-08-11,2000-08-11 00:00:00,2000,Q2,3514000000.0,0.0,3514000000.0,1.0,0,0.0,0.0,0.0,-3282000000.0,-3282000000.0,3256000000.0,0.0,0.0,7000000.0,0.0,0.0,232000000.0,0.0660216278,26000000.0,258000000.0,0.0734206033,19000000.0,213000000.0,0.0606146841,0.98,0.97,216500000,219900000,https://www.sec.gov/Archives/edgar/data/874766/000094857200000046/0000948572-00-000046-index.htm,https://www.sec.gov/Archives/edgar/data/874766/000094857200000046/0000948572-00-000046-0001.txt,16.23094688221709,0.9838337182448036,2.6697459584295613,2.5727482678983837,7.0577367205542725,29.04387990762125,29.04387990762125,29.04387990762125,11.51039260969977,12111010000.0,14391010000.0,14.214800469483569,3.446502561183836,20.953304498269897,21.74328545780969,1.9260512086513992,1.9260512086513992,4.095335799658509,0.0,24.89794117647059,25.83664272890485,0.0175873027930783,0.0459912096513833,0.3963104325699745,0.0144963788138797,0.0,0.0496343759935435,0.0,2.7136150234741785,0.0042936138274181,0.244131455399061,0.0,0.0,0.0,0.0363321799307958,0.0059760956175298,3.0,0.0,25.3559231372048,-0.0014099518371559,0.0012390564556004,-735.0877598152425,-155438000000.0,6288000000.0,-157499000000.0,-155438000000.0,6623000000.0,0.0,0.0,168.78201479795104,0.0,0.0,0.5332321699544765,0.0,0.0,0.0338740458015267,0.0969976905311778,2000-07-24,1.02,bmo,3067360824.0,2025-04-25,2000-06-30,-0.0490196078431372,53.40587301587302,1016187.3015873017
2000-03-31,HIG,USD,874766,2000-05-15,2000-05-15 00:00:00,2000,Q1,3499000000.0,0.0,3499000000.0,1.0,0,0.0,0.0,0.0,-3183000000.0,-3183000000.0,3155000000.0,0.0,0.0,20000000.0,0.0,0.0,316000000.0,0.0903115176,0.0,344000000.0,0.0983138039,78000000.0,238000000.0,0.0680194341,1.1,1.1,215800000,217300000,https://www.sec.gov/Archives/edgar/data/874766/000094857200000034/0000948572-00-000034-index.html,https://www.sec.gov/Archives/edgar/data/874766/000094857200000034/,16.214087117701574,1.102873030583874,1.4782205746061168,1.3160333642261353,5.41241890639481,28.415199258572752,28.415199258572752,26.29749768303985,7.31696014828545,11383450000.0,12746450000.0,11.957405462184877,3.2533438125178624,35.68479623824452,40.08257042253521,2.005894273127754,2.005894273127754,3.642883681051729,0.0,39.95752351097179,44.8818661971831,0.0209075456034857,0.0249484997957561,0.278237885462555,0.0091588795888654,0.0,0.0473670827834215,0.0,1.3403361344537814,0.0046558820041375,0.2226890756302521,0.0,0.0,0.0,0.109717868338558,0.0100028579594169,1.75,0.0,25.545313107212007,-0.0020007110169351,0.0013805024332805,-741.93234476367,-157354000000.0,6132000000.0,-158445000000.0,-157354000000.0,6600000000.0,0.0,0.0,171.203200914547,0.0,0.0,0.5256911057692307,0.0,0.0,0.0419383259911894,0.1621872103799814,2000-04-24,0.97,bmo,2493781818.0,2025-04-25,2000-03-31,0.1340206185567011,37.6815873015873,1037609.5238095238
1999-12-31,HIG,USD,874766,2000-03-24,2000-03-24 00:00:00,1999,Q4,3436000000.0,0.0,3436000000.0,1.0,0,0.0,0.0,0.0,-3128000000.0,-3128000000.0,-3128000000.0,0.0,0.0,10000000.0,0.0,0.0,308000000.0,0.0896391153,927000000.0,1235000000.0,0.3594295693,85000000.0,223000000.0,0.0649010477,1.03,1.03,215800000,215800000,https://www.sec.gov/Archives/edgar/data/874766/000094857200000014/0000948572-00-000014-index.html,https://www.sec.gov/Archives/edgar/data/874766/000094857200000014/,15.922150139017608,1.0333642261353104,2.11306765523633,1.9230769230769231,4.355885078776645,27.31696014828545,27.31696014828545,25.32900834105653,7.31696014828545,10224604000.0,11621604000.0,11.462560538116591,2.9757287543655413,22.422377192982456,24.6376,1.8705825100622029,1.8705825100622029,3.382306169965076,0.0,25.485973684210528,28.003865060240965,0.0218101356297026,0.0405883689969802,0.2888766922795462,0.0094522032193761,0.0,0.0467641857820379,0.0,2.0448430493273544,0.254092970250975,11.650224215246636,0.0,0.0,0.0,0.0899122807017543,0.0119324796274738,4.1,0.0,24.26761318754773,-0.0024387270684693,0.0013349216706275,-719.6848934198332,-152553000000.0,5895000000.0,-153672000000.0,-152553000000.0,4337500000.0,0.0,0.0,171.40861466821886,0.0,0.0,0.5250611246943765,0.0,0.0,0.0407976582510062,0.1899907321594068,2000-01-31,1.0,bmo,3470360000.0,2025-04-25,1999-12-31,-0.01,45.20375,950251.5625
1999-09-30,HIG,USD,874766,1999-11-12,1999-11-12 00:00:00,1999,Q3,3444000000.0,0.0,3444000000.0,1.0,0,0.0,0.0,0.0,-3213000000.0,-3213000000.0,-3213000000.0,0.0,0.0,12000000.0,0.0,0.0,231000000.0,0.0670731707,0.0,863000000.0,0.2505807201,45000000.0,186000000.0,0.0540069686,0.83,0.82,224096386,226829268,https://www.sec.gov/Archives/edgar/data/874766/000094857299000061/0000948572-99-000061-index.html,https://www.sec.gov/Archives/edgar/data/874766/000094857299000061/,15.368387065376414,0.829999998304301,1.468118276570511,1.3208602123552318,0.0,33.271397781488545,33.271397781488545,25.761236506509302,7.0460752544219964,9161060259.68,10740060259.68,12.313253037204303,2.660005882601626,27.84516796255319,30.949527904324324,1.5868803498492985,1.5868803498492985,3.118484395958188,0.0,32.64456005981763,36.28398736378379,0.0203033267686962,0.0323106705566348,0.2735146371037589,0.0102830944364486,0.0,0.0154959242846982,0.0,1.7688172043010753,0.2948348688292928,14.521505376344086,0.0,0.0,0.0,0.1003039513677811,0.009581881533101,2.75,0.0,21.933788792093967,-0.0015212061611594,0.0012113081476753,-644.8062486826539,-143966000000.0,7456000000.0,-143831000000.0,-143966000000.0,2094500000.0,0.0,0.0,55.68815331010453,0.0,0.0,1.616142656030033,0.0,0.0,0.0322189502858132,0.1472580642152792,1999-10-25,0.8,bmo,3357900000.0,2025-04-25,1999-09-30,0.0249999999999998,51.8821875,566981.25
1999-06-30,HIG,USD,874766,1999-08-13,1999-08-13 00:00:00,1999,Q2,3349000000.0,0.0,3349000000.0,1.0,0,0.0,0.0,0.0,-3063000000.0,-3063000000.0,-3063000000.0,0.0,0.0,21000000.0,0.0,0.0,286000000.0,0.0853986265,0.0,947000000.0,0.2827709764,71000000.0,215000000.0,0.0641982681,0.95,0.93,226315789,231182796,https://www.sec.gov/Archives/edgar/data/874766/000094857299000051/0000948572-99-000051-index.html,https://www.sec.gov/Archives/edgar/data/874766/000094857299000051/,14.79790700771655,0.950000001988372,0.9897674439320714,0.8483720947989183,0.0,33.934883791956736,33.934883791956736,26.498372148484965,6.9769767587890215,13196473656.59,14775473656.59,15.344736809988373,3.940422113045685,58.9128288240625,68.73163362807291,2.200512532364516,2.200512532364516,4.411906138127799,0.0,65.96193596691964,76.95559196140626,0.0162922312122855,0.0145493413616689,0.2632983158245789,0.0100405053954204,0.0,0.0150883661283212,0.0,1.041860465116279,0.0038646687991933,0.2372093023255814,0.0,0.0,0.0,0.1428571428571428,0.0095550910719617,1.5238095238095235,0.0,23.79921649675384,-0.0017944864622622,0.0013671365801237,-654.1280246249191,-147459000000.0,7680000000.0,-147324000000.0,-147459000000.0,3388000000.0,0.0,0.0,55.30606151089877,0.0,0.0,1.6273080660835764,0.0,0.0,0.0358512589628147,0.141395349133153,1999-07-26,0.93,bmo,3385010752.0,2025-04-25,1999-06-30,-0.010752688172043,60.56285714285714,489590.4761904762
1999-03-31,HIG,USD,874766,1999-05-17,1999-05-17 00:00:00,1999,Q1,3299000000.0,0.0,3299000000.0,1.0,0,0.0,0.0,0.0,-2975000000.0,-2975000000.0,-2975000000.0,0.0,0.0,15000000.0,0.0,0.0,324000000.0,0.0982115793,0.0,1018000000.0,0.3085783571,86000000.0,238000000.0,0.0721430737,1.05,1.04,226666667,228846154,https://www.sec.gov/Archives/edgar/data/874766/000094857299000034/0000948572-99-000034-index.html,https://www.sec.gov/Archives/edgar/data/874766/,14.554411743302335,1.0499999984558823,-0.5205882345285467,-0.5823529403200692,0.0,35.46617641843209,35.46617641843209,27.926470547166957,6.966176460343858,12876933352.27,14455933352.27,13.526190496081934,3.9032838291209457,-109.1265538327966,-97.55252539598486,2.034270671764613,2.034270671764613,4.381913716965747,0.0,-122.507909765,-109.51464660810606,0.018482661476076,-0.0102508878774875,0.2494470774091627,0.0104597244303126,0.0,0.0337289106945667,0.0,-0.4957983193277311,0.0041158867992942,0.2226890756302521,0.0,0.0,0.0,-0.1186440677966101,0.0042437102152167,0.9333333333333332,0.0,25.68584952277381,-0.0021459843276796,0.0015765765765765,-614.9227932133489,-138256000000.0,8039000000.0,-138095000000.0,-138256000000.0,5764500000.0,0.0,0.0,128.7117308275235,0.0,0.0,0.6992369648155998,0.0,0.0,0.0375987361769352,0.0617647057915224,1999-04-26,0.92,bmo,2496458333.0,2025-04-25,1999-03-31,0.0434782608695651,53.52803278688525,652454.0983606557
1998-12-31,HIG,USD,874766,1999-03-26,1999-03-26 00:00:00,1998,Q4,4161000000.0,0.0,4161000000.0,1.0,0,0.0,0.0,0.0,-3745000000.0,-3745000000.0,-3745000000.0,0.0,0.0,25000000.0,0.0,0.0,416000000.0,0.0999759673,1059000000.0,1475000000.0,0.3544820957,115000000.0,301000000.0,0.0723383802,1.33,1.33,226594737,226666667,https://www.sec.gov/Archives/edgar/data/874766/000094857299000004/0000948572-99-000004-index.html,https://www.sec.gov/Archives/edgar/data/874766/,18.363180253387792,1.3283627147968575,0.5472324805143202,2.0432954715978244,30.053654776633227,30.3978816595374,30.3978816595374,28.34575985760869,6.968387796226706,12435519166.56,13891519166.56,10.328504291162792,2.9885890811247298,100.2864448916129,26.858572713952487,1.9360920390098084,1.9360920390098084,3.338504966729152,0.0,112.02838037548388,30.00328113727862,0.0242048599634995,0.0372320603425259,0.2458352794644247,0.0104825003983217,0.0,0.0486047343001941,0.0,0.4119601328903654,0.0041011556748786,0.1694352159468438,0.0,0.0,0.0,2.7338709677419355,0.0814708002883922,13.56,0.0,29.10674555222964,-0.0038627388160496,0.0019982473843539,-581.7688078077471,-135727000000.0,6888000000.0,-136810000000.0,-135727000000.0,4516500000.0,0.0,0.0,147.3179524152848,0.0,0.0,0.6109235060930848,0.0,0.0,0.0468628366806788,1.4960629910835044,1999-01-25,0.94,bmo,4028202127.0,2025-04-25,1998-12-31,0.0319148936170213,52.00796875,573298.4375
1998-09-30,HIG,USD,874766,1998-11-16,1998-11-16 00:00:00,1998,Q3,3640000000.0,0.0,3640000000.0,1.0,0,0.0,0.0,0.0,-3346000000.0,-3346000000.0,-3346000000.0,0.0,0.0,21000000.0,0.0,0.0,294000000.0,0.0807692308,0.0,1000000000.0,0.2747252747,80000000.0,214000000.0,0.0587912088,0.92,0.91,232608696,235164835,https://www.sec.gov/Archives/edgar/data/874766/000094857298000051/0000948572-98-000051-index.html,https://www.sec.gov/Archives/edgar/data/874766/,15.648598107441348,0.919999998624299,2.0635513987834746,1.225233643027688,0.0,29.47009341387649,29.47009341387649,27.45813080006261,12.738130822073822,11034956538.24,13997956538.24,12.891304367102803,3.0315814665494503,22.989492788,38.71914574821052,1.7277213931798965,1.7277213931798965,3.845592455560439,0.0,29.162409454666665,49.1156369762807,0.0193929173403098,0.0258270160840575,0.4639110693596368,0.0210046503714626,0.0,0.0176958594541837,0.0,2.2429906542056077,0.0044404343442765,0.2289719626168224,0.0,0.0,0.0,0.40625,0.0535714285714285,9.285714285714286,0.0,23.840790815561824,-0.0020709456614117,0.001517041910055,-569.8088776526222,-130838000000.0,6855000000.0,-131852000000.0,-130838000000.0,2218500000.0,0.0,0.0,54.93956043956044,0.0,0.0,1.638163816381638,0.0,0.0,0.0335055581650227,0.8383177557557865,1998-10-26,0.86,bmo,3428372093.0,2025-04-25,1998-09-30,0.0581395348837209,52.01390625,530037.5
1998-06-30,HIG,USD,874766,1998-08-14,1998-08-14 00:00:00,1998,Q2,3493000000.0,0.0,3493000000.0,1.0,0,0.0,0.0,0.0,-3170000000.0,-3170000000.0,-3170000000.0,0.0,0.0,21000000.0,0.0,0.0,323000000.0,0.0924706556,0.0,1086000000.0,0.3109075293,87000000.0,236000000.0,0.0675636988,1.0,0.99,236000000,238383838,https://www.sec.gov/Archives/edgar/data/874766/000094857298000036/0000948572-98-000036-index.html,https://www.sec.gov/Archives/edgar/data/874766/,14.80084745762712,1.0,0.538135593220339,-0.3686440677966102,0.0,29.13983050847457,29.13983050847457,27.27542372881356,7.258474576271187,13496840000.0,15209840000.0,14.2975,3.863967935871744,106.2743307086614,-155.136091954023,2.0967593599502874,2.0967593599502874,4.354377326080733,0.0,119.76251968503936,-174.8257471264368,0.017485574401119,-0.0064459532749888,0.2661177567189685,0.0118180312939812,0.0,0.0172080362550992,0.0,0.538135593220339,0.0037045708476947,0.211864406779661,0.0,0.0,0.0,1.68503937007874,0.0612653879186945,10.19047619047619,0.0,24.77290927400949,-0.0022100885851849,0.0016281701023815,-578.0074152542373,-134671000000.0,6877000000.0,-135713000000.0,-134671000000.0,2191000000.0,0.0,0.0,57.07128542799885,0.0,0.0,1.5769751693002256,0.0,0.0,0.0366630417896535,0.9067796610169492,1998-07-27,0.77,bmo,3447636363.0,2025-04-25,1998-06-30,0.0129870129870129,55.04301587301588,591492.0634920635
1998-03-31,HIG,USD,874766,1998-05-15,1998-05-15 00:00:00,1998,Q1,3728000000.0,0.0,3728000000.0,1.0,0,0.0,0.0,0.0,-3358000000.0,-3358000000.0,-3358000000.0,0.0,0.0,36000000.0,0.0,0.0,370000000.0,0.099248927,0.0,1150000000.0,0.3084763948,106000000.0,264000000.0,0.0708154506,1.12,1.11,235714286,237837838,https://www.sec.gov/Archives/edgar/data/874766/000094857298000021/0000948572-98-000021-index.html,https://www.sec.gov/Archives/edgar/data/874766/,15.81575755658696,1.1199999986424245,0.7466666657616161,0.5854545447449035,0.0,28.64484845012745,28.64484845012745,26.90121208860459,11.721818167609918,12787500015.5,15550500015.5,12.10937501467803,3.430123394715665,72.65625008806819,92.6630435905797,2.0166377567418388,2.0166377567418388,4.171271463385193,0.0,88.35511372443182,112.68478272101449,0.0206451612652981,0.010791788843224,0.4357356883772276,0.0195387911831469,0.0,0.0167904302781687,0.0,0.6666666666666666,0.0036754643161705,0.178030303030303,0.0,0.0,0.0,0.2159090909090909,0.0101931330472103,1.0555555555555556,0.0,26.036715303799863,-0.0025628368749154,0.0018668986146763,-564.3856053765023,-131345000000.0,6752000000.0,-132416000000.0,-131345000000.0,7439500000.0,0.0,0.0,52.31491416309013,0.0,0.0,1.7203507152745732,0.0,0.0,0.0416338117016243,0.1612121210167126,1998-04-27,0.84,bmo,3728000000.0,2025-04-25,1998-03-31,0.0,48.28442622950819,696124.5901639344
1997-12-31,HIG,USD,874766,1998-03-27,1998-03-27 00:00:00,1997,Q4,3371000000.0,0.0,3371000000.0,1.0,0,0.0,0.0,0.0,-3046000000.0,-3046000000.0,-3046000000.0,0.0,0.0,26000000.0,0.0,0.0,325000000.0,0.0964105607,1378000000.0,1703000000.0,0.5051913379,70000000.0,255000000.0,0.0756452091,1.08,1.08,235714286,235714286,https://www.sec.gov/Archives/edgar/data/874766/000094857298000007/0000948572-98-000007-index.html,https://www.sec.gov/Archives/edgar/data/874766/,14.30121210387732,1.0818181805068872,3.207272723385124,3.007878784232874,16.541212101162166,27.49939390606134,27.49939390606134,25.815151483860426,7.521818172700827,11026714299.08,12659714299.08,10.810504214784311,3.271051408804509,14.585600924708997,15.552488433117066,1.8121141000953165,1.8121141000953165,3.7554773951587066,0.0,16.745653834761903,17.855732438758814,0.0231256558466628,0.0642983921383684,0.2913722267871816,0.0134580205399907,0.0,0.1034982605334364,0.0,2.9647058823529413,0.00435306462996,0.188235294117647,0.0,0.0,0.0,0.0621693121693121,0.0139424503114802,1.807692307692308,0.0,25.06719479070285,-0.0042080696396614,0.0019355867104893,-474.4218176067614,-111324000000.0,6482000000.0,-112409000000.0,-111324000000.0,6356000000.0,0.0,0.0,339.38890536932666,0.0,0.0,0.2651825047199496,0.0,0.0,0.0419063270336894,0.1993939391522497,1998-01-27,0.85,bmo,3331341176.0,2025-04-25,1997-12-31,0.0117647058823529,42.6675,643059.375
1997-09-30,HIG,USD,874766,1997-11-14,1997-11-14 00:00:00,1997,Q3,3306000000.0,0.0,3306000000.0,1.0,0,0.0,0.0,0.0,-2877000000.0,-2877000000.0,-2877000000.0,0.0,0.0,21000000.0,0.0,0.0,429000000.0,0.1297640653,0.0,1250000000.0,0.3781004235,130000000.0,299000000.0,0.0904416213,1.27,1.25,235433071,239200000,https://www.sec.gov/Archives/edgar/data/874766/000094857297000055/0000948572-97-000055-index.html,https://www.sec.gov/Archives/edgar/data/874766/,14.042207349875667,1.2699999992779265,1.898628761462318,1.7542140458253632,0.0,26.25374580447112,26.25374580447112,24.669431424100992,7.471337788394223,10130685045.13,11889685045.13,8.470472445760869,3.0643330445039325,22.66372493317673,24.52950374123487,1.7442639540513083,1.7442639540513083,3.5963959604143985,0.0,26.59884797568233,28.78858364438257,0.0295142923373908,0.0407672332285699,0.3028581267217631,0.0138688490984065,0.0,0.0014914618001441,0.0,1.4949832775919731,0.0046393703674159,0.157190635451505,0.0,0.0,0.0,0.076062639821029,0.0102843315184513,1.619047619047619,0.0,26.550499101577923,-0.0032277849621282,0.0023574678114971,-512.4598659293706,-119168000000.0,6181000000.0,-120472000000.0,-119168000000.0,0.0,0.0,0.0,0.0,0.0,0.0,0.0,0.0,0.0,0.0514807162534435,0.1444147156369548,1997-10-28,0.77,bmo,3263064935.0,2025-04-25,1997-09-30,0.0129870129870129,42.38734375,643265.625
1997-06-30,HIG,USD,874766,1997-08-14,1997-08-14 00:00:00,1997,Q2,3510000000.0,0.0,3510000000.0,1.0,0,0.0,0.0,0.0,-2872000000.0,-2872000000.0,-2872000000.0,0.0,0.0,17000000.0,0.0,0.0,638000000.0,0.1817663818,0.0,1680000000.0,0.4786324786,64000000.0,574000000.0,0.1635327635,2.43,2.41,236213992,238174274,https://www.sec.gov/Archives/edgar/data/874766/000094857297000041/0000948572-97-000041-index.html,https://www.sec.gov/Archives/edgar/data/874766/,14.859407651008244,2.429999997629268,1.295435538805847,1.231933796707521,0.0,24.0502264573726,24.0502264573726,22.678588828048763,7.493205567602447,9774534988.96,11544534988.96,4.257201650243903,2.784767803122508,31.94292480052287,33.589467316013746,1.8246285213664368,1.8246285213664368,3.289041307396012,0.0,37.72723852601308,39.67194154281787,0.0587240212090204,0.0297712372331445,0.330408810901624,0.0146139683116325,0.0,0.0011834008310103,0.0,0.5331010452961672,0.0048084128864528,0.0818815331010452,0.0,0.0,0.0,0.0490196078431372,0.0042735042735042,0.8823529411764706,0.0,35.21294993271449,-0.0053901474515413,0.0047392191021904,-488.6924733908226,-113943000000.0,5681000000.0,-115301000000.0,-113943000000.0,0.0,0.0,0.0,0.0,0.0,0.0,0.0,0.0,0.0,0.1071495239873063,0.0635017420983258,1997-08-04,0.76,bmo,3463815789.0,2025-04-25,1997-06-30,0.0131578947368421,38.20078125,629137.5
1997-03-31,HIG,USD,874766,1997-05-15,1997-05-15 00:00:00,1997,Q1,3118000000.0,0.0,3118000000.0,1.0,0,0.0,0.0,0.0,-2844000000.0,-2844000000.0,-2844000000.0,0.0,0.0,21000000.0,0.0,0.0,274000000.0,0.0878768441,0.0,940000000.0,0.3014753047,70000000.0,204000000.0,0.0654265555,0.87,0.86,234482759,237209302,https://www.sec.gov/Archives/edgar/data/874766/000094857297000026/0000948572-97-000026-index.html,https://www.sec.gov/Archives/edgar/data/874766/,13.297352919666046,0.8699999985926471,2.2858823492434257,2.230441172862521,0.0,18.683676440364643,18.683676440364643,18.683676440364643,9.220294102731875,8455448289.540001,10617448289.54,10.362068982279412,2.711817924804362,15.775090092425373,16.1672051425239,1.930027000579776,1.930027000579776,3.4052111255740862,0.0,19.808672181977613,20.301048354761,0.0241264558677938,0.0618536098963538,0.4934946359278703,0.0193863094277362,0.0,0.0013758139447224,0.0,2.627450980392157,0.0056768131453632,0.2352941176470588,0.0,0.0,0.0,0.0242537313432835,0.0041693393200769,0.6190476190476191,0.0,19.124146143776223,-0.0024189757781759,0.0018292354871684,-456.9248522020333,-105973000000.0,4381000000.0,-106995000000.0,-105973000000.0,6513000000.0,0.0,0.0,0.0,0.0,0.0,0.0,0.0,0.0,0.0465647112531385,0.0554411763809039,1997-04-24,0.73,bmo,2989863013.0,2025-04-25,1997-03-31,0.0410958904109589,36.85,773288.524590164
1996-12-31,HIG,USD,874766,1997-03-28,1997-03-28 00:00:00,1996,Q4,3333000000.0,0.0,3333000000.0,1.0,0,0.0,0.0,0.0,-3079000000.0,-3079000000.0,-3079000000.0,0.0,0.0,33000000.0,0.0,0.0,254000000.0,0.0762076208,-318000000.0,-318000000.0,-0.095409541,49000000.0,205000000.0,0.0615061506,0.87,0.87,234482759,234482759,https://www.sec.gov/Archives/edgar/data/874766/000094857297000016/0000948572-97-000016-index.html,https://www.sec.gov/Archives/edgar/data/874766/,14.21426468288869,0.8742647044681012,1.893529408701644,1.765588232438019,16.849852913919356,19.276470557052768,19.276470557052768,19.276470557052768,6.533529401195762,7913793116.25,9333793116.25,9.650967214939024,2.374375372412241,17.82385836993243,19.11544230978261,1.750839185011062,1.750839185011062,2.800417976672667,0.0,21.02205656813063,22.545394000603864,0.0259041393916474,0.0523137254055709,0.3389380530973451,0.0140757074604924,0.0,0.1271977383626365,0.0,2.165853658536585,0.0058126361561745,0.224390243902439,0.0,0.0,0.0,0.0675675675675675,0.009000900090009,0.9090909090909092,0.0,19.472714276183236,-0.0052033932970014,0.0018834987137081,-386.3802199632085,-90150000000.0,4520000000.0,-91182000000.0,-90150000000.0,6513000000.0,0.0,0.0,351.7371737173717,0.0,0.0,0.2558728696453247,0.0,0.0,0.0453539823008849,0.1279411762636245,1997-02-03,0.76,bmo,3026013157.0,2025-04-25,1996-12-31,0.0921052631578946,32.3559375,599828.125
1996-09-30,HIG,USD,874766,1996-11-07,1996-11-07 00:00:00,1996,Q3,2836000000.0,0.0,2836000000.0,1.0,0,0.0,0.0,0.0,-3701000000.0,-3701000000.0,-3701000000.0,0.0,0.0,9000000.0,0.0,0.0,-865000000.0,-0.3050070522,0.0,-417000000.0,-0.1470380818,-322000000.0,-543000000.0,-0.1914668547,-2.32,-2.32,234051724,234051724,https://www.sec.gov/Archives/edgar/data/874766/000094857296000056/0000948572-96-000056-index.html,https://www.sec.gov/Archives/edgar/data/874766/,12.116979749313874,-2.320000001367219,0.8331491717617086,0.7861510133546378,0.0,17.380773490905796,17.380773490905796,17.380773490905796,6.507108659451703,6904525858.0,8427525858.0,-3.178879308471455,2.434600090973201,35.40782491282051,37.52459705434783,1.6972777428711898,1.6972777428711898,2.971624068406206,0.0,43.21808132307692,45.801770967391306,-0.0786440678429565,0.0266491868933775,0.3743854473942969,0.0146412743580623,0.0,0.0016173051652683,0.0,-0.3591160220994475,0.0068071292608083,-0.0865561694290976,0.0,0.0,0.0,0.0564102564102564,0.0038787023977433,1.2222222222222223,0.0,,0.0020053154586333,-0.0052200997875428,-427.05517520563103,-98770000000.0,4068000000.0,-99793000000.0,-98770000000.0,0.0,0.0,0.0,0.0,0.0,0.0,0.0,0.0,0.0,-0.133480825958702,0.0469981584070707,1996-10-18,0.57,amc,,2025-04-25,1996-09-30,0.1228070175438597,27.05125,491759.375
1996-06-30,HIG,USD,874766,1996-08-14,1996-08-14 00:00:00,1996,Q2,3026000000.0,0.0,3026000000.0,1.0,0,0.0,0.0,0.0,-2847000000.0,-2847000000.0,-2847000000.0,0.0,0.0,16000000.0,0.0,0.0,179000000.0,0.0591539987,0.0,802000000.0,0.2650363516,36000000.0,143000000.0,0.0472571051,0.61,0.61,234426230,234426230,https://www.sec.gov/Archives/edgar/data/874766/000094857296000043/0000948572-96-000043-index.html,https://www.sec.gov/Archives/edgar/data/874766/,12.908111861031934,0.6099999987202798,-0.8232867115595384,-0.8915384596681011,0.0,18.709510450259767,18.709510450259767,18.709510450259767,6.488181804570248,6402180341.299999,7923180341.299999,11.192622974300695,2.115723840482485,-33.17191886683938,-30.63244182440191,1.4596854403328774,1.4596854403328774,2.6183675946133507,0.0,-41.05274788238341,-37.9099537861244,0.0223361405609769,-0.032645128512197,0.3467852257181942,0.015177520106971,0.0,0.0016454481209193,0.0,-1.3496503496503496,0.0073233247894544,0.3278688531468531,0.0,0.0,0.0,-0.082901554404145,0.0052875082617316,1.0,0.0,16.02460702766527,-0.0018158605567842,0.0014269463348434,-408.7767823592096,-94651000000.0,4386000000.0,-95672000000.0,-94651000000.0,0.0,0.0,0.0,0.0,0.0,0.0,0.0,0.0,0.0,0.0326037391700866,0.0682517481085627,1996-08-05,0.53,amc,,2025-04-25,1996-06-30,0.0188679245283019,24.976190476190474,772765.0793650794
1996-03-31,HIG,USD,874766,1996-05-15,1996-05-15 00:00:00,1996,Q1,3278000000.0,0.0,3278000000.0,1.0,0,0.0,0.0,0.0,-3164000000.0,-3164000000.0,-3164000000.0,0.0,0.0,23000000.0,0.0,0.0,114000000.0,0.0347773032,0.0,736000000.0,0.2245271507,18000000.0,96000000.0,0.0292861501,0.41,0.41,234146341,234146341,https://www.sec.gov/Archives/edgar/data/874766/000094857296000039/0000948572-96-000039-index.html,https://www.sec.gov/Archives/edgar/data/874766/,13.999791694374588,0.4100000008114583,2.3404166712987413,2.289166671197309,0.0,18.77885420383315,18.77885420383315,18.77885420383315,6.085937512045085,5795121939.75,7220121939.75,15.091463384765625,1.767883447147651,10.575040036040146,10.811794663712687,1.3179717852513078,1.3179717852513078,2.2025997375686392,0.0,13.175404999543796,13.470376753264926,0.0165656565984427,0.0924915826746387,0.3240846031385035,0.014692842265894,0.0,0.0,0.0,5.708333333333333,0.008080808080808,0.4878048770833333,0.0,0.0,0.0,0.0218978102189781,0.0036607687614399,0.5217391304347826,0.0,13.161874120854582,0.0,0.0009898335842286,-395.4321882826262,-405000000.0,4397000000.0,-92589000000.0,-405000000.0,0.0,0.0,0.0,0.0,0.0,0.0,0.0,0.0,0.0,0.0218330680009097,0.0512500001014322,1996-04-29,0.33,amc,,2025-04-25,1996-03-31,0.0909090909090908,25.17904761904762,1346320.634920635
1995-12-31,HIG,USD,874766,1995-12-31,1995-12-30 19:00:00,1995,Q4,3274000000.0,0.0,3274000000.0,1.0,0,0.0,0.0,0.0,-3061000000.0,-3061000000.0,-3061000000.0,0.0,0.0,20000000.0,0.0,0.0,213000000.0,0.065058033,0.0,0.0,0.0,37000000.0,176000000.0,0.0537568723,0.77,0.77,230000000,230000000,,,14.234782608695651,0.7652173913043478,1.443478260869565,1.443478260869565,0.0,20.443478260869565,20.443478260869565,20.443478260869565,8.295652173913043,5577500000.0,7485500000.0,7.922585227272727,1.7035736102626755,16.79969879518072,16.799698795180724,1.18619736282433,1.18619736282433,2.286346976175932,0.0,22.54668674698795,22.54668674698795,0.0315553563424473,0.0595248767368892,0.4057847724372607,0.0203292312609876,0.0,0.0,0.0,1.8863636363636365,0.0,0.0,0.0,0.0,0.0,0.0,0.0,0.0,0.0,18.76121970553406,0.0,0.0018752330722923,-387.6217391304348,-886000000.0,4702000000.0,-89153000000.0,-886000000.0,0.0,0.0,0.0,0.0,0.0,0.0,0.0,0.0,0.0,0.037430880476393,0.0,1995-12-30,,amc,,2025-04-25,1995-12-31,,24.307,2039340.0
1995-09-30,HIG,USD,874766,1995-09-30,1995-09-29 20:00:00,1995,Q3,3027000000.0,0.0,3027000000.0,1.0,0,0.0,0.0,0.0,-2807000000.0,-2807000000.0,-2807000000.0,0.0,0.0,27000000.0,0.0,0.0,220000000.0,0.0726792204,0.0,0.0,0.0,62000000.0,158000000.0,0.0521968946,0.15,0.15,230000000,230000000,,,13.160869565217393,0.6869565217391305,1.4391304347826086,1.4391304347826086,0.0,20.265217391304347,20.265217391304347,20.265217391304347,6.569565217391304,5722400000.0,7233400000.0,9.054430379746837,1.8904525933267264,17.28821752265861,17.28821752265861,1.2277193735249947,1.2277193735249947,2.389626693095474,0.0,21.853172205438067,21.853172205438067,0.0276107926744023,0.0578428631343492,0.3241793606522205,0.0175916547332145,0.0,0.0,0.0,2.09493670886076,0.0,0.0,0.0,0.0,0.0,0.0,0.0,0.0,0.0,17.698298594975164,0.0,0.0018394979800449,-353.18260869565216,-914000000.0,4661000000.0,-81232000000.0,-914000000.0,0.0,0.0,0.0,0.0,0.0,0.0,0.0,0.0,0.0,0.0338983050847457,0.0,1996-01-25,0.54,amc,,2025-04-25,1995-09-30,0.111111111111111,,
1995-06-30,HIG,USD,874766,1995-06-30,1995-06-29 20:00:00,1995,Q2,2875000000.0,0.0,2875000000.0,1.0,0,0.0,0.0,0.0,-2758000000.0,-2758000000.0,-2758000000.0,0.0,0.0,20000000.0,0.0,0.0,117000000.0,0.0406956522,0.0,0.0,0.0,27000000.0,90000000.0,0.0313043478,0.15,0.15,230000000,230000000,,,12.5,0.391304347826087,0.7652173913043478,0.7652173913043478,0.0,19.53913043478261,19.53913043478261,19.53913043478261,6.578260869565217,5722400000.0,7235400000.0,15.895555555555552,1.9904,32.51363636363636,32.513636363636365,1.2733422340898974,1.2733422340898974,2.516660869565217,0.0,41.11022727272727,41.11022727272727,0.0157276667132671,0.0307563260170557,0.3366711170449488,0.018356526697645,0.0,0.0,0.0,1.9555555555555555,0.0,0.0,0.0,0.0,0.0,0.0,0.0,0.0,0.0,13.11599407468255,0.0,0.001091928223918,-338.8217391304348,-915000000.0,4494000000.0,-77929000000.0,-915000000.0,0.0,0.0,0.0,0.0,0.0,0.0,0.0,0.0,0.0,0.0200267022696929,0.0,1995-06-29,,amc,,2025-04-25,1995-06-30,,,
1995-03-31,HIG,USD,874766,1995-03-31,1995-03-30 19:00:00,1995,Q1,2974000000.0,0.0,2974000000.0,1.0,0,0.0,0.0,0.0,-2782000000.0,-2782000000.0,-2782000000.0,0.0,0.0,18000000.0,0.0,0.0,192000000.0,0.0645595158,0.0,0.0,0.0,54000000.0,138000000.0,0.046402152,0.6,0.6,230000000,230000000,,,12.930434782608696,0.6,1.108695652173913,1.108695652173913,0.0,16.056521739130435,16.056521739130435,16.056521739130435,6.530434782608696,5722400000.0,7224400000.0,10.366666666666667,1.924142568930733,22.440784313725487,22.44078431372549,1.5495261305171946,1.5495261305171946,2.429186281102892,0.0,28.330980392156864,28.330980392156864,0.0241157556270096,0.0445617223542569,0.4067154075277552,0.0193245416532647,0.0,0.0,0.0,1.8478260869565213,0.0,0.0,0.0,0.0,0.0,0.0,0.0,0.0,0.0,14.722874837417482,0.0,0.0017754905114184,-321.8782608695652,-903000000.0,3693000000.0,-74032000000.0,-903000000.0,,,,0.0,0.0,0.0,0.0,0.0,0.0,0.0373679935012185,0.0,1995-03-30,,amc,,2025-04-25,1995-03-31,,,
