date,symbol,reportedCurrency,cik,fillingDate,acceptedDate,calendarYear,period,revenue,costOfRevenue,grossProfit,grossProfitRatio,researchAndDevelopmentExpenses,generalAndAdministrativeExpenses,sellingAndMarketingExpenses,sellingGeneralAndAdministrativeExpenses,otherExpenses,operatingExpenses,costAndExpenses,interestIncome,interestExpense,depreciationAndAmortization,ebitda,ebitdaratio,operatingIncome,operatingIncomeRatio,totalOtherIncomeExpensesNet,incomeBeforeTax,incomeBeforeTaxRatio,incomeTaxExpense,netIncome,netIncomeRatio,eps,epsdiluted,weightedAverageShsOut,weightedAverageShsOutDil,link,finalLink,revenuePerShare,netIncomePerShare,operatingCashFlowPerShare,freeCashFlowPerShare,cashPerShare,bookValuePerShare,tangibleBookValuePerShare,shareholdersEquityPerShare,interestDebtPerShare,marketCap,enterpriseValue,peRatio,priceToSalesRatio,pocfratio,pfcfRatio,pbRatio,ptbRatio,evToSales,enterpriseValueOverEBITDA,evToOperatingCashFlow,evToFreeCashFlow,earningsYield,freeCashFlowYield,debtToEquity,debtToAssets,netDebtToEBITDA,currentRatio,interestCoverage,incomeQuality,dividendYield,payoutRatio,salesGeneralAndAdministrativeToRevenue,researchAndDdevelopementToRevenue,intangiblesToTotalAssets,capexToOperatingCashFlow,capexToRevenue,capexToDepreciation,stockBasedCompensationToRevenue,grahamNumber,roic,returnOnTangibleAssets,grahamNetNet,workingCapital,tangibleAssetValue,netCurrentAssetValue,investedCapital,averageReceivables,averagePayables,averageInventory,daysSalesOutstanding,daysPayablesOutstanding,daysOfInventoryOnHand,receivablesTurnover,payablesTurnover,inventoryTurnover,roe,capexPerShare,report_date,epsEstimated,time,revenueEstimated,updatedFromDate,fiscalDateEnding,surprise(%),QuarterAvgPrice,QuarterAvgVolume
2025-03-31,HLT,USD,1585689,2025-04-29,2025-04-29 10:06:56,2025,Q1,2695000000.0,1998000000.0,697000000.0,0.2586270872,0,94000000.0,0.0,94000000.0,67000000.0,161000000.0,2159000000.0,0.0,145000000.0,41000000.0,596000000.0,0.2211502783,536000000.0,0.1988868275,-126000000.0,410000000.0,0.1521335807,110000000.0,300000000.0,0.1113172542,1.25,1.2345679012345678,240000000,243000000,https://www.sec.gov/Archives/edgar/data/1585689/000158568925000089/0001585689-25-000089-index.htm,https://www.sec.gov/Archives/edgar/data/1585689/000158568925000089/hlt-20250331.htm,11.090534979423868,1.2345679012345678,1.860082304526749,1.6954732510288066,3.0082304526748973,66.02057613168725,66.02057613168725,-18.016460905349795,48.888888888888886,55294650000.0,66443650000.0,46.078875,20.51749536178108,122.333296460177,134.21031553398058,-12.630116491548652,-12.630116491548652,24.654415584415585,115.15363951473137,146.99922566371683,161.27099514563108,0.0054254796802222,0.0074509920941718,-2.71356783919598,0.7405098796983108,19.322357019064125,0.0,0.0,1.5066666666666666,0.000669142493894,0.1233333333333333,0.0348794063079777,0.0,0.0,0.0,0.0,0.0,0.0133580705009276,,0.024446495166192,0.018699744436826,7.869341563786008,2764000000.0,16043000000.0,2764000000.0,3749000000.0,1579000000.0,204500000.0,0.0,52.5974025974026,0.0,0.0,1.711111111111111,0.0,0.0,-0.0685244403837368,0.0,2025-04-29,1.61,bmo,2718954837.0,2025-05-11,2025-03-31,0.0683229813664595,249.12766666666667,1826042.05
2024-12-31,HLT,USD,1585689,2025-02-06,2025-02-06 10:05:57,2024,Q4,2783000000.0,2114000000.0,669000000.0,0.2403880704,0,97000000.0,0.0,97000000.0,83000000.0,180000000.0,2294000000.0,0.0,157000000.0,39000000.0,532000000.0,0.191160618,489000000.0,0.1757096658,-153000000.0,336000000.0,0.1207330219,-169000000.0,505000000.0,0.1814588573,2.08,2.05,243000000,246000000,https://www.sec.gov/Archives/edgar/data/1585689/000158568925000008/0001585689-25-000008-index.htm,https://www.sec.gov/Archives/edgar/data/1585689/000158568925000008/hlt-20241231.htm,11.452674897119342,2.078189300411523,2.3950617283950617,2.069958847736625,5.3539094650205765,-15.181069958847736,-62.31687242798354,-15.33744855967078,50.041152263374485,60059880000.0,70761880000.0,29.73261386138613,21.58098454904779,103.19567010309278,119.40333996023855,-16.114805473571238,-16.114805473571238,25.426475026949337,133.0110526315789,121.58398625429554,140.6796819085487,0.008408275208009,0.0083749751081753,-3.220552723370002,0.7264858975910906,20.116541353383457,0.6961702127659575,3.1146496815286624,1.143418467583497,0.0006160518469234,0.0732673267326732,0.0348544735896514,0.0,0.6932574748819755,0.1357388316151202,0.0283866331297161,2.025641025641025,0.0129356809198706,,0.0610478741708495,0.0996448303078137,-72.93312757201646,-1428000000.0,-15143000000.0,-16939000000.0,11004000000.0,1590000000.0,204500000.0,0.0,51.19295724038807,17.412488174077577,0.0,1.7580543272267846,5.168704156479218,0.0,-0.1354977193453179,0.3251028806584362,2025-02-06,1.67,bmo,2777918800.0,2025-05-06,2024-12-31,0.0538922155688623,244.759375,1350344.484375
2024-09-30,HLT,USD,1585689,2024-10-23,2024-10-23 10:04:16,2024,Q3,2867000000.0,2078000000.0,789000000.0,0.2752005581,0,101000000.0,0.0,101000000.0,65000000.0,164000000.0,2242000000.0,0.0,140000000.0,37000000.0,662000000.0,0.2309033833,623000000.0,0.2173003139,-132000000.0,491000000.0,0.1712591559,147000000.0,344000000.0,0.1199860481,1.4,1.38,246000000,249000000,https://www.sec.gov/Archives/edgar/data/1585689/000158568924000191/0001585689-24-000191-index.htm,https://www.sec.gov/Archives/edgar/data/1585689/000158568924000191/hlt-20240930.htm,11.654471544715449,1.3983739837398377,2.6991869918699187,2.508130081300813,6.4227642276422765,-13.94308943089431,-60.60162601626016,-14.105691056910567,49.19512195121951,56703000000.0,67085000000.0,41.208575581395344,19.77781653296128,85.3960843373494,91.90113452188008,-16.34092219020173,-16.34092219020173,23.39902336937565,101.33685800604228,101.0316265060241,108.72771474878444,0.0060666984110188,0.0108812584872052,-3.447262247838617,0.716759542213434,15.682779456193352,0.7955911823647295,4.45,1.930232558139535,0.0006525227942084,0.1075581395348837,0.0352284618067666,0.0,0.6877584037389898,0.0707831325301204,0.0163934426229508,1.2702702702702702,0.0153470526682943,,0.0328823754505922,0.0660142007292266,-70.4928861788618,-918000000.0,-14908000000.0,-16546000000.0,11575000000.0,1587500000.0,956500000.0,0.0,50.132542727589815,0.0,0.0,1.7952410770194114,0.0,0.0,-0.0991354466858789,0.1910569105691057,2024-10-23,1.84,bmo,2896629142.0,2025-04-25,2024-09-30,0.0434782608695651,216.44796875,1609694.6875
2024-06-30,HLT,USD,1585689,2024-08-07,2024-08-07 10:02:23,2024,Q2,2951000000.0,2076000000.0,875000000.0,0.2965096577,0,113000000.0,2000000.0,113000000.0,8000000.0,184000000.0,2226000000.0,0.0,141000000.0,34000000.0,759000000.0,0.2572009488,725000000.0,0.2456794307,-134000000.0,591000000.0,0.2002710945,169000000.0,421000000.0,0.1426635039,1.69,1.67,249000000,252000000,https://www.sec.gov/Archives/edgar/data/1585689/000158568924000162/0001585689-24-000162-index.htm,https://www.sec.gov/Archives/edgar/data/1585689/000158568924000162/hlt-20240630.htm,11.85140562248996,1.6907630522088353,1.6907630522088353,1.538152610441767,3.2208835341365463,-12.36144578313253,-58.24096385542169,-12.514056224899598,44.57429718875502,53343270000.0,63499270000.0,31.676526128266037,18.0763368349712,126.70610451306412,139.27746736292428,-17.119149550706034,-17.119149550706034,21.517882073873263,83.66175230566535,150.82961995249406,165.79443864229765,0.0078922795696626,0.0071799122925909,-3.516688061617458,0.6963207727012772,13.38076416337286,0.6362991008045433,5.141843971631205,1.0,0.0006936207697803,0.0878859857482185,0.0382921043713995,0.0,0.7259325157272669,0.0902612826603325,0.0128769908505591,1.1176470588235294,0.0186377499152829,,0.0429611531197562,0.0976118710874101,-67.58835341365462,-1537000000.0,-14502000000.0,-16126000000.0,10875000000.0,1522500000.0,1924000000.0,0.0,48.12605896306337,82.93352601156069,0.0,1.8700887198986056,1.0852064819654992,0.0,-0.1351091142490372,0.1526104417670682,2024-08-07,1.86,bmo,2898864440.0,2025-04-25,2024-06-30,0.0268817204301074,205.39,1662850.142857143
2024-03-31,HLT,USD,1585689,2024-04-24,2024-04-24 10:02:09,2024,Q1,2573000000.0,1913000000.0,660000000.0,0.2565099106,0,104000000.0,0.0,104000000.0,-134000000.0,134000000.0,2047000000.0,0.0,131000000.0,36000000.0,562000000.0,0.2184220754,526000000.0,0.2044306257,-161000000.0,365000000.0,0.1418577536,97000000.0,265000000.0,0.1029926156,1.05,1.04,252000000,255000000,https://www.sec.gov/Archives/edgar/data/1585689/000158568924000101/0001585689-24-000101-index.htm,https://www.sec.gov/Archives/edgar/data/1585689/000158568924000101/hlt-20240331.htm,10.21031746031746,1.0515873015873016,1.373015873015873,1.238095238095238,5.634920634920635,-11.178571428571429,-55.36507936507937,-11.242063492063492,43.96428571428572,53600400000.0,63128400000.0,50.56641509433962,20.831869413136417,154.914450867052,171.79615384615386,-18.920014119308156,-18.920014119308156,24.534939759036146,112.32811387900357,182.45202312138727,202.33461538461532,0.0049439929552764,0.0058208520831934,-3.864454641722556,0.687170474516696,16.95373665480427,0.8434022257551669,4.015267175572519,1.3056603773584905,0.0007276065103991,0.1471698113207547,0.0404197434900893,0.0,0.6989078583981924,0.0982658959537572,0.0132141469102215,0.9444444444444444,0.0159347065682083,,0.0316672432461575,0.0552428601209089,-64.39980158730158,-591000000.0,-13952000000.0,-15566000000.0,11515000000.0,1477000000.0,1196000000.0,103000000.0,51.31364166342791,91.03502352326188,0.0,1.7539195637355147,0.9886304909560724,0.0,-0.0935404165195905,0.1349206349206349,2024-04-24,1.41,bmo,2513852982.0,2025-04-25,2024-03-31,0.0851063829787234,196.66196721311476,1484866.7049180327
2023-12-31,HLT,USD,1585689,2024-02-07,2024-02-07 10:10:16,2023,Q4,2609000000.0,1996000000.0,613000000.0,0.2349559218,0,110000000.0,0.0,110000000.0,1000000.0,175000000.0,2171000000.0,124000000.0,124000000.0,33000000.0,482000000.0,0.1847451131,400000000.0,0.1533154465,-126000000.0,274000000.0,0.1050210809,124000000.0,147000000.0,0.0563434266,0.57,0.57,256000000,258000000,https://www.sec.gov/Archives/edgar/data/1585689/000158568924000027/0001585689-24-000027-index.htm,https://www.sec.gov/Archives/edgar/data/1585689/000158568924000027/hlt-20231231.htm,10.19140625,0.57421875,1.81640625,1.54296875,3.125,-9.16796875,-52.6640625,-9.21875,40.015625,46615040000.0,55935040000.0,79.27727891156462,17.867014181678805,100.24739784946236,118.01275949367088,-19.752135593220338,-19.752135593220338,21.43926408585665,116.04780082987553,120.29040860215052,141.60769620253166,0.0031534886594541,0.008473660003295,-4.288135593220339,0.657100188299461,19.33609958506224,0.7023105857066093,3.225806451612903,3.1,0.0008151875446207,0.2585034013605442,0.0421617477960904,0.0,0.7230049996753457,0.1505376344086021,0.0268302031429666,2.121212121212121,0.0137983901878114,,0.0185041492470661,0.0344585091420534,-61.4443359375,-1108000000.0,-13482000000.0,-15134000000.0,11027000000.0,1441500000.0,1166500000.0,222000000.0,51.29551552318896,20.6062124248497,9.288577154308618,1.7545393409549428,4.36761487964989,9.689320388349516,-0.0622881355932203,0.2734375,2024-02-07,1.56,bmo,2609480000.0,2025-04-25,2023-12-31,0.0769230769230768,163.18730158730156,1587988.7142857143
2023-09-30,HLT,USD,1585689,2023-10-25,2023-10-25 10:22:32,2023,Q3,2673000000.0,1557000000.0,1116000000.0,0.4175084175,0,96000000.0,0.0,96000000.0,15000000.0,96000000.0,1653000000.0,113000000.0,113000000.0,40000000.0,690000000.0,0.2581369248,653000000.0,0.2442947999,-105000000.0,548000000.0,0.2050130939,-169000000.0,377000000.0,0.1410400299,1.45,1.44,260000000,262000000,https://www.sec.gov/Archives/edgar/data/1585689/000158568923000193/0001585689-23-000193-index.htm,https://www.sec.gov/Archives/edgar/data/1585689/000158568923000193/hlt-20230930.htm,10.28076923076923,1.45,2.642307692307692,2.407692307692308,2.6846153846153844,-6.742307692307692,-49.11538461538461,-6.780769230769231,37.06153846153846,39046800000.0,47871800000.0,25.893103448275863,14.607856341189674,56.83668122270743,62.37507987220447,-22.147929665343167,-22.147929665343167,17.909390198279088,69.37942028985508,69.68238719068414,76.47252396166134,0.0096550805699826,0.0160320435989632,-5.401588201928531,0.6265131578947368,12.789855072463768,0.6975568660488627,5.778761061946903,1.812664907651715,0.000998801438274,0.1034482758620689,0.0359147025813692,0.0,0.7248026315789474,0.0887918486171761,0.0228208005985783,1.525,0.0179573512906846,,0.0729430023786659,0.0901267033229739,-58.034615384615385,-1077000000.0,-12770000000.0,-14469000000.0,10890000000.0,1399000000.0,1785000000.0,230500000.0,47.003367003367,108.4393063583815,13.757225433526012,1.914756446991404,0.829957356076759,6.542016806722689,-0.2138400453771979,0.2346153846153846,2023-10-25,1.67,bmo,2613410000.0,2025-04-25,2023-09-30,0.0,151.04111111111112,1746344.825396825
2023-06-30,HLT,USD,1585689,2023-07-26,2023-07-26 11:36:27,2023,Q2,2660000000.0,1805000000.0,855000000.0,0.3214285714,0,111000000.0,0.0,111000000.0,11000000.0,181000000.0,1986000000.0,111000000.0,111000000.0,37000000.0,709000000.0,0.2665413534,674000000.0,0.2533834586,-106000000.0,568000000.0,0.2135338346,155000000.0,411000000.0,0.1545112782,1.56,1.55,264000000,266000000,https://www.sec.gov/Archives/edgar/data/1585689/000158568923000156/0001585689-23-000156-index.htm,https://www.sec.gov/Archives/edgar/data/1585689/000158568923000156/hlt-20230630.htm,10.075757575757576,1.556818181818182,1.7575757575757576,1.556818181818182,3.053030303030303,-5.390151515151516,-47.10227272727273,-5.420454545454546,36.67045454545455,38425200000.0,47189200000.0,23.372992700729927,14.445563909774435,82.81293103448276,93.49197080291972,-26.85199161425577,-26.85199161425577,17.740300751879698,66.5574047954866,101.70086206896552,114.81557177615572,0.010696105680647,0.010696105680647,-6.687631027253669,0.6256128652676995,12.361071932299012,0.7510917030567685,6.072072072072072,1.1234866828087169,0.0010409835212308,0.097323600973236,0.0417293233082706,0.0,0.7198797149767928,0.1142241379310344,0.0199248120300751,1.4324324324324325,0.0195488721804511,,0.0411930691486905,0.0959159859976662,-55.875,-855000000.0,-12435000000.0,-14140000000.0,11122000000.0,1350000000.0,1699000000.0,229000000.0,47.43609022556391,84.46537396121883,11.1191135734072,1.897289586305278,1.0655253837072018,8.094170403587444,-0.2872117400419287,0.2007575757575757,2023-07-26,1.58,bmo,2575130000.0,2025-04-25,2023-06-30,0.031645569620253,142.37612903225806,1687410.7741935484
2023-03-31,HLT,USD,1585689,2023-04-26,2023-04-26 11:11:30,2023,Q1,2293000000.0,1646000000.0,647000000.0,0.2821631051,0,91000000.0,0.0,91000000.0,58000000.0,149000000.0,1795000000.0,116000000.0,116000000.0,37000000.0,535000000.0,0.2333187963,498000000.0,0.21718273,-196000000.0,302000000.0,0.1317051897,93000000.0,206000000.0,0.0898386393,0.77,0.77,266000000,269000000,https://www.sec.gov/Archives/edgar/data/1585689/000158568923000100/0001585689-23-000100-index.htm,https://www.sec.gov/Archives/edgar/data/1585689/000158568923000100/hlt-20230331.htm,8.6203007518797,0.7744360902255639,1.2406015037593985,1.0037593984962403,3.387218045112782,-5.31203007518797,-46.67669172932331,-5.338345864661654,36.42105263157895,37471420000.0,46142420000.0,45.47502427184466,16.34165721761884,113.54975757575758,140.3423970037453,-26.388323943661973,-26.388323943661973,20.123166157871783,86.24751401869159,139.82551515151516,172.81805243445692,0.0054975231789988,0.0071254305281198,-6.740845070422536,0.629281441062389,16.20747663551402,0.755457227138643,4.293103448275862,1.5789473684210529,0.0010941672346551,0.1990291262135922,0.0396860008722198,0.0,0.7233580961146538,0.1909090909090909,0.0274749236807675,1.7027027027027026,0.0143916266899258,,0.0289834651506147,0.0489543726235741,-55.00751879699248,-829000000.0,-12416000000.0,-14063000000.0,11122000000.0,1312500000.0,1036000000.0,208500000.0,50.94635848233755,93.17132442284326,12.84933171324423,1.7665639445300465,0.965962441314554,7.004255319148936,-0.1450704225352112,0.2368421052631578,2023-04-26,1.14,bmo,2201790000.0,2025-04-25,2023-03-31,0.0877192982456141,140.81903225806454,1676281.0
2022-12-31,HLT,USD,1585689,2023-02-09,2023-02-09 11:08:28,2022,Q4,2444000000.0,1781000000.0,663000000.0,0.2712765957,0,95000000.0,0.0,95000000.0,64000000.0,159000000.0,1940000000.0,120000000.0,120000000.0,39000000.0,565000000.0,0.2311783961,504000000.0,0.2062193126,-101000000.0,403000000.0,0.164893617,70000000.0,328000000.0,0.1342062193,1.22,1.21,270000000,272000000,https://www.sec.gov/Archives/edgar/data/1585689/000158568923000036/0001585689-23-000036-index.htm,https://www.sec.gov/Archives/edgar/data/1585689/000158568923000036/hlt-20221231.htm,9.051851851851852,1.2148148148148148,1.7851851851851852,1.637037037037037,4.477777777777778,-4.066666666666666,-44.51111111111111,-4.0814814814814815,36.33703703703704,34117200000.0,42599200000.0,26.003963414634143,13.959574468085108,70.78257261410788,77.18823529411765,-30.95934664246824,-30.95934664246824,17.43011456628478,75.39681415929203,88.38008298755187,96.37828054298645,0.0096139190789396,0.0129553421734491,-8.794010889292196,0.6247421351211965,15.012389380530973,0.8511269276393831,4.2,1.4474474474474477,0.0012017398848674,0.125,0.0388707037643207,0.0,0.703971119133574,0.0829875518672199,0.0163666121112929,1.0256410256410255,0.0147299509001636,,0.0337786175425729,0.0714285714285714,-53.01759259259259,-502000000.0,-12018000000.0,-13740000000.0,11360000000.0,1302500000.0,1048000000.0,200500000.0,48.86661211129296,18.59629421673217,9.197080291970805,1.8417483044461191,4.839673913043479,9.785714285714286,-0.2976406533575317,0.1481481481481481,2023-02-09,1.2,bmo,2346050000.0,2025-04-25,2022-12-31,0.3250000000000001,131.77793650793652,1805258.142857143
2022-09-30,HLT,USD,1585689,2022-10-26,2022-10-26 11:07:25,2022,Q3,2368000000.0,1600000000.0,768000000.0,0.3243243243,0,93000000.0,0.0,93000000.0,52000000.0,145000000.0,1745000000.0,106000000.0,106000000.0,39000000.0,661000000.0,0.2791385135,623000000.0,0.2630912162,-96000000.0,527000000.0,0.2225506757,181000000.0,347000000.0,0.1465371622,1.27,1.26,273000000,275000000,https://www.sec.gov/Archives/edgar/data/1585689/000158568922000164/0001585689-22-000164-index.htm,https://www.sec.gov/Archives/edgar/data/1585689/000158568922000164/hlt-20220930.htm,8.673992673992673,1.271062271062271,2.457875457875458,2.3626373626373627,4.695970695970696,-3.347985347985348,-43.04029304029304,-3.3443223443223444,35.24908424908425,32929260000.0,41164260000.0,23.724250720461097,13.9059375,49.07490312965723,51.05311627906977,-36.06709748083242,-36.06709748083242,17.383555743243242,62.27573373676248,61.3476304023845,63.82055813953488,0.0105377405990902,0.0195874429003263,-10.423877327491786,0.6136832602527728,12.45839636913767,0.8843982169390787,5.877358490566038,1.939306358381503,0.0012450932696331,0.1181556195965417,0.0392736486486486,0.0,0.6987361361877741,0.0387481371087928,0.0109797297297297,0.6666666666666666,0.0177364864864864,,0.0335764622392137,0.0742722602739726,-51.54578754578755,-389000000.0,-11750000000.0,-13446000000.0,11325000000.0,1283500000.0,1687500000.0,213000000.0,48.57263513513514,97.2,12.31875,1.8528951486697969,0.925925925925926,7.30593607305936,-0.380065717415115,0.0952380952380952,2022-10-26,1.24,bmo,2410483333.0,2025-04-25,2022-09-30,0.0564516129032258,126.43671875,1909645.40625
2022-06-30,HLT,USD,1585689,2022-07-27,2022-07-27 11:45:05,2022,Q2,2240000000.0,1488000000.0,752000000.0,0.3357142857,0,103000000.0,0.0,103000000.0,51000000.0,154000000.0,1642000000.0,0.0,99000000.0,40000000.0,635000000.0,0.2834821429,598000000.0,0.2669642857,-85000000.0,513000000.0,0.2290178571,146000000.0,368000000.0,0.1642857143,1.32,1.31,278000000,280000000,https://www.sec.gov/Archives/edgar/data/1585689/000158568922000137/0001585689-22-000137-index.htm,https://www.sec.gov/Archives/edgar/data/1585689/000158568922000137/hlt-20220630.htm,8.057553956834532,1.3237410071942446,1.1978417266187051,1.118705035971223,4.226618705035971,-2.838129496402878,-42.10791366906475,-2.838129496402878,34.514388489208635,30980320000.0,39301320000.0,21.04641304347826,13.8305,93.033993993994,99.6151768488746,-39.26529784537389,-39.26529784537389,17.54523214285714,61.89184251968504,118.02198198198198,126.3708038585209,0.0118785086790581,0.0100386309760518,-12.035487959442332,0.617344948641269,13.103937007874016,0.8888888888888888,6.040404040404041,0.9073569482288828,0.0013234208039168,0.1114130434782608,0.0459821428571428,0.0,0.7097256533610714,0.066066066066066,0.0098214285714285,0.55,0.0209821428571428,,0.0349860129916256,0.0824188129899216,-50.09262589928058,-355000000.0,-11706000000.0,-13331000000.0,11443000000.0,1171500000.0,1625500000.0,225000000.0,51.79017857142858,99.61693548387096,12.52016129032258,1.7377812257564005,0.9034608378870674,7.188405797101449,-0.4664131812420786,0.079136690647482,2022-07-27,1.04,bmo,2110300000.0,2025-04-25,2022-06-30,0.2403846153846153,138.37032258064514,2421779.6612903224
2022-03-31,HLT,USD,1585689,2022-05-03,2022-05-03 11:11:46,2022,Q1,1721000000.0,1206000000.0,515000000.0,0.2992446252,0,91000000.0,0.0,91000000.0,55000000.0,146000000.0,1352000000.0,0.0,90000000.0,44000000.0,413000000.0,0.2399767577,369000000.0,0.2144102266,-78000000.0,291000000.0,0.1690877397,80000000.0,212000000.0,0.1231841952,0.76,0.75,279000000,282000000,https://www.sec.gov/Archives/edgar/data/1585689/000158568922000082/0001585689-22-000082-index.htm,https://www.sec.gov/Archives/edgar/data/1585689/000158568922000082/hlt-20220331.htm,6.168458781362007,0.7598566308243727,0.6989247311827957,0.6487455197132617,5.132616487455197,-2.49820788530466,-41.53763440860215,-2.5017921146953404,34.68817204301075,42335460000.0,50491460000.0,49.92389150943397,24.599337594421847,217.1049230769231,233.8975690607735,-60.65252148997136,-60.65252148997136,29.33844276583382,122.25535108958836,258.9305641025641,278.9583425414365,0.0050076224517225,0.0042753757724611,-13.736389684813751,0.6202212303512517,19.74818401937046,0.9273905996758508,4.1,0.924170616113744,0.0,0.0,0.0528762347472399,0.0,0.7045733876706126,0.0717948717948717,0.0081348053457292,0.3181818181818182,0.0214991284137129,,0.021544142123434,0.0464199693453032,-49.50537634408602,-224000000.0,-11589000000.0,-13295000000.0,11617000000.0,1061000000.0,939000000.0,208500000.0,55.11911679256246,119.70149253731344,18.13432835820895,1.6328273244781784,0.7518703241895262,4.962962962962963,-0.3037249283667622,0.050179211469534,2022-05-03,0.65,bmo,1746067286.0,2025-04-25,2022-03-31,0.0923076923076922,147.4559677419355,2741138.919354839
2021-12-31,HLT,USD,1585689,2022-02-16,2022-02-16 11:22:28,2021,Q4,1836000000.0,1342000000.0,494000000.0,0.2690631808,0,103000000.0,0.0,103000000.0,7000000.0,162000000.0,1504000000.0,0.0,95000000.0,45000000.0,343000000.0,0.1868191721,333000000.0,0.181372549,-96000000.0,237000000.0,0.1290849673,89000000.0,147000000.0,0.0800653595,0.53,0.52,279000000,282000000,https://www.sec.gov/Archives/edgar/data/1585689/000158568922000013/0001585689-22-000013-index.htm,https://www.sec.gov/Archives/edgar/data/1585689/000158568922000013/hlt-20211231.htm,6.580645161290323,0.5268817204301075,0.4695340501792114,0.3476702508960573,5.114695340501792,-2.935483870967742,-42.02508960573477,-2.942652329749104,35.37992831541219,43521210000.0,51870210000.0,74.01566326530613,23.70436274509804,332.2229770992367,448.6722680412371,-53.010000000000005,-53.010000000000005,28.25174836601307,151.22510204081632,395.9558015267175,534.7444329896907,0.0033776634427213,0.0022287983261494,-11.907429963459196,0.6331196166051422,24.34110787172012,0.9509771447499172,3.5052631578947366,0.8851351351351351,0.0,0.0,0.0561002178649237,0.0,0.7063014053493945,0.2595419847328244,0.0185185185185185,0.7555555555555555,0.0266884531590413,,0.0164829872454508,0.0324145534729878,-49.9820788530466,-148000000.0,-11725000000.0,-13389000000.0,11757000000.0,1040000000.0,853500000.0,198500000.0,52.35294117647059,18.375558867362145,11.669150521609538,1.7191011235955056,4.897810218978102,7.712643678160919,-0.1790499390986601,0.1218637992831541,2022-02-16,0.71,bmo,1800754875.0,2025-04-25,2021-12-31,0.0140845070422535,144.0409375,2044485.953125
2021-09-30,HLT,USD,1585689,2021-10-27,2021-10-27 11:17:08,2021,Q3,1749000000.0,1144000000.0,605000000.0,0.3459119497,0,107000000.0,0.0,107000000.0,6000000.0,165000000.0,1309000000.0,0.0,98000000.0,46000000.0,421000000.0,0.2407089766,432000000.0,0.2469982847,-92000000.0,340000000.0,0.1943967982,100000000.0,241000000.0,0.1377930246,0.86,0.86,279000000,281000000,https://www.sec.gov/Archives/edgar/data/1585689/000158568921000118/0001585689-21-000118-index.htm,https://www.sec.gov/Archives/edgar/data/1585689/000158568921000118/hlt-20210930.htm,6.268817204301075,0.8637992831541219,0.996415770609319,0.9247311827956988,4.616487455197133,-4.043010752688172,-43.1326164874552,-4.043010752688172,34.99641577060932,36858690000.0,45236690000.0,38.23515560165976,21.074150943396223,132.58521582733815,142.86313953488371,-32.67614361702128,-32.67614361702128,25.86431675242996,107.45057007125892,162.72190647482014,175.33600775193798,0.0065384852256008,0.0069997061751245,-8.569148936170214,0.6311871490139741,19.90023752969121,1.0274599542334095,4.408163265306122,1.1583333333333334,0.0,0.0,0.061177815894797,0.0,0.7121588089330024,0.0719424460431654,0.0114351057747284,0.4347826086956521,0.0297312750142938,,0.0239244607304713,0.0546733212341197,-51.19534050179212,72000000.0,-12034000000.0,-13748000000.0,12000000000.0,982000000.0,1392000000.0,211000000.0,52.07547169811321,112.73601398601396,17.543706293706293,1.7282608695652173,0.7983251919050942,5.130044843049327,-0.2136524822695035,0.07168458781362,2021-10-27,0.85,bmo,1630890000.0,2025-04-25,2021-09-30,-0.0823529411764705,126.41125,2083328.390625
2021-06-30,HLT,USD,1585689,2021-07-29,2021-07-29 11:09:28,2021,Q2,1329000000.0,952000000.0,377000000.0,0.2836719338,0,98000000.0,0.0,98000000.0,5000000.0,153000000.0,1105000000.0,0.0,101000000.0,46000000.0,267000000.0,0.2009029345,224000000.0,0.1685477803,-97000000.0,127000000.0,0.0955605719,-1000000.0,130000000.0,0.0978179082,0.47,0.46,279000000,281000000,https://www.sec.gov/Archives/edgar/data/1585689/000158568921000100/0001585689-21-000100-index.htm,https://www.sec.gov/Archives/edgar/data/1585689/000158568921000100/hlt-20210630.htm,4.763440860215054,0.4659498207885305,-0.4623655913978494,-0.5125448028673835,3.741935483870967,-5.075268817204301,-44.27598566308244,-5.078853046594982,35.204301075268816,33652980000.0,42329980000.0,64.71726923076923,25.322031602708805,-260.8758139534884,-235.3355244755245,-23.749456598447427,-23.749456598447427,31.851000752445447,158.53925093632958,-328.13937984496124,-296.01384615384615,0.003862956564322,-0.0042492522207542,-6.860268172194778,0.6442014579191517,32.49812734082397,0.8560633321338611,2.217821782178218,-1.0078125,0.0,0.0,0.073739653875094,0.0,0.7247846255798542,-0.1085271317829457,0.0105342362678705,0.3043478260869565,0.0398796087283672,,0.0182642002691982,0.0313026727666746,-52.50358422939068,-400000000.0,-12353000000.0,-14127000000.0,11613000000.0,874500000.0,1232500000.0,174000000.0,64.46952595936794,127.72058823529412,18.81302521008403,1.3960084033613445,0.7046632124352331,4.78391959798995,-0.091743119266055,0.050179211469534,2021-07-29,0.4,bmo,1160920586.0,2025-04-25,2021-06-30,0.4000000000000001,124.8715873015873,1865371.6984126985
2021-03-31,HLT,USD,1585689,2021-05-05,2021-05-05 12:09:22,2021,Q1,874000000.0,695000000.0,179000000.0,0.204805492,0,97000000.0,0.0,97000000.0,5000000.0,158000000.0,853000000.0,0.0,103000000.0,51000000.0,72000000.0,0.0823798627,21000000.0,0.02402746,-165000000.0,-144000000.0,-0.1647597254,-35000000.0,-108000000.0,-0.1235697941,-0.39,-0.39,276923076,278000000,https://www.sec.gov/Archives/edgar/data/1585689/000158568921000064/0001585689-21-000064-index.htm,https://www.sec.gov/Archives/edgar/data/1585689/000158568921000064/hlt-20210331.htm,3.156111121631481,-0.3900000013,-0.6175000020583333,-0.657222224412963,8.673888917801852,-5.8500000195,-45.25083348416945,-5.860833352869444,39.826944577200926,33485538349.92,42009538349.92,-77.51282025444445,38.3129729404119,-195.8218616954386,-183.9864744501099,-20.6318782192976,-20.6318782192976,48.06583335231121,583.4658104155556,-245.6698149118129,-230.82163928527476,-0.0032252729184584,-0.0054351821403652,-6.731977818853975,0.6839864780267936,118.38888888888889,1.4006462035541196,0.203883495145631,1.5688073394495412,0.0,0.0,0.1109839816933638,0.0,0.6830474521096782,-0.0643274853801169,0.0125858123569794,0.2156862745098039,0.0446224256292906,,0.0011600257851078,-0.0213312265455263,-52.43243073033032,992000000.0,-12531000000.0,-14126000000.0,12993000000.0,784000000.0,669000000.0,132000000.0,82.07093821510297,144.2589928057554,19.294964028776977,1.096612296110414,0.6238779174147218,4.664429530201343,0.066543438077634,0.0397222223546296,2021-05-05,0.05,bmo,1133000000.0,2025-04-25,2021-03-31,-0.6,115.55131147540985,2798775.819672131
2020-12-31,HLT,USD,1585689,2021-02-17,2021-02-17 12:18:54,2020,Q4,890000000.0,764000000.0,126000000.0,0.1415730337,0,122000000.0,0.0,122000000.0,18000000.0,196000000.0,960000000.0,0.0,113000000.0,62000000.0,-8000000.0,-0.008988764,-195000000.0,-0.2191011236,-154000000.0,-349000000.0,-0.3921348315,-124000000.0,-224000000.0,-0.2516853933,-0.81,-0.8,278000000,279000000,https://www.sec.gov/Archives/edgar/data/1585689/000158568921000016/0001585689-21-000016-index.htm,https://www.sec.gov/Archives/edgar/data/1585689/000158568921000016/hlt-20201231.htm,3.2014388489208634,-0.8057553956834532,-0.4964028776978417,-0.5539568345323741,11.575539568345324,-5.345323741007194,-44.618705035971225,-5.359712230215828,42.23381294964029,30930280000.0,39340280000.0,-34.520401785714284,34.75312359550562,-224.1324637681159,-200.845974025974,-20.758577181208057,-20.758577181208057,44.20256179775281,-4917.535,-285.0744927536232,-255.45636363636365,-0.0072420941549834,-0.004978939731551,-7.804026845637584,0.6940017905102954,-1051.25,1.7285067873303168,-1.7256637168141593,0.6133333333333333,0.0,0.0,0.1370786516853932,0.0,0.6516263801850194,-0.1159420289855072,0.0179775280898876,0.2580645161290322,0.0674157303370786,,-0.0086402977579535,-0.0383758780195305,-51.75269784172662,1771000000.0,-12404000000.0,-14039000000.0,13807000000.0,830500000.0,805500000.0,145500000.0,77.96629213483146,26.387434554973822,13.547120418848168,1.1543450064850842,3.4107142857142856,6.643478260869565,0.1503355704697986,0.0575539568345323,2021-02-17,-0.0202,bmo,1017170000.0,2025-04-25,2020-12-31,3.9504950495049513,99.07234375,2454831.375
2020-09-30,HLT,USD,1585689,2020-11-04,2020-11-04 11:18:15,2020,Q3,933000000.0,736000000.0,197000000.0,0.2111468382,0,66000000.0,0.0,66000000.0,3000000.0,177000000.0,913000000.0,0.0,116000000.0,90000000.0,107000000.0,0.1146838156,11000000.0,0.011789925,-125000000.0,-114000000.0,-0.1221864952,-33000000.0,-79000000.0,-0.0846730975,-0.29,-0.28,277000000,279000000,https://www.sec.gov/Archives/edgar/data/1585689/000158568920000176/0001585689-20-000176-index.htm,https://www.sec.gov/Archives/edgar/data/1585689/000158568920000176/hlt-20200930.htm,3.368231046931408,-0.2851985559566787,-0.3610108303249097,-0.407942238267148,12.292418772563176,-4.76173285198556,-44.44404332129964,-4.7797833935018055,41.73285198555957,23633640000.0,31672640000.0,-74.78999999999999,25.330803858520905,-236.3364,-209.14725663716817,-17.85018126888217,-17.85018126888217,33.94709539121115,296.0059813084112,-316.7264,-280.2888495575221,-0.0033426928733787,-0.0047813201859721,-8.643504531722055,0.668106719598342,75.13084112149532,1.9939103958242712,0.0948275862068965,1.2345679012345678,0.0,0.0,0.0707395498392283,0.0,0.6417187226341292,-0.13,0.0139335476956055,0.1444444444444444,0.0267952840300107,,0.0005234254938175,-0.0128727391233501,-51.57942238267148,2285000000.0,-12311000000.0,-13864000000.0,14395000000.0,858500000.0,1379500000.0,169500000.0,85.85209003215435,169.60597826086956,21.52173913043478,1.048314606741573,0.5306416726748377,4.181818181818182,0.059667673716012,0.0469314079422382,2020-11-04,-0.09,bmo,311000000.0,2025-04-25,2020-09-30,-1.6666666666666667,83.56203125,2860183.359375
2020-06-30,HLT,USD,1585689,2020-08-06,2020-08-06 11:25:32,2020,Q2,564000000.0,649000000.0,-85000000.0,-0.1507092199,0,63000000.0,0.0,63000000.0,-23000000.0,164000000.0,813000000.0,0.0,106000000.0,88000000.0,-184000000.0,-0.3262411348,-302000000.0,-0.5354609929,-142000000.0,-444000000.0,-0.7872340426,-12000000.0,-430000000.0,-0.7624113475,-1.55,-1.55,277000000,277000000,https://www.sec.gov/Archives/edgar/data/1585689/000158568920000149/0001585689-20-000149-index.htm,https://www.sec.gov/Archives/edgar/data/1585689/000158568920000149/hlt-20200630.htm,2.036101083032491,-1.552346570397112,2.949458483754513,2.8267148014440435,12.646209386281589,-4.6606498194945845,-44.48736462093863,-4.689530685920578,41.56678700361011,20345650000.0,28250650000.0,-11.828866279069768,36.0738475177305,24.902876376988985,25.984227330779056,-15.662548113933797,-15.662548113933797,50.089804964539006,-153.53614130434784,34.578518971848226,36.08001277139208,-0.0211347388753861,0.0384848849754124,-8.782140107775211,0.6661216863248861,-42.96195652173913,1.9848222029488287,-2.849056603773585,-1.8912037037037035,0.0,0.0,0.1117021276595744,0.0,0.6441667639845848,0.0416156670746634,0.0602836879432624,0.3863636363636363,0.0425531914893617,,-0.019767093026427,-0.0705612077453232,-51.30776173285199,2271000000.0,-12323000000.0,-13840000000.0,14398000000.0,969000000.0,1416000000.0,186000000.0,131.96808510638297,190.2619414483821,22.6040061633282,0.6819830713422007,0.4730320699708454,3.98159509202454,0.3310238645111624,0.1227436823104693,2020-08-06,-0.34,bmo,512908814.0,2025-04-25,2020-06-30,0.7941176470588234,74.22396825396825,4562571.936507937
2020-03-31,HLT,USD,1585689,2020-05-07,2020-05-07 11:26:34,2020,Q1,1920000000.0,1575000000.0,345000000.0,0.1796875,0,60000000.0,0.0,60000000.0,0.0,165000000.0,1740000000.0,0.0,94000000.0,91000000.0,271000000.0,0.1411458333,68000000.0,0.0354166667,-85000000.0,-17000000.0,-0.0088541667,-35000000.0,18000000.0,0.009375,0.06,0.06,277000000,280000000,https://www.sec.gov/Archives/edgar/data/1585689/000158568920000110/0001585689-20-000110-index.htm,https://www.sec.gov/Archives/edgar/data/1585689/000158568920000110/hlt-20200331.htm,6.931407942238267,0.0649819494584837,0.4657039711191336,0.3610108303249097,6.259927797833935,-3.2635379061371843,-43.33574007220216,-3.299638989169675,38.108303249097474,18902480000.0,27630480000.0,262.53444444444443,9.845041666666669,146.5308527131783,189.0248,-20.68105032822757,-20.68105032822757,14.390875,101.95749077490775,214.18976744186045,276.3048,0.0009522560002708,0.0052903111126159,-11.446389496717725,0.6626551811502407,32.20664206642066,1.4184684684684683,0.723404255319149,7.166666666666667,0.0022219306672986,2.333333333333333,0.03125,0.0,0.7030656194578161,0.2248062015503876,0.0151041666666666,0.3186813186813186,-0.00625,,-0.0052906165037842,0.003839590443686,-50.61462093862816,929000000.0,-12004000000.0,-13543000000.0,13155000000.0,1186000000.0,881500000.0,215500000.0,52.078125,83.42857142857143,11.942857142857145,1.728172817281728,1.0787671232876712,7.535885167464115,-0.0196936542669584,0.1046931407942238,2020-05-07,0.45,bmo,1427027027.0,2025-04-25,2020-03-31,0.6444444444444444,97.38645161290324,4655235.370967742
2019-12-31,HLT,USD,1585689,2020-02-11,2020-02-11 11:17:12,2019,Q4,2369000000.0,1791000000.0,578000000.0,0.2439848037,0,114000000.0,0.0,114000000.0,11000000.0,230000000.0,2021000000.0,0.0,110000000.0,90000000.0,433000000.0,0.1827775433,348000000.0,0.1468974251,-105000000.0,243000000.0,0.1025749261,67000000.0,175000000.0,0.0738708316,0.62,0.61,281000000,284000000,https://www.sec.gov/Archives/edgar/data/1585689/000158568920000013/0001585689-20-000013-index.htm,https://www.sec.gov/Archives/edgar/data/1585689/000158568920000013/hlt-20191231.htm,8.430604982206406,0.6227758007117438,0.7188612099644128,0.505338078291815,1.914590747330961,-1.6797153024911031,-41.66903914590747,-1.7153024911032029,33.0,31165710000.0,39790710000.0,44.522442857142856,13.155639510341915,154.28569306930692,219.47683098591548,-64.65914937759335,-64.65914937759335,16.796416209371042,91.89540415704388,196.9837128712871,280.2162676056338,0.0056151456199778,0.004556289588782,-19.010373443983404,0.6126228521762386,19.91916859122401,0.7290142807384187,3.163636363636364,1.1477272727272727,0.0013476349487946,0.24,0.0481215702828197,0.0,0.7512870227986895,0.297029702970297,0.0253271422541156,0.6666666666666666,0.0130856901646264,,0.020565386970957,0.0470430107526881,-49.23220640569395,-778000000.0,-11709000000.0,-13336000000.0,11706000000.0,1227000000.0,1043500000.0,213500000.0,47.90628957365977,15.226130653266331,11.155778894472364,1.8786677240285488,5.910891089108911,8.067567567567568,-0.3630705394190871,0.2135231316725978,2020-02-11,0.95,bmo,2274240000.0,2025-04-25,2019-12-31,0.0526315789473684,100.3371875,1644136.453125
2019-09-30,HLT,USD,1585689,2019-10-23,2019-10-23 11:16:40,2019,Q3,2395000000.0,1753000000.0,642000000.0,0.2680584551,0,107000000.0,0.0,107000000.0,0.0,204000000.0,1957000000.0,0.0,105000000.0,86000000.0,523000000.0,0.2183716075,519000000.0,0.2167014614,-98000000.0,421000000.0,0.175782881,131000000.0,288000000.0,0.1202505219,1.01,1.0,285000000,288000000,https://www.sec.gov/Archives/edgar/data/1585689/000158568919000154/0001585689-19-000154-index.htm,https://www.sec.gov/Archives/edgar/data/1585689/000158568919000154/hlt-20190930.htm,8.403508771929825,1.0105263157894735,1.8666666666666667,1.673684210526316,2.5228070175438595,-0.6982456140350877,-39.99298245614035,-0.7298245614035088,31.27719298245614,26536350000.0,34626350000.0,23.035026041666665,11.079895615866388,49.88035714285714,55.63176100628931,-127.57860576923076,-127.57860576923076,14.45776617954071,66.20717017208413,65.08712406015037,72.591928721174,0.0108530374373265,0.017975343255572,-42.35096153846154,0.5846552067432137,15.468451242829827,0.7775862068965518,4.942857142857143,1.834482758620689,0.0016204187840452,0.1493055555555555,0.0446764091858037,0.0,0.7432800159288512,0.1033834586466165,0.022964509394572,0.6395348837209303,0.017536534446764,,0.029291760609773,0.0744570837642192,-47.54298245614035,-645000000.0,-11398000000.0,-13011000000.0,11773000000.0,1191500000.0,1720500000.0,202500000.0,44.830897703549056,91.59155733029094,10.524814603536797,2.007544006705784,0.9826233183856502,8.551219512195122,-1.3846153846153846,0.1929824561403508,2019-10-23,1.02,bmo,2326571428.0,2025-04-25,2019-09-30,0.0294117647058823,94.91625,1910480.46875
2019-06-30,HLT,USD,1585689,2019-07-24,2019-07-24 11:20:22,2019,Q2,2484000000.0,1792000000.0,692000000.0,0.2785829308,0,113000000.0,0.0,113000000.0,-12000000.0,214000000.0,2006000000.0,0.0,101000000.0,86000000.0,562000000.0,0.2262479871,478000000.0,0.192431562,-116000000.0,362000000.0,0.1457326892,101000000.0,260000000.0,0.1046698873,0.9,0.89,290000000,292000000,https://www.sec.gov/Archives/edgar/data/1585689/000158568919000129/0001585689-19-000129-index.htm,https://www.sec.gov/Archives/edgar/data/1585689/000158568919000129/q22019hwhfsandmda.htm,8.565517241379311,0.896551724137931,0.986206896551724,0.8206896551724138,2.189655172413793,-0.0793103448275862,-38.86551724137931,-0.1034482758620689,30.95172413793103,28797000000.0,37037000000.0,27.68942307692308,11.592995169082126,100.6888111888112,120.99579831932772,-959.9,-959.9,14.910225442834138,65.90213523131672,129.5,155.61764705882354,0.0090287182692641,0.0082647498003264,-295.8333333333333,0.5861955085865258,14.661921708185051,0.7967625899280576,4.732673267326732,1.0957854406130267,0.0014932110983783,0.1653846153846153,0.0454911433172302,0.0,0.7429326287978864,0.1678321678321678,0.0193236714975845,0.5581395348837209,0.0189210950080515,,0.0277998999044948,0.066803699897225,-46.67413793103448,-565000000.0,-11271000000.0,-12948000000.0,11992000000.0,1146000000.0,1668000000.0,209500000.0,43.11594202898551,83.21986607142857,10.044642857142856,2.0873949579831934,1.0814725407362704,8.96,-8.666666666666666,0.1655172413793103,2019-07-24,1.02,bmo,2366830188.0,2025-04-25,2019-06-30,0.0392156862745098,90.75968253968252,2153677.9206349207
2019-03-31,HLT,USD,1585689,2019-05-01,2019-05-01 11:17:44,2019,Q1,2204000000.0,1681000000.0,523000000.0,0.2372958258,0,107000000.0,0.0,107000000.0,4000000.0,211000000.0,1892000000.0,0.0,98000000.0,84000000.0,393000000.0,0.1783121597,312000000.0,0.1415607985,-94000000.0,218000000.0,0.0989110708,59000000.0,158000000.0,0.0716878403,0.54,0.54,293000000,295000000,https://www.sec.gov/Archives/edgar/data/1585689/000158568919000086/0001585689-19-000086-index.htm,https://www.sec.gov/Archives/edgar/data/1585689/000158568919000086/q12019hwhfsandmda.htm,7.522184300341297,0.5392491467576792,1.242320819112628,1.098976109215017,1.3037542662116042,0.3686006825938566,-38.13993174061434,0.3412969283276451,29.23549488054607,24655950000.0,32741950000.0,39.01257911392405,11.186910163339382,67.73612637362638,76.57127329192546,246.5595,246.5595,14.855694192377497,83.31284987277354,89.95041208791208,101.68307453416148,0.0064081895039534,0.0130597279764113,84.68,0.5701205143742005,20.575063613231556,0.6714387974230493,3.183673469387755,2.289308176100629,0.0017845591023667,0.2784810126582278,0.0485480943738656,0.0,0.7596445162593416,0.1153846153846153,0.0190562613430127,0.5,0.0154264972776769,2.034942687476293,0.0188159114459668,0.0442577030812324,-45.8259385665529,-918000000.0,-11175000000.0,-12869000000.0,11693000000.0,1126000000.0,981000000.0,230000000.0,45.0,89.89292088042832,11.725163593099346,2.0,1.0011911852293032,7.675799086757991,1.58,0.1433447098976109,2019-05-01,0.76,bmo,2093800000.0,2025-04-25,2019-03-31,0.0526315789473684,78.26573770491804,2821917.4426229508
2018-12-31,HLT,USD,1585689,2019-02-13,2019-02-13 11:23:06,2018,Q4,2288000000.0,1713000000.0,575000000.0,0.2513111888,0,115000000.0,0.0,115000000.0,2000000.0,213000000.0,1926000000.0,0.0,94000000.0,83000000.0,447000000.0,0.1953671329,362000000.0,0.1582167832,-96000000.0,266000000.0,0.1162587413,41000000.0,224000000.0,0.0979020979,0.76,0.75,296000000,298000000,https://www.sec.gov/Archives/edgar/data/1585689/000158568919000034/0001585689-19-000034-index.htm,https://www.sec.gov/Archives/edgar/data/1585689/000158568919000034/q42018hwh10-k.htm,7.72972972972973,0.7567567567567568,1.152027027027027,0.9966216216216216,1.3614864864864864,1.885135135135135,-36.3445945945946,1.8614864864864864,24.91891891891892,21252800000.0,28131800000.0,23.71964285714285,9.288811188811188,62.32492668621701,72.04338983050847,38.571324863883845,38.571324863883845,12.295367132867131,62.93467561521253,82.49794721407625,95.36203389830509,0.010539787698562,0.013880523978017,13.215970961887477,0.5203286888174348,15.389261744966444,0.7583173996175908,3.851063829787234,1.5155555555555555,0.0020703154407889,0.1964285714285714,0.0502622377622377,0.0,0.8085744908896034,0.1348973607038123,0.0201048951048951,0.5542168674698795,0.0104895104895104,5.629882833225838,0.0268316690780579,0.0836132885405001,-40.71283783783784,-632000000.0,-10758000000.0,-11454000000.0,11051000000.0,1120000000.0,820500000.0,243000000.0,45.23601398601398,14.868651488616464,12.66199649737303,1.9895652173913043,6.053003533568905,7.1078838174273855,0.4065335753176043,0.1554054054054054,2019-02-13,0.69,bmo,1998379746.0,2025-04-25,2018-12-31,0.1449275362318842,72.2436507936508,4069605.698412698
2018-09-30,HLT,USD,1585689,2018-10-24,2018-10-24 11:25:44,2018,Q3,2253000000.0,1668000000.0,585000000.0,0.2596537949,0,109000000.0,0.0,109000000.0,13000000.0,200000000.0,1868000000.0,0.0,99000000.0,81000000.0,466000000.0,0.2068353307,385000000.0,0.1708832668,-92000000.0,293000000.0,0.1300488238,129000000.0,162000000.0,0.0719041278,0.55,0.54,297000000,300000000,https://www.sec.gov/Archives/edgar/data/1585689/000158568918000143/0001585689-18-000143-index.htm,https://www.sec.gov/Archives/edgar/data/1585689/000158568918000143/q32018hwhfsandmda.htm,7.585858585858586,0.5454545454545454,1.286195286195286,1.127946127946128,2.090909090909091,1.9528619528619529,-36.27946127946128,1.9326599326599327,25.83501683501683,23281830000.0,30234830000.0,35.92875,10.3337017310253,60.94719895287959,69.498,40.56067944250871,40.56067944250871,13.419809143364404,64.88160944206008,79.14876963350785,90.25322388059702,0.0069582159134397,0.0143889032777921,13.195121951219512,0.5355299441419784,14.9206008583691,0.8433485288023208,3.888888888888889,2.3292682926829267,0.0019328377537332,0.2777777777777778,0.0483799378606302,0.0,0.8028706780739588,0.1230366492146596,0.020861074123391,0.5802469135802469,0.0155348424323124,4.870216449446863,0.0183477974070732,0.058106169296987,-40.41077441077441,-378000000.0,-10775000000.0,-11528000000.0,11338000000.0,1071000000.0,679000000.0,239000000.0,43.54194407456725,73.27338129496404,13.219424460431656,2.0669724770642204,1.228276877761414,6.808163265306122,0.2822299651567944,0.1582491582491582,2018-10-24,0.75,bmo,2223740259.0,2025-04-25,2018-09-30,0.0266666666666666,78.79301587301588,2991376.6666666665
2018-06-30,HLT,USD,1585689,2018-07-25,2018-07-25 11:29:34,2018,Q2,2291000000.0,1679000000.0,612000000.0,0.2671322567,0,115000000.0,0.0,115000000.0,-1000000.0,206000000.0,1885000000.0,0.0,95000000.0,79000000.0,485000000.0,0.2116979485,406000000.0,0.1772151899,-108000000.0,298000000.0,0.1300742034,81000000.0,217000000.0,0.0947184636,0.72,0.71,301000000,303000000,https://www.sec.gov/Archives/edgar/data/1585689/000158568918000122/0001585689-18-000122-index.htm,https://www.sec.gov/Archives/edgar/data/1585689/000158568918000122/q22018hwhfsandmda.htm,7.611295681063123,0.7209302325581395,0.9601328903654484,0.8239202657807309,1.4053156146179402,1.8604651162790693,-35.8936877076412,1.8438538205980064,25.48172757475083,23827160000.0,30979160000.0,27.450645161290325,10.400331732867745,82.44692041522491,96.07725806451612,42.93181981981982,42.93181981981982,13.522112614578786,63.874556701030926,107.19432525951557,124.91596774193548,0.0091072540747617,0.0104082903711562,13.64864864864865,0.5416130416130416,14.74639175257732,0.7754415475189235,4.273684210526316,1.3317972350230414,0.0018886010754114,0.2073732718894009,0.0501964207769533,0.0,0.8125268125268126,0.1418685121107266,0.0178961152335224,0.5189873417721519,0.0174596246180707,5.468914351400654,0.0254449001895183,0.0827612509534706,-40.19102990033223,-534000000.0,-10804000000.0,-11582000000.0,11181000000.0,1016000000.0,672000000.0,233500000.0,41.32693147097337,0.0,12.489577129243598,2.177756653992396,0.0,7.206008583690987,0.390990990990991,0.1362126245847176,2018-07-25,0.7,bmo,2291000000.0,2025-04-25,2018-06-30,0.0,81.339375,4270888.609375
2018-03-31,HLT,USD,1585689,2018-04-26,2018-04-26 11:40:34,2018,Q1,2074000000.0,1595000000.0,479000000.0,0.230954677,0,104000000.0,0.0,104000000.0,14000000.0,200000000.0,1795000000.0,0.0,83000000.0,82000000.0,361000000.0,0.1740597878,279000000.0,0.1345226615,-58000000.0,221000000.0,0.106557377,58000000.0,161000000.0,0.0776277724,0.51,0.51,316000000,319000000,https://www.sec.gov/Archives/edgar/data/1585689/000158568918000086/0001585689-18-000086-index.htm,https://www.sec.gov/Archives/edgar/data/1585689/000158568918000086/q12018hwhfsandmda.htm,6.563291139240507,0.509493670886076,0.7689873417721519,0.689873417721519,1.9303797468354431,5.528481012658228,-30.76582278481013,5.512658227848101,21.16455696202532,24888160000.0,30883160000.0,38.64621118012422,12.000077145612345,102.42041152263376,114.16587155963305,14.28711825487945,14.28711825487945,14.89062680810029,85.54891966759003,127.09119341563786,141.66587155963302,0.0064689394475123,0.0087591850904205,3.7916188289322617,0.4631837307152875,16.606648199445985,0.8070739549839229,3.36144578313253,1.49079754601227,0.0018884481616961,0.2919254658385093,0.0501446480231436,0.0,0.8042776998597475,0.102880658436214,0.0120540019286403,0.3048780487804878,0.0135004821600771,7.949525188905929,0.0174108029903533,0.0576854174131135,-34.971518987341774,-480000000.0,-9722000000.0,-10505000000.0,11347000000.0,992500000.0,813000000.0,222500000.0,42.52651880424301,75.83699059561128,13.203761755485893,2.1163265306122447,1.1867559523809523,6.816239316239316,0.092422502870264,0.0791139240506329,2018-04-26,0.51,bmo,1923163636.0,2025-04-25,2018-03-31,0.0784313725490196,82.11459016393442,2244223.672131148
2017-12-31,HLT,USD,1585689,2018-02-14,2018-02-14 11:30:05,2017,Q4,2279000000.0,1720000000.0,559000000.0,0.2452830189,0,108000000.0,0.0,108000000.0,12000000.0,211000000.0,1931000000.0,0.0,104000000.0,88000000.0,3970000000.0,1.7419921018,348000000.0,0.152698552,-92000000.0,256000000.0,0.1123299693,-585000000.0,840000000.0,0.3685827117,2.66,2.66,316000000,316000000,https://www.sec.gov/Archives/edgar/data/1585689/000158568918000033/0001585689-18-000033-index.htm,https://www.sec.gov/Archives/edgar/data/1585689/000158568918000033/a2017hwh10-k.htm,7.212025316455696,2.6582278481012658,0.879746835443038,0.6392405063291139,1.8037974683544304,6.566455696202532,-29.579113924050635,6.556962025316456,21.22151898734177,25235760000.0,31267760000.0,7.510642857142857,11.07317244405441,90.77611510791368,124.92950495049504,12.179420849420849,12.179420849420849,13.719947345326895,7.876010075566751,112.47395683453236,154.79089108910892,0.0332860987741205,0.0080045142290147,3.186293436293436,0.461420184512161,1.5193954659949622,0.8994565217391305,3.3461538461538463,0.3305588585017835,0.0019020627870926,0.0571428571428571,0.047389205792014,0.0,0.7982946603298854,0.2733812949640288,0.0333479596314172,0.8636363636363636,0.0078982009653356,19.803351451947982,0.0941243516383994,0.2910602910602911,-34.18908227848101,-222000000.0,-9347000000.0,-10247000000.0,11553000000.0,969000000.0,1091000000.0,233500000.0,39.68845985081175,14.75581395348837,11.040697674418604,2.2676616915422887,6.099290780141844,8.151658767772512,0.4054054054054054,0.240506329113924,2018-02-14,0.44,bmo,1723333333.0,2025-04-25,2017-12-31,0.2272727272727273,74.18380952380953,1992597.015873016
2017-09-30,HLT,USD,1585689,2017-10-26,2017-10-26 12:06:53,2017,Q3,2354000000.0,1778000000.0,576000000.0,0.2446898895,0,104000000.0,0.0,104000000.0,5000000.0,194000000.0,1972000000.0,0.0,100000000.0,83000000.0,421000000.0,0.17884452,382000000.0,0.1622769754,-93000000.0,289000000.0,0.1227697536,108000000.0,158000000.0,0.0671197961,0.49,0.49,322000000,325000000,https://www.sec.gov/Archives/edgar/data/1585689/000158568917000199/0001585689-17-000199-index.htm,https://www.sec.gov/Archives/edgar/data/1585689/000158568917000199/q32017hwhfsandmda-10q.htm,7.3105590062111805,0.4906832298136646,0.8385093167701864,0.6739130434782609,2.080745341614907,4.496894409937888,-30.975155279503102,4.4937888198757765,20.847826086956523,22362900000.0,28305900000.0,35.384335443037976,9.499957519116398,82.82555555555555,103.05483870967744,15.454664823773324,15.454664823773324,12.024596431605778,67.23491686460808,104.83666666666667,130.44193548387096,0.0070652732874537,0.0097035715403637,4.570145127850726,0.4649511354847782,14.116389548693586,0.9370388588293164,3.82,1.4917127071823204,0.0021911290575014,0.310126582278481,0.044180118946474,0.0,0.8030654573578008,0.1962962962962963,0.0225148683092608,0.6385542168674698,0.0084961767204757,7.043656953269132,0.019547812300064,0.0564084255622991,-35.02251552795031,-128000000.0,-9974000000.0,-10870000000.0,11640000000.0,927000000.0,1883500000.0,252000000.0,35.67119796091759,96.17547806524183,12.958380202474691,2.523043944265809,0.9357894736842104,6.9453125,0.1091914305459571,0.1645962732919254,2017-10-26,0.5,bmo,1866964285.0,2025-04-25,2017-09-30,0.1200000000000001,63.738412698412695,2423851.8253968256
2017-06-30,HLT,USD,1585689,2017-07-26,2017-07-26 16:11:20,2017,Q2,2346000000.0,1766000000.0,580000000.0,0.2472293265,0,117000000.0,0.0,117000000.0,5000000.0,215000000.0,1981000000.0,0.0,100000000.0,87000000.0,457000000.0,0.194799659,365000000.0,0.1555839727,-49000000.0,275000000.0,0.1172208014,108000000.0,150000000.0,0.0639386189,0.46,0.46,327000000,329000000,https://www.sec.gov/Archives/edgar/data/1585689/000158568917000168/0001585689-17-000168-index.htm,https://www.sec.gov/Archives/edgar/data/1585689/000158568917000168/q22017hwhfsandmda-10q.htm,7.174311926605505,0.4587155963302752,0.9571865443425076,0.8103975535168195,2.397553516819572,4.63302752293578,-30.223241590214062,4.63302752293578,20.55045871559633,20224950000.0,26060950000.0,33.70825,8.6210358056266,64.61645367412142,76.32056603773584,13.349801980198018,13.349801980198018,11.108674339300938,57.02614879649891,83.26182108626197,98.3432075471698,0.0074165819940222,0.0131026281894392,4.36963696369637,0.4639428130913168,12.77024070021882,1.0050276520864756,3.65,1.874251497005988,0.0024227501180472,0.3266666666666666,0.0498721227621483,0.0,0.7987945896699138,0.1533546325878594,0.0204603580562659,0.5517241379310345,0.0089514066496163,6.915052032881348,0.0179797652055925,0.0522466039707419,-34.11391437308868,10000000.0,-9883000000.0,-10755000000.0,11746000000.0,916000000.0,1525000000.0,250500000.0,35.33248081841432,95.14722536806342,12.638731596828991,2.547231270358306,0.9459025174076058,7.120967741935484,0.099009900990099,0.146788990825688,2017-07-26,0.5,bmo,1996153846.0,2025-04-25,2017-06-30,0.04,62.23047619047619,3479954.761904762
2017-03-31,HLT,USD,1585689,2017-05-02,2017-05-02 11:35:09,2017,Q1,2161000000.0,1667000000.0,494000000.0,0.2285978714,0,105000000.0,0.0,105000000.0,1000000.0,217000000.0,1884000000.0,0.0,104000000.0,89000000.0,241000000.0,0.1115224433,277000000.0,0.1281813975,-107000000.0,110000000.0,0.05090236,35000000.0,47000000.0,0.0217491902,0.14,0.14,330000000,331000000,https://www.sec.gov/Archives/edgar/data/1585689/000158568917000131/0001585689-17-000131-index.htm,https://www.sec.gov/Archives/edgar/data/1585689/000158568917000131/q12017hwhfsandmda-10q.htm,6.548484848484849,0.1424242424242424,0.1909090909090909,0.0969696969696969,2.6121212121212123,4.836363636363636,-29.563636363636363,4.842424242424243,20.403030303030302,19291800000.0,25058800000.0,102.61595744680852,8.927255900046275,306.2190476190476,602.86875,12.072465581977472,12.072465581977472,11.59592781119852,103.97842323651452,397.75873015873015,783.0875,0.002436268259053,0.001658735835951,4.148310387984981,0.4639882410583048,23.929460580912863,1.0518556176919167,2.6634615384615383,0.84,0.0025399392488,1.0425531914893618,0.0485886163813049,0.0,0.7945684888360047,0.492063492063492,0.0143452105506709,0.348314606741573,0.0069412309116149,3.939259904479688,0.0152789933147509,0.0160136286201022,-33.391666666666666,102000000.0,-9756000000.0,-10622000000.0,11795000000.0,839500000.0,748500000.0,397000000.0,37.94076816288755,63.86922615476904,13.659268146370724,2.37211855104281,1.4091293322062552,6.58893280632411,0.0294117647058823,0.0939393939393939,2017-05-02,0.28,bmo,1397052631.0,2025-04-25,2017-03-31,0.357142857142857,57.67241935483871,2463956.306451613
2016-12-31,HLT,USD,1585689,2017-02-15,2017-02-15 13:19:35,2016,Q4,2920000000.0,2120000000.0,800000000.0,0.2739726027,0,224000000.0,0.0,224000000.0,-11000000.0,401000000.0,2521000000.0,2000000.0,153000000.0,177000000.0,584000000.0,0.2,406000000.0,0.1390410959,-152000000.0,254000000.0,0.0869863014,636000000.0,-387000000.0,-0.1325342466,-1.18,-1.17,329032574,331032772,https://www.sec.gov/Archives/edgar/data/1585689/000158568917000038/0001585689-17-000038-index.htm,https://www.sec.gov/Archives/edgar/data/1585689/000158568917000038/a2016hwh10-knospin.htm,8.874501282660239,-1.176175341229285,1.258234085966212,0.8479403622815777,4.309603705072678,17.776355480232787,-19.289883438713883,17.928316118634502,33.32496800149641,18363307954.94,27757307954.94,-11.862602038074936,6.288804094157535,44.35581631628019,65.81830808222223,3.1129526962095277,3.1129526962095277,9.505927381828768,47.52963690914384,67.04663757231884,99.48855897827958,-0.0210746343169554,0.0151933410192004,1.8328530259365992,0.4124985693029644,16.085616438356166,1.3252608047690015,2.65359477124183,-1.0837696335078535,0.003811949359656,-0.1808785529715762,0.0767123287671232,0.0,0.4653008278966846,0.3260869565217391,0.0462328767123287,0.7627118644067796,0.0051369863013698,,-0.0257658209636615,-0.0276132714948269,-55.00215306950126,873000000.0,-6347000000.0,-16805000000.0,21999000000.0,958500000.0,1329500000.0,524500000.0,23.671232876712327,13.330188679245282,22.96698113207547,3.8020833333333335,6.751592356687898,3.918669131238447,-0.0656043397185963,0.4102937236846343,2017-02-15,0.56,bmo,959214285.0,2025-04-25,2016-12-31,0.2499999999999998,50.28142857142857,4609602.158730159
2016-09-30,HLT,USD,1585689,2016-10-26,2016-10-26 15:30:32,2016,Q3,2942000000.0,2133000000.0,809000000.0,0.2749830048,0,147000000.0,0.0,147000000.0,-10000000.0,316000000.0,2449000000.0,3000000.0,148000000.0,169000000.0,662000000.0,0.2250169952,493000000.0,0.1675730795,72000000.0,337000000.0,0.1145479266,145000000.0,187000000.0,0.0635622026,0.57,0.57,329000000,331000000,https://www.sec.gov/Archives/edgar/data/1585689/000158568916000221/0001585689-16-000221-index.htm,https://www.sec.gov/Archives/edgar/data/1585689/000158568916000221/q32016hwhfsandmda.htm,8.94224924012158,0.5683890577507599,0.8541033434650456,0.5623100303951368,2.610942249240121,19.72948328267477,-17.753799392097264,19.805471124620063,32.06382978723404,15479450000.0,25021450000.0,20.69445187165775,5.261539768864718,55.08701067615658,83.67270270270271,2.3756062001227742,2.3756062001227742,8.504911624745072,37.79675226586103,89.04430604982207,135.25108108108108,0.0120805325770618,0.0119513290200879,1.5962246777163904,0.4020331645471763,14.413897280966768,1.163972286374134,3.331081081081081,1.4635416666666667,0.0044575227156003,0.3689839572192513,0.0499660095173351,0.0,0.476672722353214,0.3416370106761566,0.0326308633582596,0.5680473372781065,0.0078178110129163,15.915002170710984,0.0119757115323156,0.0138119506610532,-52.903495440729486,426000000.0,-5841000000.0,-16356000000.0,21778000000.0,1141500000.0,2352000000.0,483500000.0,35.14955812372536,98.94514767932488,21.434599156118143,2.560487380330722,0.9095948827292112,4.198818897637795,0.0286985880908532,0.2917933130699088,2016-10-26,0.68,bmo,1839942028.0,2025-04-25,2016-09-30,0.014705882352941,48.24046875,3224934.484375
2016-06-30,HLT,USD,1585689,2016-07-27,2016-07-27 13:49:16,2016,Q2,3051000000.0,2197000000.0,854000000.0,0.2799082268,0,132000000.0,0.0,132000000.0,-5000000.0,303000000.0,2500000000.0,4000000.0,147000000.0,171000000.0,433000000.0,0.1419206817,553000000.0,0.1812520485,127000000.0,400000000.0,0.1311045559,156000000.0,239000000.0,0.0783349721,0.73,0.72,329000000,330000000,https://www.sec.gov/Archives/edgar/data/1585689/000158568916000206/0001585689-16-000206-index.htm,https://www.sec.gov/Archives/edgar/data/1585689/000158568916000206/q22016hwhfsandmda.htm,9.27355623100304,0.7264437689969605,1.0425531914893618,0.6838905775075987,2.4620060790273555,19.288753799392097,-18.379939209726444,19.376899696048632,32.18844984802432,15206380000.0,24839380000.0,15.906255230125522,4.984064241232383,44.3334693877551,67.5839111111111,2.385314509803921,2.385314509803921,8.141389708292364,57.36577367205543,72.41801749271137,110.39724444444444,0.0157170871699904,0.0147964209759324,1.6381176470588237,0.4039376474683789,22.247113163972287,1.1002628614344725,3.761904761904762,1.4057377049180328,0.0045375690992859,0.2887029288702928,0.0432645034414945,0.0,0.4793640970100182,0.3440233236151603,0.0386758439855785,0.6900584795321637,0.0052441822353326,17.796492099572784,0.0144306125941136,0.0177563150074294,-53.54711246200608,267000000.0,-6047000000.0,-16577000000.0,21767000000.0,1085500000.0,2299500000.0,464000000.0,33.45132743362832,96.63632225762404,18.802913063268093,2.6904761904761907,0.9313268334039848,4.786492374727668,0.0374901960784313,0.3586626139817629,2016-07-27,0.78,bmo,2028000000.0,2025-04-25,2016-06-30,-0.0384615384615384,44.8653125,3820123.703125
2016-03-31,HLT,USD,1585689,2016-04-27,2016-04-27 14:52:03,2016,Q1,2750000000.0,2044000000.0,706000000.0,0.2567272727,0,113000000.0,0.0,113000000.0,0.0,282000000.0,2326000000.0,3000000.0,139000000.0,169000000.0,329000000.0,0.1196363636,409000000.0,0.1487272727,-100000000.0,264000000.0,0.096,-46000000.0,309000000.0,0.1123636364,0.94,0.94,329000000,330000000,https://www.sec.gov/Archives/edgar/data/1585689/000158568916000176/0001585689-16-000176-index.htm,https://www.sec.gov/Archives/edgar/data/1585689/000158568916000176/q12016hwhfsandmda.htm,8.358662613981762,0.939209726443769,0.9483282674772036,0.6322188449848024,2.103343465045593,18.86018237082067,-19.09422492401216,18.95744680851064,32.17933130699088,15199800000.0,24955800000.0,12.297572815533982,5.5272,48.71730769230769,73.07596153846154,2.437037037037037,2.437037037037037,9.074836363636363,75.85349544072949,79.98653846153846,119.97980769230767,0.0203292148580902,0.0136843905840866,1.6751643418310085,0.406205046460091,29.653495440729483,1.075834970530452,2.9424460431654675,1.0064516129032255,0.0045395334149133,0.2233009708737864,0.041090909090909,0.0,0.4854787916488472,0.3333333333333333,0.0378181818181818,0.6153846153846154,0.004,20.015317002226208,0.0205513779586268,0.0233489496750793,-54.13905775075988,193000000.0,-6282000000.0,-16778000000.0,21778000000.0,1069500000.0,1285500000.0,455500000.0,33.93818181818182,98.63013698630137,20.65068493150685,2.651880424300868,0.9125,4.358208955223881,0.0495430495430495,0.3161094224924012,2016-04-27,0.48,bmo,1624470588.0,2025-04-25,2016-03-31,0.0625,40.64672131147541,4026318.524590164
2015-12-31,HLT,USD,1585689,2016-02-26,2016-02-26 12:19:38,2015,Q4,2856000000.0,2065000000.0,791000000.0,0.2769607843,0,118000000.0,0.0,118000000.0,5000000.0,291000000.0,2356000000.0,8000000.0,144000000.0,173000000.0,658000000.0,0.2303921569,491000000.0,0.1719187675,-150000000.0,341000000.0,0.1193977591,-475000000.0,814000000.0,0.2850140056,2.46,2.46,328999671,329999670,https://www.sec.gov/Archives/edgar/data/1585689/000158568916000161/0001585689-16-000161-index.htm,https://www.sec.gov/Archives/edgar/data/1585689/000158568916000161/a2015hwh10-k.htm,8.680859744689531,2.4741666079052096,1.2249252370832917,0.829788063830617,1.851065680852915,18.08816398482052,-20.030415167193283,18.19150755320968,32.495473224956505,14446375553.61,24384375553.61,4.43684752875,5.058254745661764,35.84708574096774,52.91712656999999,2.413763668105263,2.413763668105263,8.537946622412464,37.0583215100456,60.50713536875931,89.3200569729304,0.0563463130928082,0.0188974735556961,1.7622389306599833,0.4101337688598538,15.103343465045592,1.0478313741386298,3.4097222222222223,0.4938725490196078,0.004776284525066,0.0847665847665847,0.0413165266106442,0.0,0.4876730440192876,0.3225806451612903,0.0455182072829131,0.7514450867052023,0.003501400560224,31.822923530862983,0.0500508746123504,0.0617836812144212,-55.04108847573893,118000000.0,-6590000000.0,-17180000000.0,21778000000.0,1077500000.0,1296000000.0,436000000.0,34.726890756302524,14.426150121065376,19.26392251815981,2.591651542649728,6.238670694864048,4.671945701357466,0.1360066833751044,0.3951371732526748,2016-02-26,0.66,bmo,1263560606.0,2025-04-25,2015-12-31,0.0,48.58953125,3430878.5
2015-09-30,HLT,USD,1585689,2015-10-28,2015-10-28 12:59:38,2015,Q3,2895000000.0,2080000000.0,815000000.0,0.2815198618,0,145000000.0,0.0,145000000.0,1000000.0,316000000.0,2396000000.0,3000000.0,138000000.0,171000000.0,670000000.0,0.231433506,663000000.0,0.229015544,-133000000.0,530000000.0,0.183074266,247000000.0,279000000.0,0.096373057,0.84,0.84,328999671,329666337,https://www.sec.gov/Archives/edgar/data/1585689/000158568915000112/0001585689-15-000112-index.htm,https://www.sec.gov/Archives/edgar/data/1585689/000158568915000112/q32015hwhfsandmda.htm,8.799400896665334,0.8480251641345866,1.0425542340435958,0.8054719300919909,1.908816498482152,15.744696595760423,-22.583609209749028,15.848040164149587,33.29486612161384,15486014513.97,25674014513.97,13.876357091370968,5.349227811388601,45.14873036142857,58.43779061875471,2.970083336012658,2.970083336012658,8.86839879584456,38.31942464771642,74.85135426813412,96.88307363762264,0.0180162558770891,0.0171122143635434,2.074415036440353,0.4170908530001542,15.205970149253732,1.034401876465989,4.804347826086956,1.2120141342756183,0.0044556331739037,0.2473118279569892,0.0500863557858376,0.0,0.4862717877525837,0.227405247813411,0.0269430051813471,0.4561403508771929,0.0048359240069084,17.389352471608184,0.0149867488414222,0.020942801381174,-58.11327999777848,88000000.0,-7430000000.0,-18106000000.0,21830000000.0,1057500000.0,2254500000.0,427000000.0,32.73575129533678,97.83173076923076,18.60576923076923,2.749287749287749,0.9199469261388766,4.837209302325581,0.0535097813578826,0.2370823039516048,2015-10-28,0.68,bmo,2853043478.0,2025-04-25,2015-09-30,0.014705882352941,52.8675,3581332.3125
2015-06-30,HLT,USD,1585689,2015-07-29,2015-07-29 13:01:13,2015,Q2,2922000000.0,2098000000.0,824000000.0,0.2819986311,0,221000000.0,0.0,221000000.0,18000000.0,394000000.0,2492000000.0,2000000.0,149000000.0,173000000.0,603000000.0,0.2063655031,427000000.0,0.1461327858,-115000000.0,312000000.0,0.1067761807,145000000.0,161000000.0,0.0550992471,0.48,0.48,328999671,329666337,https://www.sec.gov/Archives/edgar/data/1585689/000158568915000080/0001585689-15-000080-index.htm,https://www.sec.gov/Archives/edgar/data/1585689/000158568915000080/q22015hwhfsandmda.htm,8.881467848033198,0.489362191489851,1.1003050516728328,0.8145904802439757,1.5531930425547449,15.407310240136988,-23.288777088169187,15.516732841960806,34.46508005778522,18595061404.92,29274061404.92,28.87431895173913,6.363812938028748,51.36757294176796,69.38455748104478,3.642519374127326,3.642519374127326,10.018501507501712,48.54736551396352,80.86757294176796,109.23157240641792,0.0086582128713703,0.0144124288790512,2.1919686581782565,0.4295420521285171,17.70978441127695,1.0309150865622425,2.865771812080537,2.167664670658682,0.0,0.0,0.0756331279945243,0.0,0.4886952516218187,0.2596685082872928,0.0321697467488021,0.5433526011560693,0.0277207392197125,13.070933544963454,0.0096148452812034,0.012087087087087,-59.15659411100141,75000000.0,-7662000000.0,-18481000000.0,21997000000.0,1040500000.0,2190000000.0,422500000.0,32.71047227926078,96.43469971401336,18.188751191611058,2.751412429378531,0.9332740213523132,4.94811320754717,0.031537708129285,0.2857145714288571,2015-07-29,0.66,bmo,2649280000.0,2025-04-25,2015-06-30,0.1363636363636363,60.0368253968254,4112947.0793650793
2015-03-31,HLT,USD,1585689,2015-04-29,2015-04-29 13:52:32,2015,Q1,2599000000.0,1952000000.0,647000000.0,0.2489419007,0,127000000.0,0.0,127000000.0,-25000000.0,302000000.0,2254000000.0,6000000.0,144000000.0,175000000.0,632000000.0,0.2431704502,490000000.0,0.1885340516,-177000000.0,313000000.0,0.120430935,163000000.0,150000000.0,0.0577145056,0.45,0.45,328666338,329333004,https://www.sec.gov/Archives/edgar/data/1585689/000158568915000060/0001585689-15-000060-index.htm,https://www.sec.gov/Archives/edgar/data/1585689/000158568915000060/q12015hwhfsandmda.htm,7.907715818466325,0.4563899087225659,0.870183425964359,0.5446252910755953,72.43516371305418,14.062894387437998,-24.6754810649334,14.184598363097347,35.21504535703318,19973053360.26,30856053360.26,33.2884222671,7.684899330611775,69.83585091,111.58130368860336,4.28422423,4.28422423,11.872279092058484,48.822869240917726,107.88829846244757,172.38018637016762,0.0075101186230469,0.0089620748901694,2.451737451737452,0.4412275622466705,17.21993670886076,1.0831157528285469,3.4027777777777777,1.9066666666666667,0.0,0.0,0.0488649480569449,0.0,0.4914881297046902,0.3741258741258741,0.0411696806464024,0.6114285714285714,0.0073105040400153,12.068903012474074,0.0098856731982049,0.0113869278068777,10.64529462095385,191000000.0,-8110000000.0,-18794000000.0,22116000000.0,995500000.0,1215500000.0,412500000.0,35.28664871104271,98.29918032786884,19.410860655737707,2.55053974484789,0.9155722326454032,4.636579572446556,0.0321750321750321,0.3255581348887637,2015-04-29,0.37,bmo,2671194444.0,2025-04-25,2015-03-31,-0.027027027027027,56.52393442622951,2675618.868852459
2014-12-31,HLT,USD,1585689,2015-02-18,2015-02-18 17:26:55,2014,Q4,2828000000.0,2073000000.0,755000000.0,0.2669731259,0,142000000.0,0.0,142000000.0,-1000000.0,300000000.0,2373000000.0,2000000.0,151000000.0,158000000.0,617000000.0,0.218175389,455000000.0,0.1608910891,-162000000.0,293000000.0,0.1036067893,134000000.0,158000000.0,0.0558698727,0.48,0.48,328333005,328999671,https://www.sec.gov/Archives/edgar/data/1585689/000158568915000032/0001585689-15-000032-index.htm,https://www.sec.gov/Archives/edgar/data/1585689/000158568915000032/a2014hwh10-k.htm,8.61320658274973,0.4812187553304304,1.4223364477171585,1.0598995370568975,73.16352494017468,14.357374763466137,-25.5320052274367,14.473110919811427,36.07008683150815,17575665757.65,28701665757.65,27.809597717800635,6.214874737500001,37.63525858169165,50.5047866599138,3.6985828614583336,3.6985828614583336,10.149103874699437,46.5180968519449,61.45966971659529,82.4760510277299,0.0089897021358197,0.0198001034383877,2.46043771043771,0.4475406698564593,18.032414910859,1.107221976074435,3.013245033112583,2.9371069182389937,0.0,0.0,0.0502121640735502,0.0,0.5013205741626794,0.2548179871520342,0.042079207920792,0.7531645569620253,0.0074257425742574,12.51824586386989,0.0102858264027758,0.0121277249002149,10.787828046711295,242000000.0,-8383000000.0,-18912000000.0,20822000000.0,977000000.0,1151000000.0,377000000.0,30.933521923620933,12.981186685962374,17.539797395079596,2.909465020576132,6.933110367892977,5.131188118811881,0.0332491582491582,0.3624369106602609,2015-02-18,0.54,bmo,2994352941.0,2025-04-25,2014-12-31,-0.0555555555555556,51.24171875,2746404.8125
2014-09-30,HLT,USD,1585689,2014-10-31,2014-10-31 11:39:42,2014,Q3,2644000000.0,1921000000.0,723000000.0,0.2734493192,0,119000000.0,0.0,119000000.0,24000000.0,278000000.0,2199000000.0,2000000.0,156000000.0,159000000.0,604000000.0,0.2284417549,445000000.0,0.1683055976,-131000000.0,314000000.0,0.1187594554,127000000.0,183000000.0,0.0692133132,0.57,0.57,328333005,328999671,https://www.sec.gov/Archives/edgar/data/1585689/000144530514004646/0001445305-14-004646-index.htm,https://www.sec.gov/Archives/edgar/data/1585689/000144530514004646/q32014hwhfsandmda.htm,8.05279993097252,0.557360963452334,1.178681381727067,0.8131987827419299,73.94626683966786,14.467019543161674,-25.775660293426792,14.58884707615672,37.218311329986456,16590666742.65,28111666742.65,22.664845276844265,6.274836135646747,42.86993990348837,62.1373286241573,3.4636047479436325,3.4636047479436325,10.632249146236765,46.54249460703642,72.63996574328166,105.28714135823972,0.0110302981090903,0.0160933857657219,2.518580375782881,0.4582890138276858,19.07450331125828,1.12803738317757,2.852564102564102,2.06951871657754,0.0,0.0,0.0450075642965204,0.0,0.5019373955325939,0.3100775193798449,0.0453857791225416,0.7547169811320755,0.0060514372163388,13.526019809817416,0.0109010704441149,0.013957745404622,11.014731826914568,274000000.0,-8463000000.0,-19160000000.0,22611000000.0,978500000.0,2001000000.0,354500000.0,33.42662632375189,93.84174908901612,16.39770952628839,2.6924643584521384,0.9590614078881676,5.488571428571428,0.0382045929018789,0.3654825989851371,2014-10-31,0.5,bmo,2497111111.0,2025-04-25,2014-09-30,0.08,50.82359375,2113378.578125
2014-06-30,HLT,USD,1585689,2014-08-01,2014-08-01 12:16:28,2014,Q2,2667000000.0,1941000000.0,726000000.0,0.272215973,0,133000000.0,0.0,133000000.0,11000000.0,291000000.0,2232000000.0,5000000.0,158000000.0,158000000.0,593000000.0,0.2223472066,435000000.0,0.1631046119,-102000000.0,333000000.0,0.1248593926,121000000.0,209000000.0,0.0783652043,0.63,0.63,328333005,328333005,https://www.sec.gov/Archives/edgar/data/1585689/000158568914000036/0001585689-14-000036-index.htm,https://www.sec.gov/Archives/edgar/data/1585689/000158568914000036/q22014hwhfsandmda.htm,8.12285076244467,0.6365488598991137,1.1116762385797918,0.8406099776658152,74.21733310058183,14.457882478187049,-26.232513542158213,14.722857362451272,37.98582478785524,15694317639.0,27463317639.0,18.77310722368421,5.884633535433071,42.99813051780822,56.86346970652174,3.246652387050062,3.246652387050062,10.297456932508435,46.31250866610456,75.24196613424658,99.50477405434782,0.0133169217552115,0.0175859827963559,2.547372776168804,0.4647318564365777,19.846543001686346,1.1400943396226415,2.7531645569620253,1.721698113207547,0.0,0.0,0.0498687664041994,0.0,0.5042080235498358,0.2438356164383561,0.0333708286464191,0.5632911392405063,0.0082489688788901,14.52122262558586,0.0113095494318183,0.0159092639110908,10.747472676406687,297000000.0,-8613000000.0,-19333000000.0,22693000000.0,939000000.0,1967500000.0,378000000.0,32.902137232845895,92.68933539412672,16.646058732612055,2.7353846153846155,0.9709854927463732,5.406685236768802,0.0432354158047165,0.2710662609139767,2014-08-01,0.57,bmo,2412999999.0,2025-04-25,2014-06-30,0.1052631578947369,45.51095238095238,1869446.9047619049
2014-03-31,HLT,USD,1585689,2014-05-09,2014-05-09 12:03:03,2014,Q1,2363000000.0,1775000000.0,588000000.0,0.2488362251,0,97000000.0,0.0,97000000.0,3000000.0,250000000.0,2025000000.0,1000000.0,153000000.0,153000000.0,491000000.0,0.2077867118,338000000.0,0.1430385104,-131000000.0,207000000.0,0.0876005078,83000000.0,123000000.0,0.0520524757,0.36,0.36,328333005,328333005,https://www.sec.gov/Archives/edgar/data/1585689/000158568914000016/0001585689-14-000016-index.htm,https://www.sec.gov/Archives/edgar/data/1585689/000158568914000016/q12014hwhfsandmda.htm,7.196961511682324,0.3746196639597655,0.4477161837567929,0.2223352477159584,73.9158099564191,13.544175980724203,-27.265001884291223,13.81524224163818,38.57668832288122,14981835018.150002,27059835018.15,30.450884183231707,6.340175631887432,101.91724502142856,205.2306166869863,3.30287368125,3.30287368125,11.4514748278248,55.11168028136456,184.08051032755105,370.6826714815069,0.0082099422301066,0.0048725673398193,2.758597883597884,0.4741029818512484,24.59877800407332,1.1555891238670697,2.2091503267973858,1.185483870967742,0.0,0.0,0.041049513330512,0.0,0.507672488917516,0.5034013605442177,0.0313161235717308,0.4836601307189542,0.0080406263224714,10.791101965828984,0.0082807831970754,0.00946590734185,9.74239552919756,309000000.0,-8952000000.0,-19651000000.0,22739000000.0,877500000.0,1127500000.0,396500000.0,34.392721117223864,98.16338028169014,20.12957746478873,2.6168327796234774,0.9168388429752066,4.471032745591939,0.0271164021164021,0.2253809360408345,2014-05-09,0.26,bmo,1575333333.0,2025-04-25,2014-03-31,0.5,45.25901639344263,1015860.8852459016
2013-12-31,HLT,USD,1585689,2014-02-27,2014-02-27 16:15:26,2013,Q4,2643000000.0,1977000000.0,666000000.0,0.2519863791,0,429000000.0,0.0,429000000.0,2000000.0,577000000.0,2554000000.0,4000000.0,219000000.0,148000000.0,248000000.0,0.0938327658,89000000.0,0.0336738555,19000000.0,108000000.0,0.0408626561,46000000.0,26000000.0,0.0098373061,0.09,0.09,288888600,288888600,https://www.sec.gov/Archives/edgar/data/1585689/000158568914000006/0001585689-14-000006-index.htm,https://www.sec.gov/Archives/edgar/data/1585689/000158568914000006/a2013hwh10-k.htm,9.148855302701456,0.09000009000009,3.7280806511575744,3.2192339884647576,84.85277716046947,14.801553263091725,-31.70772401541632,15.102707410399718,44.79927556850634,13187764590.0,25316764590.0,126.80542875,4.989695266742339,12.244906768802228,14.180392032258064,3.022636853082741,3.022636853082741,9.5787985584563,102.08372818548388,23.50674520891365,27.22232751612903,0.0019715244249745,0.070519912124091,2.9161127664451065,0.4789925457420375,48.90725806451613,1.1125116713352008,0.4063926940639269,17.370967741935484,0.0,0.0,0.1623155505107832,0.0,0.5058354039605452,0.1364902506963788,0.0556186152099886,0.9932432432432432,0.0972379871358305,5.530191053577853,0.0020877979974089,0.0019808014627456,10.606164452318298,241000000.0,-9160000000.0,-19903000000.0,22735000000.0,893000000.0,1141500000.0,391000000.0,29.01248581157775,14.522003034901363,18.02731411229135,3.102112676056338,6.197492163009405,4.992424242424242,0.0059592023836809,0.5088466626928165,2014-02-27,,bmo,,2025-04-25,2013-12-31,,44.73846153846154,4594320.307692308
2013-09-30,HLT,USD,1585689,2013-09-30,2013-09-29 20:00:00,2013,Q3,2449000000.0,1816000000.0,633000000.0,0.2584728461,0,130000000.0,0.0,130000000.0,-1000000.0,276000000.0,2092000000.0,2000000.0,127000000.0,146000000.0,521000000.0,0.2127398938,357000000.0,0.1457737852,-84000000.0,273000000.0,0.111474071,70000000.0,200000000.0,0.0816659861,0.61,0.61,328204793,328204793,,,7.461804495950795,0.6093756223724618,1.1760949511788512,0.956719727124765,1.4320327125752852,11.733527608781753,-29.115967236956227,12.117434250876403,40.04816590231819,14477113419.23,27024113419.23,18.0963917740375,5.911438717529604,37.50547517935233,46.10545674914013,3.640209559776213,3.640209559776213,11.034754356565944,51.86969946109405,70.01065652650259,86.06405547525478,0.0138149086912822,0.0216894066453131,3.2730701533819464,0.4891586186163617,24.08253358925144,1.1200724966017217,2.811023622047244,1.9014778325123152,0.0,0.0,0.0530828909759085,0.0,0.5038142121679005,0.1865284974093264,0.0293997550020416,0.4931506849315068,0.0008166598611678,12.88959089184629,0.0108524401480535,0.0151469251741896,-65.1925275204619,265000000.0,-9556000000.0,-20288000000.0,22743000000.0,940000000.0,1939000000.0,390500000.0,34.324213964883626,97.33480176211457,19.129955947136565,2.6220556745182013,0.924643584521385,4.704663212435233,0.0502891626854412,0.2193752240540862,2014-02-27,0.54,bmo,3506020408.0,2025-04-25,2013-09-30,-0.8333333333333334,,
2013-06-30,HLT,USD,1585689,2013-06-30,2013-06-29 20:00:00,2013,Q2,2380000000.0,1735000000.0,645000000.0,0.2710084034,0,92000000.0,0.0,92000000.0,-1000000.0,241000000.0,1976000000.0,1000000.0,131000000.0,149000000.0,560000000.0,0.2352941176,404000000.0,0.1697478992,-163000000.0,241000000.0,0.1012605042,84000000.0,155000000.0,0.0651260504,0.47,0.47,328204793,328204793,,,7.251569906232295,0.4722661073386579,1.419845200127836,1.1517199262839528,2.013986431940986,6.636100527636109,-34.131128609081586,7.023054047842622,47.28145453987931,14477113419.23,29203113419.23,23.350182934241936,6.082820764382353,31.066766994055797,38.29924184981481,6.280743348906724,6.280743348906724,12.270215722365544,52.14841682005357,62.66762536315451,77.25691380748677,0.0107065542357437,0.0261101774265235,6.675488069414317,0.5744633190218406,26.29642857142857,1.210724759111856,3.0839694656488548,2.968152866242038,0.0,0.0,0.0386554621848739,0.0,0.499533320888557,0.1888412017167382,0.0369747899159663,0.5906040268456376,0.0004201680672268,8.638685312481401,0.0106127957575588,0.0115628496829541,-70.19702481919573,503000000.0,-11202000000.0,-21717000000.0,22967000000.0,473000000.0,957000000.0,197500000.0,35.77310924369748,99.28530259365996,20.48991354466859,2.5158562367864694,0.906478578892372,4.39240506329114,0.0672451193058568,0.2681252738438832,2013-06-29,,bmo,,2025-04-25,2013-06-30,,,
2013-03-31,HLT,USD,1585689,2013-03-31,2013-03-30 20:00:00,2013,Q1,2263000000.0,1754000000.0,509000000.0,0.224922669,0,97000000.0,0.0,97000000.0,7000000.0,257000000.0,2011000000.0,2000000.0,143000000.0,160000000.0,422000000.0,0.1864781264,252000000.0,0.1113566063,-176000000.0,76000000.0,0.0335837384,38000000.0,34000000.0,0.015024304,0.1,0.1,328204793,328204793,,,6.895085167144406,0.1035938558033185,0.5240630352403172,0.3138284455218178,2.3003929744560434,0.0,0.0,6.566022331063276,0.4357035699963102,14477113419.23,15232113419.23,106.44936337669118,6.397310392942996,84.16926406529069,140.55449921582525,6.717918059967518,6.717918059967518,6.730938320472824,36.09505549580569,88.55879894901163,147.8845963032039,0.0023485344775179,0.0071146779760103,0.0,0.0,1.7890995260663507,0.0,1.7622377622377623,4.526315789473684,0.0,0.0,0.0428634555899248,0.0,0.0,0.4011627906976744,0.030490499337163,0.43125,0.0008837825894829,3.912095389650489,0.0,0.0,2.3003929744560434,755000000.0,0.0,755000000.0,755000000.0,419000000.0,143000000.0,207500000.0,0.0,0.0,0.0,0.0,0.0,0.0,0.0157772621809744,0.2102345897184993,2013-03-30,,bmo,,2025-04-25,2013-03-31,,,
2012-12-31,HLT,USD,1585689,2012-12-31,2012-12-30 19:00:00,2012,Q4,2338000000.0,1765000000.0,573000000.0,0.245081266,0,133000000.0,0.0,133000000.0,7000000.0,289000000.0,2054000000.0,4000000.0,146000000.0,156000000.0,414000000.0,0.1770744226,263000000.0,0.1124893071,-151000000.0,112000000.0,0.0479041916,48000000.0,61000000.0,0.0260906758,0.19,0.19,317348011,328204793,,,7.36730629769096,0.1922180000680703,1.1344013118771368,0.6774896723710677,2.3790916401867728,6.790652297486749,-35.969974930770874,7.250715051748032,50.86214326391351,13998220765.21,29238220765.21,57.369757234467215,5.987262944914456,38.883946570027774,65.10800355911627,6.083537924906562,6.083537924906562,12.505654732767322,70.62372165509662,81.2172799033611,135.99172448934883,0.0043576966689655,0.0153590948168457,6.951325510647544,0.5909628315968374,36.81159420289855,1.203490847169008,1.8013698630136987,5.625,0.0,0.0,0.0568862275449101,0.0,0.5013670287445504,0.4027777777777778,0.0620188195038494,0.9294871794871796,0.0128314798973481,5.599879801565869,0.0059817590465576,0.0045198577356253,-73.48399609159674,478000000.0,-11415000000.0,-22084000000.0,23245000000.0,,,,32.25834046193328,14.58356940509915,21.161473087818692,2.7899761336515514,6.171328671328672,4.253012048192771,0.0265102129508909,0.4569116395060689,2012-12-30,,bmo,,2025-04-25,2012-12-31,,,
2012-09-30,HLT,USD,1585689,2012-09-30,2012-09-29 20:00:00,2012,Q3,2417000000.0,1829000000.0,588000000.0,0.2432767894,0,91000000.0,0.0,91000000.0,-1000000.0,226000000.0,2055000000.0,2000000.0,142000000.0,135000000.0,510000000.0,0.2110053786,345000000.0,0.1427389326,-112000000.0,233000000.0,0.0964004965,54000000.0,177000000.0,0.0732312784,0.54,0.54,328204793,328204793,,,7.364304396371201,0.5392974257996287,0.9810947520196636,0.6246100129317733,,,,,,14477113419.23,,20.447900309646897,5.9897035247124535,44.959979562826085,70.62006545965853,0.0,0.0,,,,,0.0122261941917848,0.0141602814085643,0.0,0.0,,0.0,2.4295774647887325,1.7988826815642458,0.0,0.0,0.0376499793131981,0.0,0.0,0.3633540372670807,0.0484071162598262,0.8666666666666667,0.0012412081092263,,0.0,0.0,,,,,,,,,,,,0.0,0.0,0.0,0.0,0.3564847390878902,2012-09-29,,bmo,,2025-04-25,2012-09-30,,,
