date,symbol,reportedCurrency,cik,fillingDate,acceptedDate,calendarYear,period,revenue,costOfRevenue,grossProfit,grossProfitRatio,researchAndDevelopmentExpenses,generalAndAdministrativeExpenses,sellingAndMarketingExpenses,sellingGeneralAndAdministrativeExpenses,otherExpenses,operatingExpenses,costAndExpenses,interestIncome,interestExpense,depreciationAndAmortization,ebitda,ebitdaratio,operatingIncome,operatingIncomeRatio,totalOtherIncomeExpensesNet,incomeBeforeTax,incomeBeforeTaxRatio,incomeTaxExpense,netIncome,netIncomeRatio,eps,epsdiluted,weightedAverageShsOut,weightedAverageShsOutDil,link,finalLink,revenuePerShare,netIncomePerShare,operatingCashFlowPerShare,freeCashFlowPerShare,cashPerShare,bookValuePerShare,tangibleBookValuePerShare,shareholdersEquityPerShare,interestDebtPerShare,marketCap,enterpriseValue,peRatio,priceToSalesRatio,pocfratio,pfcfRatio,pbRatio,ptbRatio,evToSales,enterpriseValueOverEBITDA,evToOperatingCashFlow,evToFreeCashFlow,earningsYield,freeCashFlowYield,debtToEquity,debtToAssets,netDebtToEBITDA,currentRatio,interestCoverage,incomeQuality,dividendYield,payoutRatio,salesGeneralAndAdministrativeToRevenue,researchAndDdevelopementToRevenue,intangiblesToTotalAssets,capexToOperatingCashFlow,capexToRevenue,capexToDepreciation,stockBasedCompensationToRevenue,grahamNumber,roic,returnOnTangibleAssets,grahamNetNet,workingCapital,tangibleAssetValue,netCurrentAssetValue,investedCapital,averageReceivables,averagePayables,averageInventory,daysSalesOutstanding,daysPayablesOutstanding,daysOfInventoryOnHand,receivablesTurnover,payablesTurnover,inventoryTurnover,roe,capexPerShare,report_date,epsEstimated,time,revenueEstimated,updatedFromDate,fiscalDateEnding,surprise(%),QuarterAvgPrice,QuarterAvgVolume
2025-01-31,HPE,USD,1645590,2025-03-07,2025-03-07 08:22:56,2025,Q1,7854000000.0,5559000000.0,2295000000.0,0.2922077922,475000000,0.0,0.0,1268000000.0,119000000.0,1862000000.0,7421000000.0,0.0,0.0,599000000.0,1113000000.0,0.1417112299,433000000.0,0.0551311434,300000000.0,733000000.0,0.0933282404,106000000.0,627000000.0,0.0798319328,0.4544072948328267,0.4244144783534421,1316000000,1409000000,https://www.sec.gov/Archives/edgar/data/1645590/000164559025000039/0001645590-25-000039-index.htm,https://www.sec.gov/Archives/edgar/data/1645590/000164559025000039/hpe-20250131.htm,5.968085106382978,0.4764437689969605,-0.2963525835866261,-0.6975683890577508,10.205927051671733,19.211246200607903,5.082066869300912,19.167173252279635,13.58434650455927,27886040000.0,32332040000.0,11.118835725677831,3.550552584670232,-71.50266666666667,-30.37694989106754,1.105535997462734,1.105535997462734,4.116633562515916,29.04945193171608,-82.90266666666666,-35.2200871459695,0.0224843685227447,-0.0329196974543535,0.7087297811607992,0.2541982453396277,3.9946091644204857,1.3255701895277867,0.0,-0.6220095693779905,0.0070286064281626,0.3125996810207336,0.0,0.0604787369493251,0.2643934761897991,0.0,0.0,0.0,0.0196078431372549,14.334287773377907,0.007403521149575,0.012119923453115,-18.79787234042553,8108000000.0,6688000000.0,-12033000000.0,32114000000.0,3500000000.0,10905500000.0,8193500000.0,39.533995416348354,173.99352401511064,138.86130599028604,2.276521739130435,0.5172606308737322,0.6481287163343826,0.0248572787821122,0.0,2025-03-06,0.4969,amc,7814358879.0,2025-05-11,2025-01-31,-0.0138860937814449,19.908916666666663,18219010.683333334
2024-10-31,HPE,USD,1645590,2024-12-19,2024-12-19 08:20:59,2024,Q4,8458000000.0,5856000000.0,2602000000.0,0.3076377394,527000000,0.0,0.0,1211000000.0,171000000.0,1913000000.0,7765000000.0,0.0,0.0,640000000.0,1435000000.0,0.1696618586,693000000.0,0.0819342634,724000000.0,1417000000.0,0.1675336959,51000000.0,1341000000.0,0.1585481201,0.98,1.0,1375000754,1337000000,https://www.sec.gov/Archives/edgar/data/1645590/000164559024000139/0001645590-24-000139-index.htm,https://www.sec.gov/Archives/edgar/data/1645590/000164559024000139/hpe-20241031.htm,6.151269354140296,0.9752721924689214,1.476362826779948,1.0341812510744266,10.797084988362124,18.09453553216015,4.570179312061672,18.04799010313852,13.26981090513642,26798764695.46,30198764695.46,4.996041143821774,3.168451725639631,13.201361918945812,18.84582608682138,1.0798986418222114,1.0798986418222114,3.570438010813431,21.04443532784669,14.876238766236453,21.236824680351617,0.0500396199317045,0.0530621473101296,0.7352514506769826,0.2560410878167887,2.3693379790940767,1.2881453817425788,0.0,1.4860907759882869,0.0063062608265906,0.1260253542132736,0.0,0.0623078742019389,0.2609525413263731,0.2995073891625616,0.071884606289903,0.95,0.0105225821707259,19.90071141303168,0.0133528785900095,0.0254623476246534,-18.15889913322913,7484000000.0,6284000000.0,-12925000000.0,31744000000.0,5556000000.0,10574500000.0,7744500000.0,37.77488768030267,170.04098360655738,120.03073770491804,2.382535211267605,0.5292841648590022,0.7498079385403329,0.0540377176015473,0.4421815757055214,2024-12-05,0.55,amc,8252050015.0,2025-04-25,2024-10-31,0.0545454545454543,21.1103125,12974715.578125
2024-07-31,HPE,USD,1645590,2024-09-05,2024-09-05 16:23:45,2024,Q3,7710000000.0,5271000000.0,2439000000.0,0.3163424125,547000000,0.0,0.0,1229000000.0,116000000.0,1892000000.0,7163000000.0,0.0,0.0,625000000.0,1227000000.0,0.1591439689,547000000.0,0.0709468223,61000000.0,608000000.0,0.0788586252,96000000.0,512000000.0,0.0664072633,0.39,0.38,1312000000,1332000000,https://www.sec.gov/Archives/edgar/data/1645590/000164559024000119/0001645590-24-000119-index.htm,https://www.sec.gov/Archives/edgar/data/1645590/000164559024000119/hpe-20240731.htm,5.876524390243903,0.3902439024390244,0.8795731707317073,0.4657012195121951,2.775914634146341,16.870426829268293,2.7964939024390243,16.826981707317074,8.996189024390244,26121920000.0,34282920000.0,12.75484375,3.388057068741894,22.635979202772965,42.75273322422259,1.1832187344294969,1.1832187344294969,4.446552529182879,27.94044009779951,29.70790294627383,56.109525368248775,0.0196003969080373,0.0233903174039274,0.5346287992027903,0.1939624005784526,6.65118174409128,0.9388225434737064,0.0,2.25390625,0.0064696622606607,0.330078125,0.0,0.07094682230869,0.303441135870637,0.4705372616984402,0.0704280155642023,0.8688,0.0103761348897535,12.155209075700984,0.011275894811568,0.012079175218817,-19.48551829268293,-1460000000.0,3669000000.0,-16313000000.0,22743000000.0,7524000000.0,10102000000.0,7502500000.0,88.27237354085602,172.19692657939672,131.11553784860558,1.019571541920127,0.5226574119980169,0.6864175022789426,0.0231915568238438,0.4138719512195122,2024-09-04,0.47,amc,7669723579.0,2025-04-25,2024-07-31,0.0638297872340426,19.11,15229789.203125
2024-04-30,HPE,USD,1645590,2024-06-05,2024-06-05 08:14:28,2024,Q2,7182000000.0,4895000000.0,2287000000.0,0.3184349763,590000000,0.0,0.0,1215000000.0,-67000000.0,1805000000.0,6700000000.0,0.0,22000000.0,642000000.0,1146000000.0,0.1595655806,482000000.0,0.067112225,20000000.0,445000000.0,0.0619604567,131000000.0,314000000.0,0.0437204121,0.24,0.24,1311000000,1325000000,https://www.sec.gov/Archives/edgar/data/1645590/000164559024000098/0001645590-24-000098-index.htm,https://www.sec.gov/Archives/edgar/data/1645590/000164559024000098/hpe-20240430.htm,5.478260869565218,0.2395118230358505,0.8337147215865751,0.406559877955759,2.230358504958047,16.578184591914567,2.4645308924485128,16.536994660564453,8.603356216628528,22287000000.0,31461000000.0,17.744426751592357,3.1031746031746037,20.390667886550776,41.81425891181989,1.02799815498155,1.02799815498155,4.3805346700083545,27.452879581151837,28.784080512351327,59.02626641651032,0.0140889307668147,0.023915286938574,0.5192343173431734,0.1885247274371556,8.00523560209424,0.8984842105263158,21.90909090909091,3.4808917197452227,0.0075828958585722,0.5382165605095541,0.0,0.0821498189919242,0.3098759022625647,0.5123513266239708,0.0779727095516569,0.8722741433021807,0.0167084377610693,9.44023988680548,0.0085609108228085,0.0076198796350223,-19.66094584286804,-2411000000.0,3231000000.0,-16638000000.0,21909000000.0,7448000000.0,9122000000.0,6687500000.0,93.8095238095238,186.04902962206333,134.6966292134831,0.9593908629441624,0.4837434529103666,0.6681681681681682,0.0144833948339483,0.4271548436308162,2024-06-04,0.3899,amc,6823757834.0,2025-04-25,2024-04-30,0.0771992818671453,18.431587301587303,17118183.634920634
2024-01-31,HPE,USD,1645590,2024-03-05,2024-03-05 16:20:10,2024,Q1,6731000000.0,4369000000.0,2362000000.0,0.350913683,582000000,0.0,0.0,1216000000.0,134000000.0,1798000000.0,6167000000.0,97000000.0,88000000.0,657000000.0,1244000000.0,0.1848165206,564000000.0,0.0837914129,-42000000.0,483000000.0,0.0717575397,96000000.0,387000000.0,0.0574951716,0.3,0.29,1301000000,1316000000,https://www.sec.gov/Archives/edgar/data/1645590/000164559024000069/0001645590-24-000069-index.htm,https://www.sec.gov/Archives/edgar/data/1645590/000164559024000069/hpe-20240131.htm,5.173712528823981,0.2974634896233666,0.0491929285165257,-0.4550345887778632,3.0530361260568792,16.501152959262107,2.227517294388932,16.46118370484243,9.90392006149116,19892290000.0,29702290000.0,12.850316537467698,2.955324617441688,310.81703125,-33.601841216216215,0.9288517930519236,0.9288517930519236,4.412760362501857,23.87643890675241,464.09828125,-50.17278716216216,0.0194547736836734,-0.0297602739553867,0.5975438924168845,0.2183713866420941,7.885852090032154,0.8905235255135852,6.409090909090909,0.165374677002584,0.0084957538825343,0.4366925064599483,0.0,0.0864656068934779,0.3168833828196989,10.25,0.0974595156737483,0.9984779299847792,0.0209478532164611,10.496357741326698,0.0110424352731407,0.0096672661870503,-18.89315910837817,-2478000000.0,2898000000.0,-16977000000.0,22089000000.0,7217000000.0,7630500000.0,5328000000.0,99.07888872381515,167.37239642938886,124.60746166170748,0.9083670715249662,0.537723076923077,0.7222681434947925,0.0180706014194994,0.504227517294389,2024-02-29,0.4548,amc,7006526969.0,2025-04-25,2024-01-31,0.0554089709762533,16.238852459016393,15655419.606557377
2023-10-31,HPE,USD,1645590,2023-12-22,2023-12-22 08:19:13,2023,Q4,7351000000.0,4792000000.0,2559000000.0,0.3481159026,578000000,0.0,0.0,1332000000.0,-1000000.0,1977000000.0,6769000000.0,656000000.0,27000000.0,655000000.0,1241000000.0,0.1688205686,507000000.0,0.0689702081,42000000.0,549000000.0,0.0746837165,-93000000.0,642000000.0,0.0873350565,0.5,0.49,1295000000,1315000000,https://www.sec.gov/Archives/edgar/data/1645590/000164559023000117/0001645590-23-000117-index.htm,https://www.sec.gov/Archives/edgar/data/1645590/000164559023000117/hpe-20231031.htm,5.6764478764478765,0.4957528957528958,2.1953667953667955,1.6741312741312742,3.996138996138996,16.4,2.0046332046332047,16.356756756756756,9.561389961389962,19917100000.0,28002100000.0,7.755880062305296,2.7094408923955924,7.005663032008441,9.186854243542436,0.9402842035690682,0.9402842035690682,3.809291252890763,22.56414182111201,9.849489975378122,12.91609778597786,0.0322336083064301,0.1088511881749853,0.5832782551222736,0.2161741290920861,6.514907332796132,0.8659171922127776,18.77777777777778,4.428348909657321,0.007732049344533,0.2398753894080997,0.0,0.0786287579921099,0.3261771035641174,0.2374252550123109,0.0918242415997823,1.0305343511450382,0.0096585498571622,13.50742256553699,0.0146997556814925,0.0166705616577081,-17.89073359073359,-2934000000.0,2596000000.0,-16967000000.0,21697000000.0,7095000000.0,6370000000.0,4574000000.0,85.99646306624949,134.02337228714524,86.52545909849749,1.0465546697038723,0.67152466367713,1.0401562839157803,0.0303087527145689,0.5212355212355212,2023-11-28,0.5,amc,7280140000.0,2025-04-25,2023-10-31,0.04,16.294285714285714,10406261.650793651
2023-07-31,HPE,USD,1645590,2023-09-01,2023-09-01 16:34:07,2023,Q3,7002000000.0,4492000000.0,2510000000.0,0.3584690089,578000000,0.0,0.0,1302000000.0,-3000000.0,1907000000.0,6399000000.0,31000000.0,50000000.0,654000000.0,1211000000.0,0.1729505855,471000000.0,0.0672664953,65000000.0,536000000.0,0.0765495573,72000000.0,464000000.0,0.0662667809,0.36,0.35,1299000000,1316000000,https://www.sec.gov/Archives/edgar/data/1645590/000164559023000087/0001645590-23-000087-index.htm,https://www.sec.gov/Archives/edgar/data/1645590/000164559023000087/hpe-20230731.htm,5.390300230946882,0.3571978444957659,1.1739799846035412,0.657428791377983,3.1270207852194,15.917628945342573,1.5073133179368745,15.875288683602772,10.317167051578137,22576620000.0,33009620000.0,12.164127155172412,3.224310197086546,14.804340983606556,26.43632318501171,1.0947832411987195,1.0947832411987195,4.714313053413311,27.25815028901734,21.645652459016397,38.65295081967213,0.0205522350112638,0.0378267428871106,0.64746387353312,0.2366746432686342,8.615194054500414,0.8753098661378285,9.42,3.2866379310344827,0.0068212159304625,0.3318965517241379,0.0,0.0825478434732933,0.3318089160684215,0.44,0.0958297629248786,1.025993883792049,0.012996286775207,11.295526779081444,0.0100103445356996,0.0123089983022071,-18.49961508852964,-2515000000.0,1958000000.0,-18083000000.0,22293000000.0,7296500000.0,5552500000.0,4429000000.0,92.10796915167096,112.27960819234194,90.98174532502226,0.9771141501535028,0.801570306923626,0.989209425236732,0.0225002424595092,0.5165511932255581,2023-08-29,0.46,amc,6988440000.0,2025-04-25,2023-07-31,0.0652173913043477,17.199523809523807,10819244.301587302
2023-04-30,HPE,USD,1645590,2023-06-02,2023-06-02 16:37:49,2023,Q2,6973000000.0,4461000000.0,2512000000.0,0.3602466657,570000000,0.0,0.0,1269000000.0,65000000.0,1904000000.0,6365000000.0,48000000.0,47000000.0,651000000.0,1251000000.0,0.1794062814,520000000.0,0.0745733544,2000000.0,522000000.0,0.074860175,104000000.0,418000000.0,0.0599455041,0.32,0.32,1304000000,1318000000,https://www.sec.gov/Archives/edgar/data/1645590/000164559023000066/0001645590-23-000066-index.htm,https://www.sec.gov/Archives/edgar/data/1645590/000164559023000066/hpe-20230430.htm,5.34739263803681,0.3205521472392638,0.6817484662576687,0.1541411042944785,2.506901840490797,15.660276073619633,1.5437116564417177,15.618098159509202,10.293711656441715,18829760000.0,29424760000.0,11.261818181818182,2.7003814713896457,21.180832395950507,93.68039800995024,0.9245683983109104,0.9245683983109104,4.219813566614083,23.520991207034378,33.098717660292465,146.3918407960199,0.0221989021633839,0.0106745917101439,0.6567809093587351,0.2407964139768492,8.469224620303757,0.8671176732013234,11.063829787234043,2.126794258373206,0.0082316503237428,0.3708133971291866,0.0,0.0817438692098092,0.3313831032061783,0.7739032620922385,0.0986662842392083,1.0568356374807988,0.0180696974042736,10.61340356664845,0.0103319554223847,0.0112544088742898,-18.50479294478528,-2691000000.0,2013000000.0,-17568000000.0,21730000000.0,7677000000.0,6018000000.0,4480500000.0,95.8597447296716,110.98184263618025,87.09482178883658,0.938871684394776,0.8109434648245774,1.0333564975677554,0.0205244034174604,0.5276073619631901,2023-05-30,0.47,amc,7307120000.0,2025-04-25,2023-04-30,0.1063829787234043,15.290806451612903,12936882.064516127
2023-01-31,HPE,USD,1645590,2023-03-07,2023-03-07 07:32:19,2023,Q1,7809000000.0,5151000000.0,2658000000.0,0.3403764887,623000000,0.0,0.0,1257000000.0,74000000.0,1954000000.0,7105000000.0,466000000.0,25000000.0,656000000.0,1362000000.0,0.1744141375,591000000.0,0.0756819055,32000000.0,623000000.0,0.0797797413,122000000.0,501000000.0,0.0641567422,0.39,0.38,1298000000,1315000000,https://www.sec.gov/Archives/edgar/data/1645590/000164559023000035/0001645590-23-000035-index.htm,https://www.sec.gov/Archives/edgar/data/1645590/000164559023000035/hpe-20230131.htm,6.01617873651772,0.3859784283513097,-0.6386748844375963,-1.2503852080123266,1.899075500770416,15.456856702619415,1.5154083204930662,15.416795069337445,9.977657935285054,20936740000.0,31332740000.0,10.4474750499002,2.681103854526828,-25.255416164053077,-12.900024645717806,1.0462615561441206,1.0462615561441206,4.012388269944935,23.00494860499266,-37.795826296743066,-19.305446703635244,0.0239292268041729,-0.0775192317428596,0.6459447303982809,0.2325196524617294,7.632892804698972,0.8490407897187559,23.64,-1.654690618762475,0.007451016729443,0.311377245508982,0.0,0.0797797413241132,0.3255203180370923,-0.9577804583835948,0.1016775515430913,1.2103658536585369,0.0179280317582276,11.570971543013767,0.012043038025757,0.0133617815708761,-19.10304314329738,-3242000000.0,1967000000.0,-17294000000.0,20844000000.0,7775000000.0,7626000000.0,4902500000.0,91.35996926623126,114.18171228887594,81.14152591729761,0.9851141667717926,0.7882172915072686,1.1091731266149871,0.0250362300734595,0.6117103235747303,2023-03-02,0.52,amc,7446018406.0,2025-04-25,2023-01-31,0.2115384615384615,15.708548387096773,13872792.596774194
2022-10-31,HPE,USD,1645590,2022-12-08,2022-12-08 17:02:05,2022,Q4,7871000000.0,5278000000.0,2593000000.0,0.3294371744,515000000,0.0,0.0,1262000000.0,93000000.0,1870000000.0,7148000000.0,362000000.0,109000000.0,618000000.0,1360000000.0,0.1727861771,1805000000.0,0.2293228306,-18000000.0,-357000000.0,-0.0453563715,-53000000.0,-304000000.0,-0.0386227925,-0.23,-0.23,1296000000,1296000000,https://www.sec.gov/Archives/edgar/data/1645590/000164559022000071/0001645590-22-000071-index.htm,https://www.sec.gov/Archives/edgar/data/1645590/000164559022000071/hpe-20221031.htm,6.073302469135802,-0.2345679012345679,2.342592592592593,1.5709876543209875,3.2121913580246915,15.361882716049385,1.3680555555555556,15.32716049382716,9.70216049382716,18493920000.0,26795920000.0,-15.208815789473684,2.3496277474272644,6.091541501976285,9.083457760314342,0.9310269834877164,0.9310269834877164,3.404385719730657,19.702882352941177,8.826060606060606,13.161060903732809,-0.0164378347045948,0.1100902350610362,0.6275171163914619,0.2182133291318733,6.104411764705882,0.8848709760938983,16.559633027522935,-9.986842105263158,0.0083270610016697,-0.506578947368421,0.0,0.06543005971287,0.3174903278889414,0.3293807641633728,0.1270486596366408,1.6181229773462784,0.0107991360691144,,0.0396868189812525,-0.0077974709518557,-19.099729938271604,-2668000000.0,1773000000.0,-16708000000.0,21252000000.0,7298500000.0,7789000000.0,5357500000.0,87.16427391691018,148.6415308829102,88.00492610837438,1.0325331234422144,0.6054835379144201,1.022670025188917,-0.0153040676600886,0.7716049382716049,2022-11-29,0.57,amc,7370443096.0,2025-04-25,2022-10-31,0.0,14.74190476190476,14054373.492063493
2022-07-31,HPE,USD,1645590,2022-09-01,2022-09-01 16:35:31,2022,Q3,6951000000.0,4555000000.0,2396000000.0,0.3446986045,509000000,0.0,0.0,1229000000.0,34000000.0,1841000000.0,6396000000.0,0.0,74000000.0,620000000.0,1215000000.0,0.1747949935,466000000.0,0.0670407136,-2000000.0,464000000.0,0.0667529852,55000000.0,409000000.0,0.0588404546,0.31,0.31,1305000000,1323000000,https://www.sec.gov/Archives/edgar/data/1645590/000164559022000052/0001645590-22-000052-index.htm,https://www.sec.gov/Archives/edgar/data/1645590/000164559022000052/hpe-20220731.htm,5.326436781609195,0.3134099616858237,0.960919540229885,0.3685823754789272,3.0260536398467432,15.83448275862069,1.1877394636015326,15.793869731800768,10.69272030651341,18818100000.0,28936100000.0,11.50250611246944,2.707250755287009,15.00645933014354,39.12286902286903,0.913012469069914,0.913012469069914,4.162868651992519,23.815720164609058,23.075039872408293,60.15821205821206,0.0217343940142734,0.0255604976060282,0.6734268109262045,0.2406588643259644,8.327572016460906,0.916521902436734,6.297297297297297,3.06601466992665,0.0082898911154686,0.3814180929095354,0.0,0.0732268738311034,0.3314087559601213,0.6164274322169059,0.1112070205725794,1.2467741935483871,0.0092073083009638,10.553388669952312,0.0099896138289959,0.0106065714063431,-19.198850574712644,-1778000000.0,1550000000.0,-17490000000.0,22962000000.0,6875500000.0,6266000000.0,5438000000.0,90.29779887785932,135.56311745334796,109.73874862788144,0.9967020361342128,0.6638973910508672,0.8201296362981635,0.0198437727427102,0.5923371647509579,2022-08-30,0.48,amc,6930399018.0,2025-04-25,2022-07-31,0.0,13.5884375,11014045.140625
2022-04-30,HPE,USD,1645590,2022-06-03,2022-06-03 07:38:47,2022,Q2,6713000000.0,4540000000.0,2173000000.0,0.323700283,517000000,0.0,0.0,1249000000.0,74000000.0,1840000000.0,6380000000.0,0.0,183000000.0,621000000.0,1095000000.0,0.1631163414,402000000.0,0.0598838075,69000000.0,276000000.0,0.0411142559,26000000.0,250000000.0,0.0372411738,0.19,0.19,1307000000,1329000000,https://www.sec.gov/Archives/edgar/data/1645590/000164559022000032/0001645590-22-000032-index.htm,https://www.sec.gov/Archives/edgar/data/1645590/000164559022000032/hpe-20220430.htm,5.13618974751339,0.1912777352716143,0.2899770466717674,-0.2647283856159143,2.315990818668707,15.747513389441467,1.0696250956388675,15.709257842387146,10.469778117827085,20140870000.0,30614870000.0,20.14087,3.000278563980337,53.14213720316623,-58.21060693641618,0.980950224040522,0.980950224040522,4.560534783256368,27.958785388127858,80.77802110817942,-88.48228323699422,0.0124125720487744,-0.0171789997155038,0.6575589323982077,0.2397024359065407,9.565296803652968,0.9000495294700347,2.19672131147541,1.516,0.0077454449584352,0.624,0.0,0.0770147475048413,0.3406008096015908,1.912928759894459,0.1079994041412185,1.1674718196457328,0.0169819752718605,8.222451180458133,0.0089401039720748,0.0067312870220786,-19.1057765876052,-2018000000.0,1398000000.0,-17570000000.0,22674000000.0,7012000000.0,6110000000.0,5321500000.0,90.85803664531504,112.42070484581495,105.5022026431718,0.990556293345138,0.8005642743784165,0.8530627583615182,0.0121761153321644,0.5547054322876818,2022-06-01,0.45,amc,6799579893.0,2025-04-25,2022-04-30,-0.0222222222222222,15.163709677419355,11102354.467741936
2022-01-31,HPE,USD,1645590,2022-03-03,2022-03-03 16:48:14,2022,Q1,6961000000.0,4617000000.0,2344000000.0,0.336733228,504000000,0.0,0.0,1201000000.0,36000000.0,1795000000.0,6412000000.0,0.0,5000000.0,621000000.0,1206000000.0,0.1732509697,448000000.0,0.0643585692,45000000.0,493000000.0,0.0708231576,-20000000.0,513000000.0,0.073696308,0.39,0.39,1304000000,1325000000,https://www.sec.gov/Archives/edgar/data/1645590/000164559022000016/0001645590-22-000016-index.htm,https://www.sec.gov/Archives/edgar/data/1645590/000164559022000016/hpe-20220131.htm,5.33819018404908,0.3934049079754601,-0.058282208588957,-0.5368098159509203,2.9677914110429446,15.61733128834356,0.8512269938650306,15.581288343558285,10.795245398773003,21294320000.0,31505320000.0,10.377348927875245,3.059089211320212,-280.18842105263155,-30.42045714285714,1.048051973619451,1.048051973619451,4.525976152851602,26.123814262023213,-414.5436842105263,-45.0076,0.0240909312905976,-0.0328726157961371,0.6925878531351511,0.2431531111226305,8.466832504145938,0.944756508572266,89.6,-0.1481481481481481,0.0072789363548589,0.3021442495126705,0.0,0.0724033903174831,0.3327112815993641,-8.210526315789474,0.0896422927740267,1.0048309178743962,0.0183881626203131,11.74391307895604,0.0113162869812032,0.0132839608472732,-19.587615030674847,-1131000000.0,1110000000.0,-18166000000.0,23622000000.0,7579000000.0,6776500000.0,4916000000.0,93.6977445769286,127.6608187134503,103.72319688109162,0.9605353939561198,0.7049931287219423,0.8676940424732194,0.0252485480854414,0.4785276073619632,2022-03-01,0.46,amc,7015141562.0,2025-04-25,2022-01-31,0.1521739130434782,16.766774193548386,11193269.435483873
2021-10-31,HPE,USD,1645590,2021-12-10,2021-12-10 07:41:42,2021,Q4,7354000000.0,4935000000.0,2419000000.0,0.3289366331,502000000,1159000000.0,121000000.0,1280000000.0,17000000.0,1855000000.0,6790000000.0,0.0,106000000.0,641000000.0,1230000000.0,0.1672559151,350000000.0,0.0475931466,2338000000.0,2688000000.0,0.3655153658,135000000.0,2553000000.0,0.3471580092,1.95,1.91,1312000000,1335000000,https://www.sec.gov/Archives/edgar/data/1645590/000164559021000068/0001645590-21-000068-index.htm,https://www.sec.gov/Archives/edgar/data/1645590/000164559021000068/hpe-20211031.htm,5.6051829268292686,1.9458841463414631,2.2530487804878048,1.666158536585366,3.057164634146341,15.256859756097562,0.5251524390243902,15.221798780487806,10.330792682926829,19627520000.0,29079520000.0,1.9220054837446143,2.668958389991841,6.639891745602166,8.978737419945105,0.982801061539232,0.982801061539232,3.9542453086755502,23.64188617886179,9.83745602165088,13.302616651418116,0.1300724696752315,0.1113742337289683,0.6733763957738721,0.2330716303575452,7.684552845528455,0.9125537777348092,3.30188679245283,1.1578535056795929,0.0079989728707447,0.0614962788875832,0.1576013054120206,0.0682621702474843,0.3349798090088216,0.2604871447902571,0.1047049224911612,1.2012480499219969,0.0106064726679358,25.815630552620604,0.0081563910835214,0.0665346225013682,-19.422446646341463,-1809000000.0,689000000.0,-18804000000.0,23132000000.0,7511000000.0,6765000000.0,4226500000.0,96.81669839543106,127.73252279635258,82.26747720364742,0.9295917077487044,0.7045973729297544,1.0939924628685436,0.127835361273847,0.586890243902439,2021-11-30,0.49,amc,7034180000.0,2025-04-25,2021-10-31,0.0612244897959184,15.07875,10450350.46875
2021-07-31,HPE,USD,1645590,2021-09-03,2021-09-03 07:38:47,2021,Q3,6897000000.0,4515000000.0,2382000000.0,0.3453675511,506000000,0.0,0.0,1291000000.0,19000000.0,1803000000.0,6318000000.0,0.0,50000000.0,643000000.0,1242000000.0,0.1800782949,282000000.0,0.0408873423,124000000.0,406000000.0,0.0588661737,14000000.0,392000000.0,0.0568363056,0.3,0.29,1314000000,1338000000,https://www.sec.gov/Archives/edgar/data/1645590/000164559021000055/0001645590-21-000055-index.htm,https://www.sec.gov/Archives/edgar/data/1645590/000164559021000055/hpe-20210731.htm,5.248858447488584,0.2983257229832572,0.8599695585996956,0.3394216133942161,4.028158295281583,12.993150684931509,-1.4543378995433789,12.952815829528156,12.385844748858448,19053000000.0,29985000000.0,12.151147959183676,2.7625054371465856,16.861061946902655,42.71973094170403,1.1194477085781434,1.1194477085781434,4.347542409743367,24.14251207729469,26.535398230088497,67.23094170403587,0.0205741877919487,0.0234083871306355,0.9532902467685076,0.2874887042188635,8.801932367149758,0.9543811414897408,5.64,2.88265306122449,0.0082401721513672,0.4005102040816326,0.0,0.0733652312599681,0.3363750730903485,0.6053097345132743,0.0991735537190082,1.0637636080870918,0.0124691895026823,9.324352969927284,0.0067175530955532,0.0104664512856113,-20.370433789954337,-896000000.0,-1911000000.0,-20619000000.0,23598000000.0,6946000000.0,6029500000.0,3529500000.0,92.7925184862984,130.08637873754154,78.57807308970101,0.969905779777809,0.6918479926448053,1.1453576864535768,0.0230317273795534,0.5205479452054794,2021-09-02,0.42,amc,5761150312.0,2025-04-25,2021-07-31,0.119047619047619,14.43921875,8998719.75
2021-04-30,HPE,USD,1645590,2021-06-03,2021-06-03 16:59:23,2021,Q2,6700000000.0,4413000000.0,2287000000.0,0.3413432836,503000000,0.0,0.0,1199000000.0,17000000.0,1786000000.0,6199000000.0,0.0,11000000.0,639000000.0,1150000000.0,0.171641791,278000000.0,0.0414925373,10000000.0,288000000.0,0.0429850746,29000000.0,259000000.0,0.0386567164,0.2,0.19,1309000000,1331000000,https://www.sec.gov/Archives/edgar/data/1645590/000164559021000041/0001645590-21-000041-index.htm,https://www.sec.gov/Archives/edgar/data/1645590/000164559021000041/hpe-20210430.htm,5.118411000763942,0.1978609625668449,0.6279602750190986,0.2192513368983957,3.533231474407945,12.689839572192511,-1.7998472116119175,12.650878533231474,12.09931245225363,20970180000.0,32172180000.0,20.241486486486483,3.1298776119402985,25.51116788321168,73.06682926829268,1.2663152173913044,1.2663152173913044,4.801817910447761,27.975808695652173,39.13890510948905,112.0981881533101,0.0123508715709641,0.0136861009299872,0.9557367149758454,0.2923778910810611,9.740869565217391,0.928976640711902,25.272727272727277,3.1737451737451736,0.0074391350002718,0.6023166023166023,0.0,0.0750746268656716,0.3503842459173871,0.6508515815085159,0.0798507462686567,0.837245696400626,0.0156716417910447,7.50467105127079,0.0063001019188177,0.0073652779752594,-20.0548128342246,-1277000000.0,-2356000000.0,-20818000000.0,23170000000.0,6798500000.0,5364500000.0,2954000000.0,91.08805970149254,112.84160435078178,63.56900067980965,0.9880548591653148,0.7975781673594795,1.4157844080846969,0.0156400966183574,0.4087089381207028,2021-06-01,0.42,amc,6605370000.0,2025-04-25,2021-04-30,0.0952380952380953,15.792698412698414,10177371.666666666
2021-01-31,HPE,USD,1645590,2021-03-04,2021-03-04 16:50:53,2021,Q1,6833000000.0,4545000000.0,2288000000.0,0.3348456022,468000000,1159000000.0,0.0,1159000000.0,17000000.0,1753000000.0,6298000000.0,0.0,44000000.0,674000000.0,1223000000.0,0.1789843407,222000000.0,0.0324893897,-17000000.0,205000000.0,0.0300014635,-18000000.0,223000000.0,0.0326357383,0.17,0.17,1300000000,1315000000,https://www.sec.gov/Archives/edgar/data/1645590/000164559021000016/0001645590-21-000016-index.htm,https://www.sec.gov/Archives/edgar/data/1645590/000164559021000016/hpe-20210131.htm,5.256153846153846,0.1715384615384615,0.7407692307692307,0.3461538461538461,3.203846153846154,12.506923076923076,-2.1161538461538463,12.47076923076923,12.103076923076925,16094000000.000002,27619000000.0,18.04260089686099,2.355334406556417,16.712357217030117,35.76444444444445,0.9927214409079697,0.9927214409079697,4.042002048880433,22.582992641046605,28.680166147455868,61.37555555555556,0.0138560954392941,0.0279607307070958,0.96780162842339,0.2935398776449458,9.423548650858544,0.8963248006246166,5.045454545454546,4.318385650224215,0.0096309183546663,0.695067264573991,0.1696180301478121,0.0684911459095565,0.3556528409197209,0.5327102803738317,0.0750768330162447,0.7611275964391692,0.0165373920679057,6.937749835578181,0.0061531501242599,0.0064748410324903,-20.399615384615384,-1859000000.0,-2751000000.0,-21120000000.0,22724000000.0,6998000000.0,5289500000.0,2732500000.0,89.7760866383726,102.89108910891088,55.26732673267327,1.002494131455399,0.8747113163972287,1.6284485847366534,0.0137552430298544,0.3946153846153846,2021-03-02,0.4,amc,6706800000.0,2025-04-25,2021-01-31,0.3,13.848524590163937,11118940.672131147
2020-10-31,HPE,USD,1645590,2020-12-10,2020-12-10 17:09:38,2020,Q4,7208000000.0,5002000000.0,2206000000.0,0.3060488346,484000000,3458000000.0,-2292000000.0,1166000000.0,35000000.0,1745000000.0,6747000000.0,26000000.0,83000000.0,652000000.0,1126000000.0,0.1562153163,145000000.0,0.0201165372,-20000000.0,125000000.0,0.0173418424,-32000000.0,157000000.0,0.0217813541,0.12,0.12,1287000000,1287000000,https://www.sec.gov/Archives/edgar/data/1645590/000164559020000056/0001645590-20-000056-index.htm,https://www.sec.gov/Archives/edgar/data/1645590/000164559020000056/hpe-20201031.htm,5.600621600621601,0.1219891219891219,0.5804195804195804,0.1111111111111111,3.289044289044289,12.506604506604509,-2.3496503496503496,12.47008547008547,12.45066045066045,11119680000.0,22827680000.0,17.706496815286627,1.5426859045504997,14.885783132530122,77.76,0.6928581220013709,0.6928581220013709,3.166992230854606,20.273250444049733,30.55914323962517,159.63412587412589,0.0141191113413335,0.0128600823045267,0.9932706087606704,0.2951217254466352,10.397868561278862,0.8835521400362899,1.7469879518072289,4.75796178343949,0.0138493194048749,0.9808917197452228,0.4797447280799112,0.0671476137624861,0.3539757474775525,0.8085676037483266,0.0837957824639289,0.9263803680981596,0.0081853496115427,5.850413019314385,0.0046435492095869,0.0044992119214787,-20.95104895104895,-2182000000.0,-3024000000.0,-21363000000.0,22563000000.0,6916500000.0,5692000000.0,3071500000.0,89.6503884572697,96.85525789684128,48.112754898040784,1.003899721448468,0.929221623629946,1.8706058339566192,0.0097825409682846,0.4693084693084693,2020-12-01,0.34,amc,6572000000.0,2025-04-25,2020-10-31,0.0882352941176469,10.49515625,10670034.796875
2020-07-31,HPE,USD,1645590,2020-09-03,2020-09-03 17:06:59,2020,Q3,6816000000.0,4749000000.0,2067000000.0,0.3032570423,455000000,1131000000.0,0.0,1131000000.0,28000000.0,1711000000.0,6460000000.0,0.0,0.0,642000000.0,1026000000.0,0.150528169,12000000.0,0.0017605634,-46000000.0,-34000000.0,-0.0049882629,-43000000.0,9000000.0,0.0013204225,0.01,0.01,1292000000,1300000000,https://www.sec.gov/Archives/edgar/data/1645590/000164559020000041/0001645590-20-000041-index.htm,https://www.sec.gov/Archives/edgar/data/1645590/000164559020000041/hpe-20200731.htm,5.275541795665634,0.0069659442724458,1.1393188854489165,0.6594427244582043,6.554953560371517,12.543343653250774,-1.6021671826625388,12.503869969040249,15.059597523219814,12752039999.999998,23744040000.0,354.2233333333333,1.870897887323944,8.663070652173912,14.967183098591548,0.789355617455896,0.789355617455896,3.483573943661972,23.142339181286548,16.13046195652174,27.868591549295772,0.0007057694298324,0.0668128393574675,1.204394924172083,0.3340888408111403,10.713450292397662,0.9894956038870892,0.0,163.55555555555554,0.0120764991326877,17.11111111111111,0.1659330985915492,0.0667546948356807,0.3138103332818214,0.421195652173913,0.0909624413145539,0.9657320872274144,0.008069248826291,1.3999208482519547,-7.465792155111508e-05,0.0002252083176938,-20.77380030959752,-227000000.0,-2070000000.0,-20650000000.0,23758000000.0,6446500000.0,5741500000.0,3472500000.0,87.84771126760565,113.72710044219836,65.7422615287429,1.0245002254621975,0.7913681053157807,1.3689824156817527,0.0005571030640668,0.479876160990712,2020-08-25,0.25,amc,4899000000.0,2025-04-25,2020-07-31,0.28,9.55078125,10491076.25
2020-04-30,HPE,USD,1645590,2020-06-02,2020-06-02 16:43:44,2020,Q2,6009000000.0,4095000000.0,1914000000.0,0.3185222167,450000000,1109000000.0,0.0,1109000000.0,36000000.0,1678000000.0,5773000000.0,0.0,68000000.0,641000000.0,920000000.0,0.1531036778,-834000000.0,-0.1387918123,-77000000.0,-911000000.0,-0.1516059244,-90000000.0,-821000000.0,-0.1366283907,-0.64,-0.64,1282812500,1291000000,https://www.sec.gov/Archives/edgar/data/1645590/000164559020000025/0001645590-20-000025-index.htm,https://www.sec.gov/Archives/edgar/data/1645590/000164559020000025/hpe-20200430.htm,4.684238733252132,-0.64,0.0779537149817296,-0.3827527405602923,4.004482338611449,12.673714981729598,-1.648721071863581,12.636297198538369,13.08297198538368,12905093750.0,24489093750.0,-3.9296875,2.147627517057747,129.0509375,-26.2832866598778,0.7961192936458977,0.7961192936458977,4.075402521218173,26.61858016304348,244.8909375,-49.87595468431772,-0.0636182902584493,-0.0380469921034087,1.0311536088834052,0.3066128588461891,12.591304347826089,0.8903797593702035,-12.264705882352942,-0.1218026796589525,0.0119332724723522,-0.1875761266747868,0.1845564985854551,0.0748876684972541,0.3370265064661102,5.91,0.0983524712930604,0.921996879875195,0.0111499417540356,,-0.0189412319560238,-0.0227159537380333,-20.81520097442144,-2214000000.0,-2115000000.0,-20274000000.0,21747000000.0,6347500000.0,5407000000.0,3018000000.0,93.45981028457314,120.48351648351648,76.3956043956044,0.9629807692307693,0.7469901495804451,1.178078250863061,-0.0506477483035163,0.4607064555420219,2020-05-21,0.31,amc,7920954545.0,2025-04-25,2020-04-30,-0.2903225806451612,9.818888888888887,11803441.412698412
2020-01-31,HPE,USD,1645590,2020-03-09,2020-03-06 18:10:57,2020,Q1,6949000000.0,4667000000.0,2282000000.0,0.3283925745,485000000,1218000000.0,0.0,1218000000.0,37000000.0,1844000000.0,6511000000.0,0.0,19000000.0,690000000.0,1185000000.0,0.1705281335,348000000.0,0.0500791481,30000000.0,378000000.0,0.054396316,45000000.0,333000000.0,0.0479205641,0.26,0.25,1300000000,1315000000,https://www.sec.gov/Archives/edgar/data/1645590/000164559020000009/0001645590-20-000009-index.htm,https://www.sec.gov/Archives/edgar/data/1645590/000164559020000009/hpe-01312020x10qq1.htm,5.345384615384615,0.2561538461538462,-0.0607692307692307,-0.4976923076923077,2.439230769230769,13.263846153846156,-1.5923076923076922,13.222307692307693,10.685384615384615,18109000000.0,28810000000.0,13.595345345345343,2.605986472873795,-229.2278481012658,-27.98918083462133,1.0535226016638548,1.0535226016638548,4.145920276298748,24.31223628691983,-364.6835443037975,-44.52859350850077,0.01838864652935,-0.0357280910044729,0.8070277503054278,0.2655233136819539,9.030379746835443,0.7865522021968646,18.31578947368421,-0.2372372372372372,0.0086145010768126,0.4684684684684684,0.1752770182760109,0.0697942149949633,0.3696692443151366,-7.189873417721519,0.0817383796229673,0.8231884057971014,0.0133832206072816,8.72961979895571,0.008023959708206,0.0101120524733533,-19.775961538461537,-4003000000.0,-2070000000.0,-20250000000.0,21021000000.0,6492000000.0,5463500000.0,2473500000.0,83.60195711613183,102.82408399400045,49.36790229269338,1.0765298218435322,0.8752813203300825,1.823046875,0.0193728547326778,0.4369230769230769,2020-03-03,0.43,amc,6949000000.0,2025-04-25,2020-01-31,0.0232558139534883,13.099516129032258,11495299.35483871
2019-10-31,HPE,USD,1645590,2019-12-13,2019-12-12 17:49:10,2019,Q4,7215000000.0,4822000000.0,2393000000.0,0.3316701317,438000000,1229000000.0,0.0,1229000000.0,14000000.0,1447000000.0,6269000000.0,0.0,421000000.0,616000000.0,1587000000.0,0.21995842,460000000.0,0.0637560638,263000000.0,723000000.0,0.1002079002,243000000.0,480000000.0,0.0665280665,0.37,0.36,1308000000,1323000000,https://www.sec.gov/Archives/edgar/data/1645590/000164559019000044/0001645590-19-000044-index.htm,https://www.sec.gov/Archives/edgar/data/1645590/000164559019000044/hpe-10312019x10k.htm,5.51605504587156,0.3669724770642202,1.0948012232415902,0.5573394495412844,2.8692660550458715,13.11085626911315,-1.746941896024465,13.071865443425075,10.887614678899082,21464280000.0,31531280000.0,11.1793125,2.9749521829521828,14.989022346368715,29.443456790123456,1.2553678792841267,1.2553678792841267,4.370239778239778,19.86848141146817,22.01905027932961,43.25278463648834,0.0223627347388312,0.0339634033845999,0.8082816703708036,0.2667799162210683,6.343415248897291,0.7903857195051934,1.0926365795724466,2.9833333333333334,0.006848587513767,0.30625,0.1703395703395703,0.0607068607068607,0.3751520182228828,0.4909217877094972,0.0974358974358974,1.1412337662337662,0.0084546084546084,10.389072814093534,0.0082372000235028,0.0148290030584818,-18.968463302752298,-4016000000.0,-2285000000.0,-19511000000.0,21472000000.0,7267500000.0,5399000000.0,2301500000.0,81.44282744282744,104.42762339278308,44.55205309000415,1.1050696890794915,0.8618409294012511,2.0201089233347296,0.02807345888408,0.5374617737003058,2019-11-25,0.46,amc,6773265306.0,2025-04-25,2019-10-31,0.0652173913043477,15.9765625,8512912.671875
2019-07-31,HPE,USD,1645590,2019-08-30,2019-08-30 09:15:55,2019,Q3,7217000000.0,4768000000.0,2449000000.0,0.3393376749,481000000,1253000000.0,0.0,1253000000.0,12000000.0,1926000000.0,6694000000.0,0.0,1521000000.0,632000000.0,1167000000.0,0.161701538,-76000000.0,-0.0105306914,-189000000.0,-265000000.0,-0.0367188583,-238000000.0,-27000000.0,-0.0037411667,-0.0202,-0.0202,1334000000,1334000000,https://www.sec.gov/Archives/edgar/data/1645590/000164559019000030/0001645590-19-000030-index.htm,https://www.sec.gov/Archives/edgar/data/1645590/000164559019000030/hpe-07312019x10qq3.htm,5.4100449775112445,-0.02023988005997,0.896551724137931,0.4280359820089955,2.7683658170914542,13.178410794602698,-0.4685157421289355,13.143178410794604,10.630434782608695,19169580000.0,28136580000.0,-177.4961111111111,2.65617015380352,16.02807692307692,33.57194395796848,1.0933428392174755,1.0933428392174755,3.8986531799916864,24.11017994858612,23.52556856187291,49.27597197898424,-0.0014084815629763,0.0297867767577589,0.7220669594478982,0.2494089834515366,7.683804627249358,0.8810467420445274,-0.0499671268902038,-44.2962962962963,0.0078248975720907,-5.555555555555555,0.1736178467507274,0.0666481917694332,0.3586485421591804,0.5225752508361204,0.0866010807814881,0.9889240506329114,0.0080365802965221,,-0.0002162416215592,-0.0008293656888342,-16.772488755622188,-2041000000.0,-625000000.0,-18063000000.0,22164000000.0,7301000000.0,5343000000.0,2199000000.0,99.83926839406956,98.21098993288592,41.828859060402685,0.9014489133150138,0.9163943878531616,2.151624548736462,-0.00153995323105,0.4685157421289355,2019-08-27,0.4,amc,6415111111.0,2025-04-25,2019-07-31,0.1249999999999999,14.21671875,9627349.6875
2019-04-30,HPE,USD,1645590,2019-05-31,2019-05-31 08:51:38,2019,Q2,7150000000.0,4845000000.0,2305000000.0,0.3223776224,457000000,1214000000.0,0.0,1214000000.0,17000000.0,1736000000.0,6581000000.0,0.0,260000000.0,648000000.0,1236000000.0,0.1728671329,434000000.0,0.0606993007,6000000.0,440000000.0,0.0615384615,21000000.0,419000000.0,0.0586013986,0.31,0.3,1367000000,1382000000,https://www.sec.gov/Archives/edgar/data/1645590/000164559019000017/0001645590-19-000017-index.htm,https://www.sec.gov/Archives/edgar/data/1645590/000164559019000017/hpe-04302019x10qq2.htm,5.230431602048281,0.3065106071689831,0.7220190197512801,0.1375274323335771,2.6225310899780543,13.343818580833943,-0.0168251645940014,13.312362838332112,9.294806144842722,21612270000.0,30473270000.0,12.895149164677806,3.0226951048951047,21.89693009118541,114.9588829787234,1.187617870095615,1.187617870095615,4.261995804195804,24.65474919093851,30.87464032421479,162.09186170212766,0.0193871351783038,0.0086987623234394,0.6839213100340696,0.2433711380524051,7.169093851132686,0.933009889904833,1.6692307692307693,2.3556085918854417,0.0071255819032429,0.3675417661097852,0.1697902097902097,0.0639160839160839,0.3571372702385608,0.8095238095238095,0.1117482517482517,1.2330246913580247,0.0103496503496503,9.581678316959778,0.0111167217267763,0.0127448594719552,-17.02706656912948,-1077000000.0,-23000000.0,-17899000000.0,23325000000.0,6633000000.0,5636000000.0,2241000000.0,83.02657342657342,101.85139318885447,40.53250773993808,1.0839902971497877,0.8836403428779865,2.2204399633363887,0.0230245081877129,0.584491587417703,2019-05-23,0.36,amc,6298809523.0,2025-04-25,2019-04-30,0.1666666666666666,15.154920634920634,9611513.888888888
2019-01-31,HPE,USD,1645590,2019-03-05,2019-03-05 17:04:40,2019,Q1,7553000000.0,5207000000.0,2346000000.0,0.3106050576,466000000,1211000000.0,0.0,1211000000.0,16000000.0,1530000000.0,6737000000.0,0.0,302000000.0,639000000.0,1471000000.0,0.1947570502,456000000.0,0.0603733616,199000000.0,655000000.0,0.0867205084,478000000.0,177000000.0,0.0234343969,0.13,0.13,1401000000,1412000000,https://www.sec.gov/Archives/edgar/data/1645590/000162828019002482/0001628280-19-002482-index.htm,https://www.sec.gov/Archives/edgar/data/1645590/000162828019002482/hpe-01312019x10qq1.htm,5.391149179157744,0.1263383297644539,0.2726623840114204,-0.2476802284082798,2.698786581013562,13.087080656673804,0.0007137758743754,13.057102069950036,9.03283369022127,21841590000.0,30413590000.0,30.849703389830506,2.891776777439428,57.17693717277487,-62.94406340057637,1.1939862242387798,1.1939862242387798,4.026690056931021,20.675452073419443,79.6167277486911,-87.64723342939482,0.0081038056295352,-0.0158871217708967,0.6752856283824413,0.2386684184087484,5.827328348062543,0.9376025274925572,1.509933774834437,2.15819209039548,0.0071881213776103,0.8870056497175142,0.1603336422613531,0.0616973388057725,0.3542254337493721,1.9083769633507857,0.0965179398914338,1.1408450704225352,0.0099298292069376,6.09231323138702,0.003297239309668,0.0052955959789372,-16.76623840114204,-1027000000.0,1000000.0,-17991000000.0,23448000000.0,7806000000.0,5940500000.0,2373500000.0,79.47835297232888,100.0595352410217,39.75417706932975,1.132383808095952,0.8994645016410434,2.263913043478261,0.0096758322855737,0.5203426124197003,2019-02-21,0.34,amc,6294166666.0,2025-04-25,2019-01-31,0.2352941176470586,15.409180327868851,11508226.918032788
2018-10-31,HPE,USD,1645590,2018-12-12,2018-12-12 17:19:51,2018,Q4,7946000000.0,5489000000.0,2457000000.0,0.3092121822,439000000,1219000000.0,0.0,1219000000.0,84000000.0,1742000000.0,7231000000.0,12000000.0,167000000.0,645000000.0,1365000000.0,0.1717845457,684000000.0,0.0860810471,-228000000.0,576000000.0,0.0724893028,1348000000.0,-757000000.0,-0.0952680594,-0.52,-0.52,1459000000,1459000000,https://www.sec.gov/Archives/edgar/data/1645590/000162828018015054/0001628280-18-015054-index.htm,https://www.sec.gov/Archives/edgar/data/1645590/000162828018015054/hpe-10312018x10k.htm,5.4461960246744345,-0.518848526387937,0.9088416723783412,0.3420150788211104,3.344756682659356,14.58122001370802,2.0205620287868404,14.557230980123371,8.435915010281015,22249750000.0,29510750000.0,-7.348001981505944,2.800119557009816,16.779600301659126,44.58867735470942,1.047589340364424,1.047589340364424,3.713912660458092,21.61959706959707,22.255467571644044,59.13977955911824,-0.0340228541893729,0.0224272182833514,0.5716370827251754,0.218784351179428,5.319413919413919,1.0043028259099895,4.095808383233533,-1.7516512549537648,0.0073708693356105,-0.2166446499339498,0.1534105210168638,0.0552479234835137,0.3302398500711802,0.6236802413273002,0.1040775232821545,1.2821705426356589,0.005537377296753,,-0.0227481389578163,-0.0203675303360507,-14.6737491432488,74000000.0,2948000000.0,-16947000000.0,24538000000.0,7641500000.0,6117500000.0,2609000000.0,101.28114774729424,99.88704682091456,40.12206230643105,0.8886155222545292,0.9010177281680892,2.243154883530854,-0.0356419793775601,0.566826593557231,2018-12-04,0.43,amc,7592844444.0,2025-04-25,2018-10-31,0.0465116279069767,14.977777777777778,11614170.42857143
2018-07-31,HPE,USD,1645590,2018-09-04,2018-09-04 16:50:19,2018,Q3,7764000000.0,5384000000.0,2380000000.0,0.3065430191,434000000,1203000000.0,0.0,1203000000.0,70000000.0,1707000000.0,7091000000.0,0.0,364000000.0,641000000.0,1306000000.0,0.1682122617,516000000.0,0.0664605873,-270000000.0,465000000.0,0.0598918083,13000000.0,451000000.0,0.0580886141,0.3,0.29,1513000000,1531000000,https://www.sec.gov/Archives/edgar/data/1645590/000162828018011596/0001628280-18-011596-index.htm,https://www.sec.gov/Archives/edgar/data/1645590/000162828018011596/hpe-07312018x10qq3.htm,5.131526768010575,0.2980832782551222,0.8255122273628552,0.3185723727693325,3.432253800396563,15.506939854593522,3.288830138797092,15.48314606741573,8.362855254461335,23360720000.0,30456720000.0,12.94940133037694,3.0088511076764552,18.70353883106485,48.46622406639004,0.9972133526850508,0.9972133526850508,3.922812982998455,23.32061255742726,24.3848839071257,63.18821576763485,0.0193059118040882,0.0206329256974956,0.5245880645436695,0.2136734303548763,5.433384379785605,1.0034468891825128,1.4175824175824177,2.7694013303769403,0.007277172963847,0.376940133037694,0.1549459041731066,0.0558990211231324,0.321422982630014,0.6140912730184147,0.0987892838742916,1.1965678627145089,0.0072127769191138,10.190363393582151,0.0118206587846056,0.0115561021856663,-15.014375413086585,60000000.0,4976000000.0,-16584000000.0,24730000000.0,6471500000.0,6192500000.0,2809500000.0,73.50463678516228,102.68759286775632,46.32057949479941,1.2244125532250434,0.8764447338433989,1.9429808733309275,0.0192521130367967,0.5069398545935228,2018-08-28,0.38,amc,6528818181.0,2025-04-25,2018-07-31,0.1578947368421052,16.018412698412696,9353786.61904762
2018-04-30,HPE,USD,1645590,2018-06-07,2018-06-07 17:26:25,2018,Q2,7468000000.0,5196000000.0,2272000000.0,0.3042313873,402000000,1227000000.0,0.0,1227000000.0,497000000.0,2126000000.0,7322000000.0,0.0,508000000.0,655000000.0,799000000.0,0.1069898232,397000000.0,0.05316015,-513000000.0,-116000000.0,-0.0155329405,-966000000.0,778000000.0,0.1041778254,0.5,0.49,1552000000,1582000000,https://www.sec.gov/Archives/edgar/data/1645590/000162828018007715/0001628280-18-007715-index.htm,https://www.sec.gov/Archives/edgar/data/1645590/000162828018007715/hpe-04302018x10qq2.htm,4.811855670103093,0.5012886597938144,0.1591494845360824,-0.2873711340206185,4.501288659793815,15.44201030927835,3.5579896907216493,15.420103092783505,9.235180412371134,26461600000.0,33300600000.0,8.503084832904884,3.543331547937868,107.13198380566804,-59.33094170403587,1.105699481865285,1.105699481865285,4.459105516871987,41.67784730913642,134.82024291497976,-74.66502242152467,0.0294010944160594,-0.0168546119660186,0.5776784221962227,0.2308938472843877,8.559449311639549,1.037099140641375,0.781496062992126,0.3174807197943444,0.0043837107355564,0.1491002570694087,0.1643010176754151,0.0538296732726298,0.3080366089919166,2.805668016194332,0.0927959292983395,1.0580152671755725,0.0111140867702196,13.187996940340776,-0.0651567120778088,0.0187777563236145,-14.52867268041237,708000000.0,5522000000.0,-16118000000.0,25360000000.0,6607500000.0,6095000000.0,2639500000.0,79.56347080878415,108.11778290993072,49.330254041570434,1.1311723720084823,0.8324255046459468,1.824438202247191,0.0325087748621093,0.446520618556701,2018-05-22,0.31,amc,6809058823.0,2025-04-25,2018-04-30,0.0967741935483871,16.5825,12530314.953125
2018-01-31,HPE,USD,1645590,2018-03-09,2018-03-09 17:19:24,2018,Q1,7674000000.0,5491000000.0,2183000000.0,0.2844670315,388000000,1202000000.0,0.0,1202000000.0,997000000.0,2587000000.0,8078000000.0,0.0,553000000.0,635000000.0,233000000.0,0.0303622622,261000000.0,0.0340109461,-885000000.0,-657000000.0,-0.0856137608,-2139000000.0,1436000000.0,0.1871253584,0.9,0.89,1591000000,1619000000,https://www.sec.gov/Archives/edgar/data/1645590/000162828018003043/0001628280-18-003043-index.htm,https://www.sec.gov/Archives/edgar/data/1645590/000162828018003043/hpe-01312018x10q.htm,4.82338152105594,0.9025769956002514,0.0892520427404148,-0.3312382149591452,4.822752985543684,15.0779384035198,3.461973601508485,15.054054054054054,9.118793211816469,26092400000.0,32374400000.0,4.542548746518105,3.4001042481105026,183.7492957746479,-49.51119544592029,1.089407540394973,1.089407540394973,4.218712535835287,138.9459227467811,227.98873239436617,-61.43149905123339,0.0550351826585519,-0.0201974521316552,0.582647906141706,0.2264723543063016,26.96137339055794,1.0597632218373572,0.4719710669077758,0.0988857938718663,0.0045990403335837,0.0835654596100278,0.1566327860307532,0.0505603335939536,0.2999237248251351,4.711267605633803,0.0871774824081313,1.0535433070866145,0.0134219442272608,17.484778088197675,-0.0127457670547811,0.033288515925634,-14.94767441860465,1156000000.0,5508000000.0,-17131000000.0,25975000000.0,7534000000.0,6010000000.0,2373000000.0,77.556684910086,97.4904389000182,39.84520123839009,1.1604415545138365,0.9231674512441156,2.2587412587412588,0.0599557429752411,0.42049025769956,2018-02-22,0.23,amc,4965529411.0,2025-04-25,2018-01-31,0.4782608695652174,16.987377049180328,12902326.75409836
2017-10-31,HPE,USD,1645590,2017-12-15,2017-12-15 16:40:03,2017,Q4,7660000000.0,5383000000.0,2277000000.0,0.2972584856,364000000,648000000.0,-57000000.0,1288000000.0,-17000000.0,1740000000.0,7123000000.0,9000000.0,578000000.0,682000000.0,457000000.0,0.0596605744,-224000000.0,-0.0292428198,-952000000.0,-301000000.0,-0.0392950392,-679000000.0,524000000.0,0.0684073107,0.32,0.32,1618000000,1647000000,https://www.sec.gov/Archives/edgar/data/1645590/000162828017012383/0001628280-17-012383-index.htm,https://www.sec.gov/Archives/edgar/data/1645590/000162828017012383/hpe-10312017x10k.htm,4.734239802224969,0.3238566131025958,0.5105067985166872,0.0580964153275649,5.920271940667491,14.527194066749074,3.057478368355995,14.503090234857847,9.029666254635352,22522560000.0,26975560000.0,10.745496183206107,2.940281984334204,27.26702179176756,239.6017021276596,0.9597954487343392,0.9597954487343392,3.521613577023498,59.02748358862144,32.65806295399516,286.9740425531915,0.023265561286106,0.0041735930551411,0.5979715332821955,0.2285118718040582,9.74398249452954,1.1331642358909322,-0.3875432525951557,1.576335877862595,0.0046619922424449,0.2003816793893129,0.0845953002610966,0.0475195822454308,0.3022180242972999,0.8861985472154964,0.0955613577023498,1.0733137829912025,0.0103133159268929,10.28011370886061,0.006071447931913,0.0122292755787901,-12.869746600741657,2520000000.0,4947000000.0,-16457000000.0,27347000000.0,8850000000.0,5894500000.0,2229500000.0,99.34073107049608,101.51959873676388,38.705182983466464,0.905972797161443,0.886528326745718,2.325269978401728,0.0223301798346543,0.4524103831891223,2017-11-21,0.28,amc,6918709677.0,2025-04-25,2017-10-31,0.107142857142857,14.206507936507936,10911252.873015871
2017-07-31,HPE,USD,1645590,2017-09-07,2017-09-07 17:26:05,2017,Q3,8209000000.0,5496000000.0,2713000000.0,0.3304909246,508000000,1512000000.0,0.0,1512000000.0,122000000.0,2142000000.0,7638000000.0,0.0,1007000000.0,737000000.0,1170000000.0,0.1425264953,147000000.0,0.0179071751,-459000000.0,61000000.0,0.0074308686,-187000000.0,165000000.0,0.0200998904,0.1,0.1,1641000000,1667000000,https://www.sec.gov/Archives/edgar/data/1645590/000162828017009143/0001628280-17-009143-index.htm,https://www.sec.gov/Archives/edgar/data/1645590/000162828017009143/hpe-07312017x10q.htm,5.002437538086532,0.1005484460694698,0.5429616087751371,0.1017672151127361,4.726995734308349,17.702620353443024,1.3089579524680073,17.679463741620964,10.726995734308348,22284780000.0,31123780000.0,33.764818181818185,2.714676574491412,25.01097643097643,133.44179640718562,0.7681228457190128,0.7681228457190128,3.7914216104275793,26.601521367521368,34.93129068462402,186.36994011976049,0.0074041565588711,0.0074939039110998,0.5720391562112229,0.2339738619221497,7.5547008547008545,1.2660977077520652,0.1459781529294935,5.4,0.0048014833442376,0.6484848484848484,0.1841880862468023,0.06188329881837,0.379269994783663,0.8125701459034792,0.0881958825679132,0.98236092265943,0.0118162991838226,6.324314875750121,0.0109215720520877,0.003747530037021,-15.916057282145031,4864000000.0,2148000000.0,-18738000000.0,38496000000.0,8142000000.0,5455500000.0,2092500000.0,101.3582653185528,93.61899563318778,35.109170305676855,0.8879394267171444,0.961343361903096,2.5634328358208958,0.0056873018061491,0.441194393662401,2017-09-05,0.25,amc,6500866666.0,2025-04-25,2017-07-31,0.24,13.639841269841268,14239082.095238095
2017-04-30,HPE,USD,1645590,2017-06-08,2017-06-08 17:22:01,2017,Q2,7445000000.0,4927000000.0,2518000000.0,0.3382135662,486000000,1449000000.0,0.0,1449000000.0,100000000.0,2035000000.0,6962000000.0,0.0,801000000.0,792000000.0,1131000000.0,0.1519140363,182000000.0,0.0244459369,-81000000.0,101000000.0,0.0135661518,588000000.0,-612000000.0,-0.0822028207,-0.37,-0.37,1648275862,1658000000,https://www.sec.gov/Archives/edgar/data/1645590/000162828017006325/0001628280-17-006325-index.htm,https://www.sec.gov/Archives/edgar/data/1645590/000162828017006325/hpe-04302017x10q.htm,4.51684100437309,-0.3712970711452426,0.3858577406019187,-0.0740167364047705,4.914832636188905,17.62265690450304,1.218849372435935,17.600815900318025,8.927510460624582,23949448274.86,29762448274.86,-9.783271354109475,3.216850003339154,37.65636521204402,-196.30695307262292,0.8255299119251318,0.8255299119251318,3.997642481512425,26.3151620467374,46.79630231896226,-243.95449405622952,-0.0255538245798515,-0.0050940630698396,0.4796111819654614,0.2062249888839484,5.139699381078692,1.153316645807259,0.2272159800249688,-1.03921568627451,0.0044677438399413,-0.1748366013071895,0.1946272666218939,0.0652787105439892,0.4007410701052319,1.1918238993710693,0.1018132975151108,0.9570707070707072,0.0143720617864338,,-0.0169081028946022,-0.0151365255243371,-14.57416841065164,2695000000.0,2009000000.0,-18150000000.0,36425000000.0,8221500000.0,5364500000.0,2014500000.0,85.09200805910007,94.8772072254922,37.28232189973615,1.0576786475351612,0.9485945321524836,2.4140127388535038,-0.021095446554755,0.4598744770066893,2017-05-31,0.35,amc,6808000000.0,2025-04-25,2017-04-30,-0.2857142857142856,13.92126984126984,17921110.984126985
2017-01-31,HPE,USD,1645590,2017-03-09,2017-03-09 17:21:42,2017,Q1,11407000000.0,8108000000.0,3299000000.0,0.2892083808,485000000,1759000000.0,0.0,1759000000.0,119000000.0,2363000000.0,10471000000.0,0.0,1082000000.0,840000000.0,1409000000.0,0.1235206452,463000000.0,0.0405891119,-308000000.0,345000000.0,0.0302445867,78000000.0,267000000.0,0.0234066801,0.16,0.16,1669000000,1700000000,https://www.sec.gov/Archives/edgar/data/1645590/000162828017002444/0001628280-17-002444-index.htm,https://www.sec.gov/Archives/edgar/data/1645590/000162828017002444/hpe-01312017x10q.htm,6.834631515877772,0.1599760335530257,-0.8771719592570402,-1.4301977231875374,5.90653085680048,18.91791491911324,3.689634511683643,18.87417615338526,10.109047333732772,21997420000.0,27929420000.0,20.59683520599251,1.9284141316735337,-15.025560109289616,-9.215509007121913,0.698308625123012,0.698308625123012,2.44844569124222,19.822157558552163,-19.07747267759563,-11.700636782572266,0.0121377870677561,-0.1085127255832729,0.501253928446716,0.2059690589861991,4.210078069552875,1.1770266531402749,0.4279112754158964,-5.48314606741573,0.0049551265557506,0.4082397003745318,0.154203559218024,0.0425177522573858,0.3315332237614463,-0.630464480874317,0.0809152274918909,1.098809523809524,0.0127114929429297,8.242381715620358,0.0061255767767101,0.0052101627444093,-16.286998202516475,3839000000.0,6158000000.0,-19563000000.0,38752000000.0,8831500000.0,5240000000.0,1881000000.0,74.19654598053826,61.43931919092254,22.06709422792304,1.2129944704381117,1.4648599819331527,4.078470824949698,0.0084759213993206,0.5530257639304973,2017-02-23,0.44,amc,6748622222.0,2025-04-25,2017-01-31,0.0227272727272727,13.435967741935483,18401154.43548387
2016-10-31,HPE,USD,1645590,2016-12-15,2016-12-15 17:26:55,2016,Q4,12478000000.0,8689000000.0,3789000000.0,0.3036544318,534000000,1864000000.0,0.0,1864000000.0,-191000000.0,2213000000.0,10902000000.0,0.0,0.0,872000000.0,1975000000.0,0.1582785703,777000000.0,0.0622695945,-279000000.0,990000000.0,0.0793396378,688000000.0,302000000.0,0.0242025966,0.18,0.18,1672000000,1709000000,https://www.sec.gov/Archives/edgar/data/1645590/000162828016022051/0001628280-16-022051-index.htm,https://www.sec.gov/Archives/edgar/data/1645590/000162828016022051/hpe-10312016x10k.htm,7.462918660287081,0.180622009569378,1.3229665071770336,0.8038277511961722,7.767344497607655,18.85047846889952,3.741626794258373,18.80861244019139,9.65311004784689,21836320000.0,24989320000.0,18.076423841059604,1.749985574611316,9.871754068716092,16.247261904761906,0.6943627575680488,0.6943627575680488,2.0026702997275203,12.652820253164556,11.297160940325496,18.59324404761905,0.0138301691860166,0.0615488324039948,0.5132281862121597,0.2025627831674594,1.5964556962025316,1.283431716301984,0.0,7.324503311258278,0.0042131641228925,0.304635761589404,0.1493829139285142,0.0427953197627824,0.3170471516961809,0.3924050632911392,0.0695624298765827,0.9954128440366972,0.0100977720788587,8.74288916569213,0.0038169384267487,0.0055497362956429,-16.801883971291865,6386000000.0,6256000000.0,-19244000000.0,41284000000.0,9120000000.0,4987500000.0,1811000000.0,59.56964257092483,51.21993324893543,18.37495684198412,1.5108366630342656,1.7571284125379172,4.897970687711386,0.0096031544136352,0.5191387559808612,2016-11-22,0.61,amc,5234000000.0,2025-04-25,2016-10-31,0.0,13.356825396825396,19277206.52380952
2016-07-31,HPE,USD,1645590,2016-09-08,2016-09-08 17:28:21,2016,Q3,12210000000.0,8638000000.0,3572000000.0,0.2925470925,555000000,1938000000.0,0.0,1938000000.0,210000000.0,2703000000.0,11341000000.0,0.0,0.0,954000000.0,1693000000.0,0.1386568387,2497000000.0,0.2045045045,1617000000.0,2407000000.0,0.1971334971,135000000.0,2272000000.0,0.1860769861,1.35,1.32,1681000000,1715000000,https://www.sec.gov/Archives/edgar/data/1645590/000162828016019456/0001628280-16-019456-index.htm,https://www.sec.gov/Archives/edgar/data/1645590/000162828016019456/hpe-07312016x10q.htm,7.263533610945865,1.3515764425936942,1.0196311719214752,0.5080309339678762,6.390838786436645,19.527662105889352,4.428316478286734,19.28970850684117,9.675788221296846,20592250000.0,26114250000.0,2.265872579225352,1.6865069615069614,12.014148191365228,24.112704918032787,0.6350536606426942,0.6350536606426942,2.1387592137592137,15.424837566450089,15.235851808634772,30.57874707259953,0.110332770823975,0.0414719129769694,0.5016036513908592,0.2063536367211783,3.26166568222091,1.4611989324574008,0.0,0.7544014084507042,0.0044191382680377,0.0400528169014084,0.1587223587223587,0.0454545454545454,0.3220207812638764,0.5017502917152858,0.0704340704340704,0.90146750524109,0.0105651105651105,24.220014472596382,0.039120837582722,0.042515765639327,-15.9680249851279,8986000000.0,7444000000.0,-17525000000.0,43947000000.0,8844000000.0,5159500000.0,1973500000.0,73.57002457002457,52.40796480666821,19.25445705024311,1.2233243162007814,1.7172962226640158,4.674242424242424,0.0700672300006167,0.5116002379535991,2016-09-07,0.45,amc,7351530612.0,2025-04-25,2016-07-31,0.0888888888888888,12.34578125,17261306.421875
2016-04-30,HPE,USD,1645590,2016-06-08,2016-06-08 17:26:24,2016,Q2,12711000000.0,9068000000.0,3643000000.0,0.2866021556,624000000,2021000000.0,0.0,2021000000.0,201000000.0,2846000000.0,11914000000.0,0.0,739000000.0,960000000.0,1563000000.0,0.1229643616,492000000.0,0.0387066321,-162000000.0,363000000.0,0.0285579419,43000000.0,320000000.0,0.0251750452,0.19,0.18,1725000000,1751000000,https://www.sec.gov/Archives/edgar/data/1645590/000104746916013717/0001047469-16-013717-index.htm,https://www.sec.gov/Archives/edgar/data/1645590/000104746916013717/a2228788z10-q.htm,7.368695652173913,0.1855072463768116,0.6417391304347826,0.2243478260869565,5.223188405797101,18.56463768115942,3.67768115942029,18.33855072463768,9.826666666666666,16698000000.0,23900000000.0,13.0453125,1.3136653292423883,15.084010840108402,43.14728682170543,0.5278497818802554,0.5278497818802554,1.880261191094328,15.291106845809342,21.58988256549232,61.75710594315245,0.0191639717331416,0.0231764283147682,0.5124865650881962,0.2076757532281205,4.607805502239284,1.512210516094577,0.6657645466847091,3.459375,0.0056294166966103,0.29375,0.1589961450711981,0.0490913382109983,0.3289608526337364,0.6504065040650406,0.0566438517819211,0.75,0.0108567382582015,8.74891513663568,0.0074226281534854,0.0061087354917532,-17.507391304347827,10550000000.0,6344000000.0,-14893000000.0,45904000000.0,7802500000.0,5098500000.0,2222000000.0,54.569270710408304,52.49338332598147,20.832598147331275,1.6492798754379137,1.7145017961807525,4.320152453549309,0.0101156982992982,0.417391304347826,2016-05-24,0.42,amc,8509000000.0,2025-04-25,2016-04-30,0.0,10.17640625,18658862.359375
2016-01-31,HPE,USD,1645590,2016-03-10,2016-03-10 17:20:44,2016,Q1,12724000000.0,9112000000.0,3612000000.0,0.2838729959,585000000,1998000000.0,0.0,1998000000.0,218000000.0,2801000000.0,11913000000.0,0.0,919000000.0,989000000.0,1758000000.0,0.1381640993,384000000.0,0.0301791889,-65000000.0,319000000.0,0.0250707325,52000000.0,267000000.0,0.0209839673,0.15,0.15,1761000000,1778000000,https://www.sec.gov/Archives/edgar/data/1645590/000104746916010994/0001047469-16-010994-index.htm,https://www.sec.gov/Archives/edgar/data/1645590/000104746916010994/a2227444z10-q.htm,7.225440090857467,0.151618398637138,-0.0425894378194207,-0.5150482680295286,4.829642248722317,17.96365701306076,1.4014764338444066,17.7450312322544,9.686541737649064,14105610000.0,21739610000.0,13.2075,1.1085829927695694,-188.0748,-15.55194046306505,0.4513939646068673,0.4513939646068673,1.708551556114429,12.366103526734928,-289.8614666666667,-23.96869900771775,0.0189286390308536,-0.0643006576815891,0.5164645268648597,0.2086436032681766,4.342434584755404,1.3638641835782026,0.4178454842219804,-0.2808988764044944,0.0068058027976103,0.3595505617977528,0.1570260924237661,0.0459761081420936,0.3770555383183369,-11.093333333333334,0.0653882426909776,0.8412537917087968,0.0129676202452059,7.780465759323748,0.005549971313131,0.0055410285145062,-17.10221465076661,7405000000.0,2468000000.0,-17962000000.0,46271000000.0,11442000000.0,5368000000.0,2271500000.0,55.86450801634705,48.47673397717296,23.16176470588235,1.611040769815143,1.856560717196414,3.8857142857142857,0.0085442734167493,0.4724588302101078,2016-03-03,0.39,amc,8323902439.0,2025-04-25,2016-01-31,0.0512820512820511,8.37688524590164,21759398.13114754
2015-10-31,HPE,USD,1645590,2015-12-17,2015-12-17 17:26:45,2015,Q4,13448000000.0,9463000000.0,3985000000.0,0.2963265913,652000000,2038000000.0,0.0,2038000000.0,220000000.0,2910000000.0,12373000000.0,0.0,1921000000.0,988000000.0,2063000000.0,0.1534057109,119000000.0,0.0088488995,-9000000.0,110000000.0,0.008179655,-1275000000.0,1385000000.0,0.1029892921,0.79,0.79,1742520126,1761000000,https://www.sec.gov/Archives/edgar/data/1645590/000104746915009279/0001047469-15-009279-index.htm,https://www.sec.gov/Archives/edgar/data/1645590/000104746915009279/a2226746z10-k.htm,7.7175579204759215,0.7948258268782831,-0.0906732712251037,-0.5141977912512214,5.648141363275135,19.46491147729791,2.712737677728263,19.24511487679655,10.166310125017173,14898547077.3,20850547077.300003,2.689268425505416,1.107863405510113,-94.2946017550633,-16.627842720200896,0.4442685873654391,0.4442685873654391,1.5504570997397384,10.10690599966069,-131.96548783101267,-23.27069986305804,0.0929620850150038,-0.0601400925440024,0.4709706277024005,0.1943398548049711,2.885118759088706,1.4072953816983431,0.0619469026548672,-0.1140794223826714,0.00067120639,0.0072202166064981,0.1515466983938132,0.0484830458060678,0.3591854312784545,-4.670886075949367,0.0548780487804878,0.7469635627530364,0.0157644259369422,18.551861706298933,0.0249852951877364,0.0265942126384915,-14.445457257232276,9022000000.0,4727000000.0,-16179000000.0,48099000000.0,11471500000.0,5356000000.0,2248500000.0,100.29298036882808,55.428511043009614,20.904575715946315,0.8973708794875217,1.623713109128346,4.305277525022748,0.0413001341881616,0.4235245200261176,2015-11-24,0.52,amc,13448000000.0,2025-04-25,2015-10-31,0.0576923076923077,8.581923076923077,21825243.173076924
2015-07-31,HPE,USD,1645590,2015-07-31,2015-07-31 00:00:00,2015,Q3,13057000000.0,9307000000.0,3750000000.0,0.287202267,602000000,2040000000.0,0.0,2040000000.0,225000000.0,2867000000.0,12174000000.0,0.0,1274000000.0,989000000.0,1872000000.0,0.1433713717,244000000.0,0.0186872942,4000000.0,248000000.0,0.0189936433,24000000.0,224000000.0,0.0171555487,0.12,0.12,1801000000,1826000000,,,7.249861188228762,0.1243753470294281,1.1454747362576347,0.4936146585230427,1.5402554136590785,22.61299278178789,5.906718489727929,22.38645197112715,1.3986674069961134,17325620000.0,15796620000.0,19.33662946428571,1.3269219575706517,8.398264663111972,19.48888638920135,0.4297241926682871,0.4297241926682871,1.2098200199126905,8.438365384615384,7.6571110033931165,17.768976377952757,0.0129288302525393,0.0513112950647653,0.0308795079120988,0.0182262692510394,-0.8167735042735043,1.205596107055961,0.1915227629513343,9.209821428571429,0.0,0.0,0.1562380332388757,0.0461055372597074,0.4404754933536335,0.5690741638390693,0.089913456383549,1.187057633973711,0.0089607107298766,7.915002304800529,0.0043942077755352,0.0058608058608058,-9.822737368128818,3887000000.0,10638000000.0,-4789000000.0,42434000000.0,7946000000.0,4689000000.0,2172500000.0,54.84644252125296,47.22896744385946,22.23165359406898,1.6409450798039462,1.905610155610156,4.048281861678991,0.0055558311424177,0.6518600777345919,2015-07-31,,amc,,2025-04-25,2015-07-31,,,
2015-04-30,HPE,USD,1645590,2015-04-30,2015-04-30 00:00:00,2015,Q2,12549000000.0,8965000000.0,3584000000.0,0.2856004463,552000000,0.0,0.0,1974000000.0,204000000.0,2730000000.0,11695000000.0,0.0,882000000.0,973000000.0,1827000000.0,0.14558929,428000000.0,0.0341063033,-30000000.0,398000000.0,0.0317156746,93000000.0,305000000.0,0.0243047255,0.17,0.17,1801000000,1826000000,,,6.967795669072737,0.1693503609106052,0.6596335369239311,0.3009439200444198,1.509716823986674,21.230982787340366,5.832870627429206,21.00832870627429,1.2937257079400333,17325620000.0,16054620000.0,14.20132786885246,1.3806375009960954,14.583855218855218,31.96608856088561,0.4579136272333227,0.4579136272333227,1.2793545302414535,8.787422003284073,13.513989898989898,29.62107011070111,0.017603987620645,0.0312831517717692,0.038270430278042,0.0221745788667687,-0.6956759715380405,1.2073705287082634,0.4852607709750567,3.8950819672131134,0.0,0.0,0.0,0.0439875687305761,0.4246860643185298,0.5437710437710438,0.0514782054346959,0.6639260020554985,0.0077296995776555,8.9470543248638,0.0068680364718306,0.008118611584327,-9.644503053858967,3832000000.0,10505000000.0,-4752000000.0,39941000000.0,3967500000.0,2247000000.0,1023000000.0,56.90891704518288,45.115448968209705,20.539877300613497,1.5814744801512288,1.994882064975523,4.381720430107527,0.00806110582514,0.3586896168795114,2015-10-20,,bmo,,2025-04-25,2015-04-30,,,
2015-01-31,HPE,USD,1645590,2015-01-31,2015-01-31 00:00:00,2015,Q1,13053000000.0,9433000000.0,3620000000.0,0.2773308818,532000000,0.0,0.0,1973000000.0,203000000.0,2708000000.0,12141000000.0,0.0,378000000.0,997000000.0,1909000000.0,0.1462499042,732000000.0,0.0560790623,-18000000.0,714000000.0,0.0547000689,167000000.0,547000000.0,0.0419060752,0.3,0.3,1801000000,1826000000,,,7.24764019988895,0.3037201554691838,0.3153803442531926,-0.1210438645197112,0.7590227651304831,0.0,0.0,20.63964464186563,0.2098833981121599,17325620000.0,18692620000.0,7.918473491773308,1.3273285834674022,30.50285211267605,-79.47532110091743,0.4660932960292693,0.4660932960292693,1.4320554661763578,9.79183865898376,32.909542253521124,-85.74596330275229,0.0315717417327633,-0.0125825222993462,0.0,0.0,0.716081718177056,0.0,1.9365079365079363,1.0383912248628884,0.0005771799219883,0.0182815356489945,0.0,0.0407569141193595,0.0,1.3838028169014085,0.0602160422891289,0.7883650952858575,0.010648892974795,11.876245694147752,0.0,0.0,0.7590227651304831,1367000000.0,0.0,1367000000.0,1367000000.0,6669500000.0,2444500000.0,942000000.0,0.0,0.0,0.0,0.0,0.0,0.0,0.0147153771656085,0.4364242087729039,2015-01-31,,amc,,2025-04-25,2015-01-31,,,
2014-10-31,HPE,USD,1645590,2014-10-31,2014-10-31 00:00:00,2014,Q4,14073000000.0,9767000000.0,4306000000.0,0.3059759824,548000000,0.0,0.0,2176000000.0,206000000.0,2930000000.0,12697000000.0,0.0,1128000000.0,1031000000.0,2407000000.0,0.171036737,826000000.0,0.058693953,-28000000.0,798000000.0,0.0567043274,282000000.0,516000000.0,0.0366659561,0.29,0.29,1801000000,1801000000,,,7.813992226540811,0.2865074958356469,0.569683509161577,0.1782343142698501,1.2876179900055524,20.63964464186563,5.0832870627429205,20.41976679622432,1.3920044419766795,17325620000.0,16385620000.0,8.394195736434106,1.2311248490016344,16.886569200779725,53.973894080996885,0.4711121383510985,0.4711121383510985,1.1643302778369928,6.807486497714998,15.97038986354776,51.04554517133956,0.0297824839745994,0.0185274754958264,0.0374972808353273,0.0211922361727958,-0.3905276277523888,1.1149291497975709,0.7322695035460993,1.988372093023256,0.0,0.0,0.0,0.0389398138278973,0.4305604647231486,0.6871345029239766,0.0500959283734811,0.6838021338506305,0.0067505151708946,11.473202065357242,0.0115594689569937,0.0139256220650941,-8.125347029428095,2271000000.0,9155000000.0,-5868000000.0,38808000000.0,,,,85.30590492432317,45.05068086413433,17.360499641650456,1.0550266136891822,1.997750051135201,5.184182590233545,0.0140308897106808,0.3914491948917268,2014-10-31,,amc,,2025-04-25,2014-10-31,,,
2014-07-31,HPE,USD,1645590,2014-07-31,2014-07-31 00:00:00,2014,Q3,13704000000.0,9799000000.0,3905000000.0,0.2849532983,574000000,0.0,0.0,2203000000.0,206000000.0,2983000000.0,12782000000.0,0.0,1152000000.0,1016000000.0,1938000000.0,0.1414185639,354000000.0,0.0258318739,-16000000.0,338000000.0,0.0246643316,72000000.0,266000000.0,0.0194103911,0.15,0.15,1801000000,1801000000,,,7.609106052193226,0.1476957245974458,1.3731260410882842,0.7468073292615214,,,,,,17325620000.0,,16.28347744360902,1.264274664331582,7.005911847957946,12.88150185873606,0.0,0.0,,,,,0.0153529859248904,0.0776306995074346,0.0,0.0,,0.0,0.3072916666666667,9.296992481203008,0.0,0.0,0.0,0.0418855808523059,0.0,0.4561261625556005,0.0823117338003502,1.110236220472441,0.0072971395213076,,0.0,0.0,,,,,,,,,,,,0.0,0.0,0.0,0.0,0.6263187118267629,2014-07-31,,amc,,2025-04-25,2014-07-31,,,
2014-04-30,HPE,USD,1645590,2014-04-30,2014-04-29 20:00:00,2014,Q2,13673000000.0,9960000000.0,3713000000.0,0.2715570833,537500000,0.0,0.0,2169000000.0,0.0,3147000000.0,13107000000.0,12000000.0,0.0,1048500000.0,1808000000.0,0.132231405,759500000.0,0.0555474292,-23500000.0,554000000.0,0.0405178088,121000000.0,433000000.0,0.0316682513,0.24,0.239,1801000000,1813500000,,,7.591893392559689,0.2404219877845641,0.9472515269294836,0.4511382565241532,,,,,,17325620000.0,,10.003244803695148,1.2671410809624808,10.15569753810082,21.32384,0.0,0.0,,,,,0.024991890622096,0.0468958686615543,0.0,0.0,,0.0,0.0,3.9399538106235568,0.0,0.0,0.0,0.0393110509763768,0.0,0.5237397420867527,0.0653477656695677,0.8521697663328565,0.0084838733269948,,0.0,0.0,,,,,,,,,,,,0.0,0.0,0.0,0.0,0.4961132704053304,2014-04-29,,amc,,2025-04-25,2014-04-30,,,
2014-01-31,HPE,USD,1645590,2014-01-31,2014-01-30 19:00:00,2014,Q1,13673000000.0,9960000000.0,3713000000.0,0.2715570833,537500000,0.0,0.0,2169000000.0,0.0,3147000000.0,13107000000.0,12000000.0,0.0,1048500000.0,1808000000.0,0.132231405,759500000.0,0.0555474292,-23500000.0,554000000.0,0.0405178088,121000000.0,433000000.0,0.0316682513,0.24,0.238,1801000000,1819750000,,,7.591893392559689,0.2404219877845641,0.9472515269294836,0.4511382565241532,0.7629094947251527,0.0,0.0,21.30760688506385,0.0,17325620000.0,18699620000.0,10.003244803695148,1.2671410809624808,10.15569753810082,21.32384,0.4514819543973941,0.4514819543973941,1.367631097783954,10.342710176991153,10.961090269636577,23.014916923076925,0.024991890622096,0.0468958686615543,0.0,0.0,0.7599557522123894,0.0,0.0,3.9399538106235568,0.0,0.0,0.0,0.0393110509763768,0.0,0.5237397420867527,0.0653477656695677,0.8521697663328565,0.0084838733269948,10.736078755783236,0.0,0.0,0.7629094947251527,1374000000.0,0.0,1374000000.0,1374000000.0,,,,0.0,0.0,0.0,0.0,0.0,0.0,0.0112833876221498,0.4961132704053304,2014-01-30,,amc,,2025-04-25,2014-01-31,,,
