date,symbol,reportedCurrency,cik,fillingDate,acceptedDate,calendarYear,period,revenue,costOfRevenue,grossProfit,grossProfitRatio,researchAndDevelopmentExpenses,generalAndAdministrativeExpenses,sellingAndMarketingExpenses,sellingGeneralAndAdministrativeExpenses,otherExpenses,operatingExpenses,costAndExpenses,interestIncome,interestExpense,depreciationAndAmortization,ebitda,ebitdaratio,operatingIncome,operatingIncomeRatio,totalOtherIncomeExpensesNet,incomeBeforeTax,incomeBeforeTaxRatio,incomeTaxExpense,netIncome,netIncomeRatio,eps,epsdiluted,weightedAverageShsOut,weightedAverageShsOutDil,link,finalLink,revenuePerShare,netIncomePerShare,operatingCashFlowPerShare,freeCashFlowPerShare,cashPerShare,bookValuePerShare,tangibleBookValuePerShare,shareholdersEquityPerShare,interestDebtPerShare,marketCap,enterpriseValue,peRatio,priceToSalesRatio,pocfratio,pfcfRatio,pbRatio,ptbRatio,evToSales,enterpriseValueOverEBITDA,evToOperatingCashFlow,evToFreeCashFlow,earningsYield,freeCashFlowYield,debtToEquity,debtToAssets,netDebtToEBITDA,currentRatio,interestCoverage,incomeQuality,dividendYield,payoutRatio,salesGeneralAndAdministrativeToRevenue,researchAndDdevelopementToRevenue,intangiblesToTotalAssets,capexToOperatingCashFlow,capexToRevenue,capexToDepreciation,stockBasedCompensationToRevenue,grahamNumber,roic,returnOnTangibleAssets,grahamNetNet,workingCapital,tangibleAssetValue,netCurrentAssetValue,investedCapital,averageReceivables,averagePayables,averageInventory,daysSalesOutstanding,daysPayablesOutstanding,daysOfInventoryOnHand,receivablesTurnover,payablesTurnover,inventoryTurnover,roe,capexPerShare,report_date,epsEstimated,time,revenueEstimated,updatedFromDate,fiscalDateEnding,surprise(%),QuarterAvgPrice,QuarterAvgVolume
2025-03-31,HUM,USD,49071,2025-04-30,2025-04-30 09:29:51,2025,Q1,32112000000.0,0.0,32112000000.0,1.0,0,0.0,0.0,0.0,30098000000.0,30098000000.0,30098000000.0,0.0,160000000.0,215000000.0,2066000000.0,0.0643373194,2014000000.0,0.062717987,-323000000.0,1691000000.0,0.052659442,406000000.0,1244000000.0,0.0387394121,10.31,10.3,120405000,120764000,https://www.sec.gov/Archives/edgar/data/49071/000004907125000023/0000049071-25-000023-index.htm,https://www.sec.gov/Archives/edgar/data/49071/000004907125000023/hum-20250331.htm,266.6998878784104,10.331796852290188,2.7490552717910384,1.960051492878203,183.8627963954985,147.99219301524022,68.00382043935052,147.42743241559737,111.8392093351605,31859163000.000004,40915163000.0,6.402564911575563,0.9921264013452916,96.251247734139,134.99645338983052,1.7947813080953186,1.7947813080953186,1.274139356003986,19.804047918683445,123.61076435045317,173.3693347457627,0.0390468512936137,0.0074076020139009,0.7495915723057855,0.2612605537011584,4.383349467570184,1.9077758687579671,12.5875,0.2665056360708535,0.0033899195656835,0.0868167202572347,0.0,0.0,0.1891026899666208,0.2870090634441087,0.0029583956153462,0.4418604651162791,0.0015259093173891,185.12639290194576,0.0457342050622235,0.030121794716579,-63.3590797724347,16379000000.0,8188000000.0,1311000000.0,28437000000.0,3581500000.0,7849500000.0,0.0,12.49719730941704,0.0,0.0,7.201614711818793,0.0,0.0,0.0700805588417553,0.7890037789128358,2025-04-30,10.07,bmo,32199258298.0,2025-05-11,2025-03-31,0.1499503475670307,270.5011666666667,1572885.8833333333
2024-12-31,HUM,USD,49071,2025-02-20,2025-02-20 14:34:08,2024,Q4,29213000000.0,0.0,29213000000.0,1.0,0,0.0,0.0,3837000000.0,25919000000.0,29756000000.0,29756000000.0,0.0,164000000.0,240000000.0,-303000000.0,-0.0103720946,-543000000.0,-0.0185876151,-356000000.0,-899000000.0,-0.0307739705,216000000.0,-693000000.0,-0.0237223154,-5.75,-5.76,120405000,120764000,https://www.sec.gov/Archives/edgar/data/49071/000004907125000007/0000049071-25-000007-index.htm,https://www.sec.gov/Archives/edgar/data/49071/000004907125000007/hum-20241231.htm,242.622814667165,-5.75557493459574,-4.385199950168182,-5.664216602300569,169.71886549561896,136.58070678127984,44.61608737178688,135.99933557576512,98.70852539346372,30547952550.0,40047952550.0,-11.020184902597402,1.045697208434601,-57.855970738636366,-44.79171928152493,1.8655238198473283,1.8655238198473283,1.3708948943963304,-132.1714605610561,-75.84839498106061,-58.72133804985337,-0.0226856447699962,-0.0223255551704724,0.7157862595419847,0.2521784031498096,-31.353135313531357,1.3660192455280713,-3.3109756097560976,0.7696793002915452,0.0035354251589604,-0.1558441558441558,0.0,0.0,0.2382366229910282,-0.2916666666666667,0.0052716256461164,0.6416666666666667,0.0018484921096771,,-0.0131961391411355,-0.0195729537366548,-62.87944852788505,6200000000.0,5372000000.0,-6895000000.0,20250000000.0,2424000000.0,10807000000.0,0.0,8.330537774278575,0.0,0.0,10.80362426035503,0.0,0.0,-0.0423206106870229,1.2790166521323865,2025-02-11,-2.23,bmo,28808962501.0,2025-05-11,2024-12-31,-0.0313901345291479,268.19390625,2529825.109375
2024-09-30,HUM,USD,49071,2024-10-30,2024-10-30 14:17:34,2024,Q3,29397000000.0,0.0,29397000000.0,1.0,0,0.0,0.0,3284000000.0,25385000000.0,28669000000.0,28669000000.0,0.0,169000000.0,243000000.0,971000000.0,0.0330305814,728000000.0,0.0247644317,-93000000.0,635000000.0,0.0216008436,155000000.0,480000000.0,0.0163281968,3.99,3.98,120405000,120764000,https://www.sec.gov/Archives/edgar/data/49071/000004907124000055/0000049071-24-000055-index.htm,https://www.sec.gov/Archives/edgar/data/49071/000004907124000055/hum-20240930.htm,244.1509904073751,3.986545409243802,15.431252854947884,14.351563473277688,200.56476059964288,146.37265894273494,66.72480378721814,145.88264606951537,109.55525102778124,38137079700.0,46043079700.0,19.86306234375,1.2973119604041228,20.525877125941875,22.070069270833333,2.171197250213493,2.171197250213493,1.5662509677858285,47.41820772399588,24.78099015069968,26.645300752314817,0.0125861760726267,0.0453102338614563,0.7413606604042129,0.2604035435039094,8.142121524201853,1.7582100710204518,4.307692307692308,3.870833333333333,0.0028056684161897,0.2229166666666666,0.0,0.0,0.1917731517587537,0.0699677072120559,0.0044222199544171,0.5349794238683128,0.0018029050583392,114.39088836956032,0.016976160309675,0.0118761907118291,-55.03093725343632,14199000000.0,8034000000.0,543000000.0,26482000000.0,3117000000.0,11944000000.0,-18474000000.0,6.5639350954179,0.0,0.0,13.711287313432836,0.0,0.0,0.02732707087959,1.0796893816701965,2024-10-30,3.4,bmo,28679920829.0,2025-04-14,2024-09-30,0.2235294117647059,355.96953125,1242258.28125
2024-06-30,HUM,USD,49071,2024-07-31,2024-07-31 14:08:48,2024,Q2,29540000000.0,0.0,29540000000.0,1.0,0,0.0,0.0,3080000000.0,25319000000.0,28399000000.0,28399000000.0,0.0,168000000.0,243000000.0,1384000000.0,0.0468517265,1141000000.0,0.0386255924,-240000000.0,901000000.0,0.0305010156,223000000.0,679000000.0,0.022985782,5.64,5.63,120445000,120665000,https://www.sec.gov/Archives/edgar/data/49071/000004907124000040/0000049071-24-000040-index.htm,https://www.sec.gov/Archives/edgar/data/49071/000004907124000040/hum-20240630.htm,245.2571713230105,5.637427871642658,10.070986757441156,9.124496658225748,190.3358379343269,318.3776827597659,225.1401054423181,138.4117231931587,108.456141807464,44985003050.0,52379003050.0,16.562961358615613,1.5228504756262695,37.08574035449299,40.93266883530482,2.698398599364165,2.698398599364165,1.7731551472579554,37.84610046965318,43.18137102225887,47.66060332120109,0.0150939191722473,0.0244303640210601,0.773498890288525,0.2574211965743717,5.342485549132948,0.2779686710459828,6.791666666666667,1.7864506627393226,0.002378570473388,0.1575846833578792,0.0,0.0,0.2241830195835745,0.0939818631492168,0.003859174001354,0.4691358024691358,0.0018618821936357,132.5007071190642,0.027298719765778,0.0174716311144276,-35.09900784590477,-14289000000.0,27117000000.0,-6245000000.0,-238000000.0,2045000000.0,12072000000.0,-36834500000.0,12.461069735951254,0.0,0.0,7.222493887530562,0.0,0.0,0.0407294103533081,0.9464900992154096,2024-07-31,5.85,bmo,28524671737.0,2025-04-14,2024-06-30,0.1897435897435898,337.63396825396825,1662826.9365079366
2024-03-31,HUM,USD,49071,2024-04-24,2024-04-24 15:47:25,2024,Q1,29611000000.0,0.0,29611000000.0,1.0,0,0.0,0.0,3013000000.0,25362000000.0,28375000000.0,28375000000.0,0.0,159000000.0,242000000.0,1478000000.0,0.0499138834,1236000000.0,0.0417412448,-246000000.0,990000000.0,0.0334335213,251000000.0,741000000.0,0.0250244841,6.13,6.11,120978000,121268000,https://www.sec.gov/Archives/edgar/data/49071/000004907124000023/0000049071-24-000023-index.htm,https://www.sec.gov/Archives/edgar/data/49071/000004907124000023/hum-20240331.htm,244.76351072095756,6.125080593165699,3.4965034965034967,2.033427565342459,186.8686868686869,311.635173337301,218.70918679429315,133.33002694704822,110.52422754550416,42517718100.0,49819718100.0,14.344709210526316,1.4358757927797103,100.5147,172.83625243902438,2.635940365778054,2.635940365778054,1.6824733409881465,33.70752239512855,117.77711134751772,202.51917926829267,0.0174280284341035,0.0057858232048441,0.8190948543087415,0.2637599568784811,4.940460081190798,0.3001676062776169,7.773584905660377,0.5708502024291497,0.0025636371110894,0.1470985155195681,0.0,0.0,0.2244315346070152,0.4184397163120567,0.0059775083583803,0.731404958677686,0.0015197055148424,135.5536281777126,0.0295487542605144,0.0190738500347499,-67.31389178197689,-13779000000.0,26459000000.0,-6480000000.0,442000000.0,1017500000.0,11490500000.0,-34371000000.0,0.0,0.0,0.0,0.0,0.0,0.0,0.0459392436453812,1.4630759311610375,2024-04-24,6.12,bmo,28522892977.0,2025-04-14,2024-03-31,0.1813725490196079,379.0096721311476,2001426.68852459
2023-12-31,HUM,USD,49071,2024-02-15,2024-02-15 16:55:39,2023,Q4,26462000000.0,0.0,26462000000.0,1.0,0,0.0,0.0,3387000000.0,23423000000.0,26810000000.0,26810000000.0,0.0,146000000.0,238000000.0,-110000000.0,-0.0041569042,-348000000.0,-0.0131509334,-267000000.0,-615000000.0,-0.0232408737,75000000.0,-541000000.0,-0.0204444109,-4.42,-4.42,122461000,122461000,https://www.sec.gov/Archives/edgar/data/49071/000004907124000012/0000049071-24-000012-index.htm,https://www.sec.gov/Archives/edgar/data/49071/000004907124000012/hum-20231231.htm,216.08512097729076,-4.417732992544566,-58.25528127322168,-60.56622108263039,174.09624288549008,300.92845885628896,209.11963808886097,132.79329745796622,101.3792146070994,56063870410.0,63638870410.0,-25.907518673752307,2.11865582382284,-7.858686628819737,-7.5588338155588515,3.447538458369204,3.447538458369204,2.404915365807573,-578.5351855454545,-8.920503281469022,-8.580136228933531,-0.009649708378027,-0.1322955398148367,0.7544582462181774,0.2606820354828428,-68.86363636363636,0.2487282746926664,-2.3835616438356166,13.186691312384474,0.0019798847134214,-0.2051756007393715,0.0,0.0,0.238882396685435,-0.0396691897953462,0.0106945809084725,1.1890756302521008,0.0012470712720126,,-0.0131744845589905,-0.0151024510077605,-27.57816774319988,-14178000000.0,25609000000.0,-5519000000.0,605000000.0,1929500000.0,17303000000.0,-36049000000.0,6.921245559670472,0.0,0.0,13.003439803439804,0.0,0.0,-0.0332677407452957,2.3109398094087097,2024-01-25,-0.07,bmo,25539600000.0,2025-04-14,2023-12-31,0.5714285714285713,492.8933333333333,1345357.7777777778
2023-09-30,HUM,USD,49071,2023-11-01,2023-11-01 14:06:42,2023,Q3,26423000000.0,0.0,26423000000.0,1.0,0,0.0,0.0,3204000000.0,22013000000.0,25217000000.0,25217000000.0,0.0,114000000.0,235000000.0,1441000000.0,0.0545358211,1206000000.0,0.0456420543,-120000000.0,1086000000.0,0.0411005563,256000000.0,832000000.0,0.031487719,6.74,6.71,123426000,123983000,https://www.sec.gov/Archives/edgar/data/49071/000004907123000064/0000049071-23-000064-index.htm,https://www.sec.gov/Archives/edgar/data/49071/000004907123000064/hum-20230930.htm,214.0796914750539,6.740881175765236,10.143729846223648,8.247857015539676,245.43451136713497,376.1120023333819,284.518658953543,137.32114789428485,97.93722554405068,60049217520.0,56875217520.0,18.043635072115386,2.272611645914544,47.96263380191693,58.98744353634578,3.5429357201014806,3.5429357201014806,2.1524890254702345,39.46926961832061,45.427490031948885,55.8695653438114,0.0138553012738741,0.0169527604528892,0.7064723582512242,0.2141847777479653,-2.20263705759889,0.5444416489954355,10.578947368421051,1.508433734939759,0.0018151776909282,0.1310096153846154,0.0,0.0,0.2022180484750916,0.1869009584664537,0.0088559209779358,0.9957446808510638,0.0020058282556863,144.3172708641929,0.0303924788862175,0.0186547085201793,17.334273167728032,-12675000000.0,35117000000.0,5665000000.0,1972000000.0,1626500000.0,12728500000.0,-40132500000.0,6.212769178367331,0.0,0.0,14.486293859649123,0.0,0.0,0.0490884417959761,1.8958728306839725,2023-11-01,7.16,bmo,25554400000.0,2025-04-14,2023-09-30,0.0865921787709497,469.9415873015873,1271366.1904761903
2023-06-30,HUM,USD,49071,2023-08-02,2023-08-02 15:12:55,2023,Q2,26747000000.0,0.0,26747000000.0,1.0,0,0.0,0.0,3111000000.0,22200000000.0,25311000000.0,25311000000.0,0.0,120000000.0,226000000.0,1662000000.0,0.0621378098,1436000000.0,0.0536882641,-184000000.0,1252000000.0,0.0468089879,296000000.0,959000000.0,0.0358544884,7.7,7.66,124574000,125109000,https://www.sec.gov/Archives/edgar/data/49071/000004907123000049/0000049071-23-000049-index.htm,https://www.sec.gov/Archives/edgar/data/49071/000004907123000049/hum-20230630.htm,214.70772392313003,7.698235586880087,25.49488657344229,23.375664263811068,252.5807953505547,375.1424855908938,284.26477435098815,135.1325316679243,98.9050684733572,55700772620.0,51687772620.0,14.52053509384776,2.0825054256552136,17.538026643576828,19.12801257554945,3.3088257467031004,3.3088257467031004,1.9324699076531948,31.09974285198556,16.274487600755666,17.74992191620879,0.0172169963699149,0.0522793466414936,0.7247831769038849,0.2161190328580285,-2.414560770156438,0.5733583224300718,11.966666666666669,3.3221757322175733,0.0019927910292602,0.1157455683003128,0.0,0.0,0.2005313966876273,0.0831234256926952,0.0098702658242045,1.168141592920354,0.0019067558978577,152.99132800653226,0.0363102987799162,0.02124783976603,21.84043219291345,-12065000000.0,35412000000.0,6492000000.0,2565000000.0,2268000000.0,7343000000.0,-40413500000.0,4.8083897259505735,0.0,0.0,18.717284814555637,0.0,0.0,0.0569680408696685,2.119222309631223,2023-08-02,8.82,bmo,26229000000.0,2025-04-14,2023-06-30,0.0136054421768706,503.4241935483871,1124345.661290323
2023-03-31,HUM,USD,49071,2023-04-26,2023-04-26 15:07:20,2023,Q1,26742000000.0,0.0,26742000000.0,1.0,0,0.0,0.0,2979000000.0,22044000000.0,25023000000.0,25023000000.0,0.0,113000000.0,218000000.0,1937000000.0,0.0724328771,1719000000.0,0.0642809064,-122000000.0,1597000000.0,0.0597187944,359000000.0,1239000000.0,0.0463316132,9.91,9.87,125005000,125564000,https://www.sec.gov/Archives/edgar/data/49071/000004907123000025/0000049071-23-000025-index.htm,https://www.sec.gov/Archives/edgar/data/49071/000004907123000025/hum-20230331.htm,213.9274429022839,9.911603535858566,53.49386024559018,51.70993160273589,229.32682692692293,360.24959001639934,271.6611335546578,132.61069557217712,97.028118875245,60684927300.0,58965927300.0,12.244739164648909,2.269274074489567,9.075060161507402,9.388138505569309,3.660790691922543,3.660790691922543,2.204993168050258,30.44188296334538,8.817994212651413,9.122204099628712,0.0204169314379322,0.1065173888739255,0.7248597454304156,0.2193661457572659,-0.8874548270521425,0.5097988271100884,15.212389380530974,5.401453957996769,0.001647855644708,0.0807102502017756,0.0,0.0,0.2021688330655761,0.0333482877224465,0.0083389424874728,1.0229357798165135,0.0014209857153541,171.96992289447516,0.04486632866914,0.028351105212576,7.4777008919643215,-13207000000.0,33959000000.0,3992000000.0,1101000000.0,2390500000.0,5982500000.0,-34248000000.0,10.45658514695984,0.0,0.0,8.607016414547795,0.0,0.0,0.0747421125656029,1.7839286428542858,2023-04-26,9.27,bmo,26194200000.0,2025-04-14,2023-03-31,0.0118662351672061,494.3256451612903,1059098.8064516129
2022-12-31,HUM,USD,49071,2023-02-16,2023-02-16 15:11:58,2022,Q4,22439000000.0,0.0,22439000000.0,1.0,0,0.0,0.0,3363000000.0,18952000000.0,22315000000.0,22315000000.0,0.0,108000000.0,217000000.0,341000000.0,0.0151967556,124000000.0,0.005526093,-200000000.0,-76000000.0,-0.0033869602,58000000.0,-15000000.0,-0.000668479,-0.12,-0.12,125644000,125644000,https://www.sec.gov/Archives/edgar/data/49071/000004907123000011/0000049071-23-000011-index.htm,https://www.sec.gov/Archives/edgar/data/49071/000004907123000011/hum-20221231.htm,178.59189455923084,-0.1193849288465824,-40.80576867976187,-42.85918945592309,150.75928814746428,270.7729776193053,183.96421635732705,121.86017637133487,91.78313329725256,64353600360.00001,70716600360.0,-1072.5600060000002,2.8679353072775084,-12.551901767115274,-11.950529314763232,4.20309583697995,4.20309583697995,3.151504093765319,207.38005970674487,-13.79297842012873,-13.132144913649023,-0.0002330871919533,-0.0836783019112498,0.7461302331656978,0.2653350365811172,18.65982404692082,0.2946210268948655,1.148148148148148,284.8333333333333,0.0015694537591525,-6.733333333333333,0.0,0.0,0.2533271397050284,-0.0503218256290228,0.0114978385846071,1.1889400921658986,0.0019163064307678,,0.0078169251295136,-0.0004665920119447,-22.00662188405336,-12117000000.0,23114000000.0,-3973000000.0,2526000000.0,1641500000.0,5734500000.0,-31588500000.0,6.714202950220598,0.0,0.0,13.40442054958184,0.0,0.0,-0.0009796878061524,2.053420776161217,2023-02-01,1.46,bmo,22479091775.0,2025-04-14,2022-12-31,0.1095890410958905,525.5871428571428,995668.9047619049
2022-09-30,HUM,USD,49071,2022-11-02,2022-11-02 15:07:59,2022,Q3,22799000000.0,0.0,22799000000.0,1.0,0,0.0,0.0,2979000000.0,18648000000.0,21627000000.0,21627000000.0,0.0,102000000.0,214000000.0,1386000000.0,0.06079214,1172000000.0,0.0514057634,128000000.0,1300000000.0,0.0570200447,107000000.0,1195000000.0,0.0524145796,9.44,9.39,126572000,127356000,https://www.sec.gov/Archives/edgar/data/49071/000004907122000071/0000049071-22-000071-index.htm,https://www.sec.gov/Archives/edgar/data/49071/000004907122000071/hum-20220930.htm,180.12672629017476,9.441266630850423,66.78412287077711,64.50873810953449,210.8049173592896,339.4668647094144,253.40517650033183,128.41702746262996,86.40141579496255,61411468680.0,58687468680.0,12.84758758995816,2.6936036089302164,7.26505012185023,7.5213066356399265,3.778237275747508,3.778237275747508,2.5741246844159837,42.34305099567099,6.942797667100438,7.1876875296999385,0.0194589060591735,0.1329556217348554,0.6665436200319921,0.2134147542598246,-1.9653679653679657,0.5412159195241707,11.490196078431373,7.085498742665549,0.0016283603396797,0.0836820083682008,0.0,0.0,0.2145769723234512,0.0340707441145155,0.0126321329882889,1.3457943925233644,0.0035089258300802,165.16487645640171,0.0377208776563456,0.0299709069020866,19.204484404133616,-11493000000.0,32074000000.0,5760000000.0,2618000000.0,804500000.0,3264500000.0,-17660000000.0,6.351594368174043,0.0,0.0,14.169670602858918,0.0,0.0,0.0735203642180386,2.275384761242613,2022-11-02,6.28,bmo,22815157173.0,2025-04-14,2022-09-30,0.0955414012738852,486.4275,843495.984375
2022-06-30,HUM,USD,49071,2022-07-27,2022-07-27 15:09:11,2022,Q2,23662000000.0,0.0,23662000000.0,1.0,0,0.0,0.0,2970000000.0,19477000000.0,22447000000.0,22447000000.0,0.0,101000000.0,209000000.0,1424000000.0,0.0601808807,1215000000.0,0.0513481532,-91000000.0,1124000000.0,0.0475023244,427000000.0,696000000.0,0.0294142507,5.5,5.48,126523000,127084000,https://www.sec.gov/Archives/edgar/data/49071/000004907122000057/0000049071-22-000057-index.htm,https://www.sec.gov/Archives/edgar/data/49071/000004907122000057/hum-20220630.htm,187.017380239166,5.50097610711096,7.579649549884211,5.374516886257835,40.72777281600974,280.81850730697187,196.50972550445377,122.42833318843216,105.30101246413696,59221620610.0,67290620610.0,21.27213383979885,2.502815510523202,61.75351471324296,87.09061854411765,3.8232163079406063,3.8232163079406063,2.84382641408165,47.25464930477528,70.1674876016684,98.95679501470588,0.0117524646038219,0.0114822930037341,0.8535829567462879,0.2824006834686031,5.666432584269663,0.0,12.029702970297029,1.375896700143472,0.0016885725005491,0.1436781609195402,0.0,0.0,0.2278299871849637,0.2909280500521376,0.0117910573915983,1.3349282296650715,0.0021130927225086,123.0983145835765,0.0155792832096625,0.0192515143971454,-48.50501489847696,5153000000.0,24863000000.0,-6137000000.0,18941000000.0,0.0,0.0,0.0,0.0,0.0,0.0,0.0,0.0,0.0,0.0449322143318269,2.2051326636263764,2022-07-27,7.67,bmo,23446525106.0,2025-04-14,2022-06-30,0.1303780964797914,444.9490322580645,867571.3548387097
2022-03-31,HUM,USD,49071,2022-04-27,2022-04-27 14:21:19,2022,Q1,23970000000.0,0.0,23970000000.0,1.0,0,0.0,0.0,2886000000.0,19795000000.0,22681000000.0,22681000000.0,0.0,90000000.0,205000000.0,1494000000.0,0.0623279099,1289000000.0,0.0537755528,-73000000.0,1216000000.0,0.0507300793,286000000.0,930000000.0,0.0387984981,7.33,7.29,126938000,127474000,https://www.sec.gov/Archives/edgar/data/49071/000004907122000032/0000049071-22-000032-index.htm,https://www.sec.gov/Archives/edgar/data/49071/000004907122000032/hum-20220331.htm,188.83234334872145,7.326411318911594,2.379114213237959,0.0551450314326679,38.31791898407096,275.90634798090406,167.27063605854826,120.68096235957712,105.4215443759946,55239609460.0,63667609460.0,14.84935738172043,2.304531057989153,182.91261410596027,7891.37278,3.605954008747307,3.605954008747307,2.6561372323738004,42.61553511378849,210.8198988741722,9095.37278,0.0168357453843592,0.0001267206641833,0.8676806580063973,0.2870346376436037,5.641231593038822,0.0,14.322222222222225,0.3247311827956989,0.0016473686343835,0.0978494623655914,0.0,0.0,0.2977887190118338,0.97682119205298,0.0123070504797663,1.4390243902439024,0.0017939090529828,141.0445436508902,0.0205389931269066,0.028599544867458,-50.58374954702296,4864000000.0,21233000000.0,-6421000000.0,21843000000.0,0.0,0.0,0.0,0.0,0.0,0.0,0.0,0.0,0.0,0.060708923558979,2.3239691818052908,2022-04-27,6.78,bmo,23535751633.0,2025-04-14,2022-03-31,0.1858407079646016,418.3151612903226,1389714.258064516
2021-12-31,HUM,USD,49071,2022-02-17,2022-02-17 16:23:04,2021,Q4,21054000000.0,0.0,21054000000.0,1.0,0,0.0,0.0,3395000000.0,17598000000.0,20993000000.0,20993000000.0,0.0,91000000.0,194000000.0,255000000.0,0.0121117127,61000000.0,0.0028973117,-125000000.0,-64000000.0,-0.0030398024,51000000.0,-14000000.0,-0.0006649568,-0.11,-0.11,128611998,128611998,https://www.sec.gov/Archives/edgar/data/49071/000004907122000017/0000049071-22-000017-index.htm,https://www.sec.gov/Archives/edgar/data/49071/000004907122000017/hum-20211231.htm,163.70167890557147,-0.1088545409270447,-0.7464311377854499,-3.631076472352136,26.389450850456424,262.93814360927666,156.1751649329015,125.02721557906284,100.38721270779108,59657961392.28,69083961392.28,-1065.3207391478572,2.83356898414933,-621.43709783625,-127.7472406686938,3.710072225888059,3.710072225888059,3.281274883265888,270.917495656,-719.62459783625,-147.93139484428266,-0.0002346711096603,-0.0078279577293841,0.7972636815920398,0.2890121285901078,36.96470588235294,0.0,0.6703296703296703,7.384615384615385,0.0015253622127922,-6.5,0.0,0.0,0.3095495739212769,-3.8645833333333335,0.0176213546119502,1.9123711340206184,0.0022798518096323,,0.0023668108008896,-0.0004571130048649,-55.57024314325635,3394000000.0,20086000000.0,-7147000000.0,20876000000.0,0.0,0.0,0.0,0.0,0.0,0.0,0.0,0.0,0.0,-0.0008706467661691,2.8846453345666863,2022-02-02,1.23,bmo,23379500000.0,2025-04-14,2021-12-31,0.008130081300813,442.52046875,749312.296875
2021-09-30,HUM,USD,49071,2021-11-03,2021-11-03 14:48:52,2021,Q3,20697000000.0,0.0,20697000000.0,1.0,0,0.0,0.0,2603000000.0,18595000000.0,21198000000.0,21198000000.0,0.0,88000000.0,181000000.0,809000000.0,0.0390877905,628000000.0,0.0303425617,1023000000.0,1651000000.0,0.079770015,120000000.0,1531000000.0,0.0739720732,11.91,11.84,128517998,129254998,https://www.sec.gov/Archives/edgar/data/49071/000004907121000136/0000049071-21-000136-index.htm,https://www.sec.gov/Archives/edgar/data/49071/000004907121000136/hum-20210930.htm,161.04359173101966,11.91272836354018,22.059167152603795,19.52255745533789,33.489472812982974,263.41835794858866,158.65482124923858,126.51924440964292,97.95515177570694,50012778921.7,58209778921.7,8.166684997011757,2.416426483147316,17.641191859506172,19.93335150326823,3.075816661851168,3.075816661851168,2.812474219534232,71.9527551566131,20.53254988419753,23.20039016408928,0.0306121761879485,0.0501671783511188,0.7688191881918819,0.275838481906443,10.132262051915946,0.0,7.136363636363637,1.8517308948399736,0.0017995400763653,0.0587851077726975,0.0,0.0,0.2970873786407767,0.1149911816578483,0.0157510750350292,1.801104972375691,0.0023191766922742,184.15146295041907,0.0126283191239765,0.0480600200904068,-55.72760322643681,4304000000.0,20390000000.0,-7162000000.0,20666000000.0,0.0,0.0,0.0,0.0,0.0,0.0,0.0,0.0,0.0,0.0941574415744157,2.536609697265904,2021-11-03,4.61,bmo,20879000000.0,2025-04-14,2021-09-30,0.0477223427331886,424.451875,752139.875
2021-06-30,HUM,USD,49071,2021-07-28,2021-07-28 14:01:19,2021,Q2,20645000000.0,0.0,20645000000.0,1.0,0,0.0,0.0,2116000000.0,17293000000.0,19409000000.0,19409000000.0,0.0,79000000.0,170000000.0,1406000000.0,0.0681036571,1236000000.0,0.0598692177,-465000000.0,771000000.0,0.0373456043,183000000.0,588000000.0,0.0284814725,4.57,4.55,128691998,129386998,https://www.sec.gov/Archives/edgar/data/49071/000004907121000112/0000049071-21-000112-index.htm,https://www.sec.gov/Archives/edgar/data/49071/000004907121000112/hum-20210630.htm,160.42178473287825,4.569048652115884,2.797376725785235,0.2408852180537285,26.248718276951458,248.71010239502223,207.86840219855785,115.33739650230623,58.17766540542793,56974521354.560005,61004521354.560005,24.223861120136057,2.759724938462582,158.26255931822223,1837.887785630968,3.8384774880118577,3.8384774880118577,2.9549295884989104,43.38870651106686,169.4570037626667,1967.887785630968,0.010320402629463,0.0005441028597165,0.499090480361113,0.194588915156291,2.8662873399715507,0.0,15.645569620253164,0.6122448979591837,0.0015796534636933,0.1530612244897959,0.0,0.0,0.1380614657210402,0.9138888888888888,0.0159360620004843,1.9352941176470588,0.0021797045289416,108.8903070094712,0.024059581668612,0.0179191808374474,-20.86376807981488,3378000000.0,26751000000.0,-2685000000.0,11324000000.0,0.0,0.0,0.0,0.0,0.0,0.0,0.0,0.0,0.0,0.0396146331604123,2.5564915077315065,2021-07-28,6.86,bmo,20861000000.0,2025-04-14,2021-06-30,0.0043731778425655,436.8807936507937,842275.7619047619
2021-03-31,HUM,USD,49071,2021-04-28,2021-04-28 15:42:15,2021,Q1,20668000000.0,0.0,20668000000.0,1.0,0,0.0,0.0,2007000000.0,17438000000.0,19445000000.0,19445000000.0,0.0,68000000.0,168000000.0,1391000000.0,0.0673021095,1223000000.0,0.0591736017,-162000000.0,1061000000.0,0.0513353977,233000000.0,828000000.0,0.0400619315,6.42,6.39,128930998,129550998,https://www.sec.gov/Archives/edgar/data/49071/000004907121000081/0000049071-21-000081-index.htm,https://www.sec.gov/Archives/edgar/data/49071/000004907121000081/hum-20210331.htm,160.30280010707742,6.422039795270956,-6.491844575654335,-8.741109721341022,30.07034817181823,243.17658659556795,204.8227378182553,110.0588704044624,59.5434776670231,54054320911.5,57786320911.5,16.320749067481884,2.615362923916199,-64.58102856810036,-47.96301766770186,3.809324940909091,3.809324940909091,2.795931919464873,41.5430056876348,-69.03980993010752,-51.27446398535936,0.0153179243775097,-0.0208493970693882,0.5362226920366455,0.2033676333021515,2.682961897915169,0.0,17.985294117647058,-1.0108695652173914,0.0015354924194846,0.1002415458937198,0.0,0.0,0.1321662434852332,-0.3464755077658303,0.0140313528159473,1.7261904761904765,0.0018869750338687,126.10731550984896,0.0247138488355721,0.0255004619648906,-16.9470494597428,3877000000.0,26408000000.0,-2185000000.0,11329000000.0,0.0,0.0,0.0,0.0,0.0,0.0,0.0,0.0,0.0,0.0583509513742071,2.2492651456866875,2021-04-28,7.06,bmo,18882237960.0,2025-04-14,2021-03-31,0.0864022662889519,399.1829508196721,1115639.1147540985
2020-12-31,HUM,USD,49071,2021-02-18,2021-02-18 16:59:52,2020,Q4,19062000000.0,0.0,19062000000.0,1.0,0,0.0,0.0,3068000000.0,16340000000.0,19408000000.0,19408000000.0,0.0,72000000.0,160000000.0,-186000000.0,-0.009757633,-346000000.0,-0.0181512958,-106000000.0,-452000000.0,-0.0237120974,178000000.0,-274000000.0,-0.0143741475,-2.07,-2.07,132093998,132093998,https://www.sec.gov/Archives/edgar/data/49071/000004907121000039/0000049071-21-000039-index.htm,https://www.sec.gov/Archives/edgar/data/49071/000004907121000039/hum-20201231.htm,144.3063294972721,-2.07428046806487,2.142413768110796,-0.0984147667330047,35.37632345717933,218.8517301141873,182.6956588898157,103.92599367005305,53.38622576931921,54194204559.46,56501204559.46,-49.44726693381387,2.8430492371975657,191.4989560404947,-4168.784966112307,3.947713036091201,3.947713036091201,2.964075362472983,-303.76991698634407,199.65089950339225,-4346.246504573846,-0.0050558911645132,-0.0002398780479513,0.5084498834498834,0.1996053647516371,-12.403225806451612,0.0,-4.805555555555555,-1.032846715328467,0.0015499812329164,-0.3065693430656934,0.0,0.0,0.1365781120420944,1.0459363957597174,0.0155282761515056,1.85,0.0027279404049942,,-0.013558341172598,-0.0090749511476169,-10.500098573744433,4673000000.0,24133000000.0,-1387000000.0,12257000000.0,0.0,0.0,0.0,0.0,0.0,0.0,0.0,0.0,0.0,-0.0199592074592074,2.2408285348438013,2021-02-03,-2.35,bmo,19625012658.0,2025-04-14,2020-12-31,-0.0212765957446809,415.76984375,768069.46875
2020-09-30,HUM,USD,49071,2020-11-03,2020-11-03 14:01:41,2020,Q3,20075000000.0,0.0,20075000000.0,1.0,0,0.0,0.0,2513000000.0,15739000000.0,18252000000.0,18252000000.0,0.0,75000000.0,161000000.0,1984000000.0,0.0988293898,1823000000.0,0.0908094645,-33000000.0,1790000000.0,0.0891656289,450000000.0,1340000000.0,0.0667496887,10.13,10.05,132317998,133195998,https://www.sec.gov/Archives/edgar/data/49071/000004907120000135/0000049071-20-000135-index.htm,https://www.sec.gov/Archives/edgar/data/49071/000004907120000135/hum-20200930.htm,151.71783357846752,10.127118156669813,13.716954816683366,11.82756710088676,60.347043642543625,245.0006838827776,208.7622274937987,119.1674620107236,61.00455056764084,54765096192.22,54777096192.22,10.217368692578358,2.7280247169225404,30.173606717476584,34.99367168831949,3.4731796164523083,3.4731796164523083,2.728622475328518,27.609423483981857,30.18021828772452,35.001339419948884,0.0244681392560096,0.0285765954743694,0.5071664129883308,0.2078384489435247,0.0060483870967741,0.0,24.30666666666667,1.3544776119402986,0.0015155638494394,0.0619402985074626,0.0,0.0,0.1246199027990747,0.1377410468319559,0.012453300124533,1.5527950310559009,0.0023412204234122,164.7832418202586,0.033947014019913,0.039783860815866,14.55584296249706,7985000000.0,27623000000.0,1926000000.0,15008000000.0,0.0,0.0,0.0,0.0,0.0,0.0,0.0,0.0,0.0,0.084982242516489,1.8893877157966068,2020-11-03,2.86,bmo,116779220.0,2025-04-14,2020-09-30,0.076923076923077,402.22890625,657704.046875
2020-06-30,HUM,USD,49071,2020-08-05,2020-08-05 14:02:14,2020,Q2,19083000000.0,0.0,19083000000.0,1.0,0,0.0,0.0,2354000000.0,14294000000.0,16648000000.0,16648000000.0,0.0,76000000.0,150000000.0,2585000000.0,0.1354608814,2435000000.0,0.1276004821,176000000.0,2611000000.0,0.1368233506,783000000.0,1828000000.0,0.0957920662,13.82,13.75,132247998,133022998,https://www.sec.gov/Archives/edgar/data/49071/000004907120000106/0000049071-20-000106-index.htm,https://www.sec.gov/Archives/edgar/data/49071/000004907120000106/hum-20200630.htm,144.2970803989033,13.822515483372383,23.191277345461213,21.48236678788892,54.16339081367417,244.9715722728748,208.54758043293785,109.00732122992136,61.7627497090731,51279161224.5,52208161224.5,7.01301439065919,2.687164556123251,16.71964826361265,18.049687161034846,3.5571005288915094,3.5571005288915094,2.735846629172562,20.196580744487427,17.022550122106292,18.37668469711369,0.0356480089835522,0.055402622276954,0.5613207547169812,0.2104277727213626,0.3593810444874274,0.0,32.03947368421053,1.6777899343544858,0.0016185912175245,0.0454048140043763,0.0,0.0,0.1252632947601092,0.0736876426475383,0.0118430016244825,1.5066666666666666,0.0024105224545406,184.1249471793123,0.0424296218886206,0.0543433022177299,8.355514009368974,7163000000.0,27580000000.0,1105000000.0,14098000000.0,0.0,0.0,0.0,0.0,0.0,0.0,0.0,0.0,0.0,0.1268035516093229,1.708910557572297,2020-08-05,10.27,bmo,15540734076.0,2025-04-14,2020-06-30,0.2229795520934762,374.1479365079365,1063972.4285714286
2020-03-31,HUM,USD,49071,2020-04-29,2020-04-29 15:17:06,2020,Q1,18935000000.0,0.0,18935000000.0,1.0,0,0.0,0.0,2117000000.0,15744000000.0,17861000000.0,17861000000.0,0.0,60000000.0,145000000.0,1219000000.0,0.0643781357,1074000000.0,0.0567203591,-349000000.0,725000000.0,0.038288883,252000000.0,473000000.0,0.0249801954,3.58,3.56,132134998,132810998,https://www.sec.gov/Archives/edgar/data/49071/000004907120000083/0000049071-20-000083-index.htm,https://www.sec.gov/Archives/edgar/data/49071/000004907120000083/hum-20200331x10q.htm,143.30041462595702,3.5796723590217936,3.5872403766941443,2.134180983602845,45.81677898841002,216.26367300508832,179.64203548858418,93.50285834189062,61.936656630516616,41493032071.96,43563032071.96,21.930778050718818,2.191340484391867,87.53804234590717,147.13841160269504,3.3584000058243624,3.3584000058243624,2.30066184694798,35.736695711205904,91.90513095350212,154.47883713460993,0.0113995043596643,0.0067963218381085,0.6575475515985431,0.2345739612508301,1.69811320754717,0.0,17.9,1.0021141649048626,0.0017593315396522,0.1543340380549683,0.0,0.0,0.1397222302428319,0.4050632911392405,0.0101399524689728,1.3241379310344827,0.0019012410879324,86.78113817909923,0.0191807619225617,0.015875679667047,-0.0227040530170515,6054000000.0,23737000000.0,-3000000.0,12916000000.0,0.0,0.0,0.0,0.0,0.0,0.0,0.0,0.0,0.0,0.0382840955078915,1.453059393091299,2020-04-29,4.84,bmo,16281199999.0,2025-04-14,2020-03-31,0.115702479338843,337.2746774193548,1582197.4032258063
2019-12-31,HUM,USD,49071,2020-02-20,2020-02-20 15:38:56,2019,Q4,16295000000.0,0.0,16295000000.0,1.0,0,0.0,0.0,2082000000.0,13851000000.0,15933000000.0,15933000000.0,0.0,58000000.0,140000000.0,502000000.0,0.030806996,362000000.0,0.0222154035,229000000.0,591000000.0,0.0362687941,79000000.0,512000000.0,0.0314206812,3.87,3.84,132452998,133341998,https://www.sec.gov/Archives/edgar/data/49071/000004907120000032/0000049071-20-000032-index.htm,https://www.sec.gov/Archives/edgar/data/49071/000004907120000032/hum-20191231x10k.htm,123.02477290849995,3.8655221680976974,3.8655221680976974,2.12905713164756,30.607083729429817,182.0041853639281,151.01205938728543,90.87752019021872,44.91404566018203,48546672826.96,50383672826.96,23.704430091289066,2.979237362808224,94.81772036515623,172.15132208141844,4.033120613687796,4.033120613687796,3.0919713302829086,100.36588212541832,98.40561099015623,178.66550647858156,0.0105465518064435,0.0058088429871427,0.4894076597158761,0.2026208983971933,3.6593625498007967,0.0,6.241379310344827,1.0,0.001544905049772,0.146484375,0.0,0.0,0.1411914425259682,0.44921875,0.014114759128567,1.6428571428571428,0.0027002147898128,88.90446585933309,0.0105333970074636,0.0205054267291441,-6.89301120990859,4054000000.0,20002000000.0,-913000000.0,10524000000.0,0.0,0.0,0.0,0.0,0.0,0.0,0.0,0.0,0.0,0.0425355154938938,1.7364650364501375,2020-02-05,2.2,bmo,15578508771.0,2025-04-14,2019-12-31,0.0363636363636361,317.1696875,951898.75
2019-09-30,HUM,USD,49071,2019-11-06,2019-11-06 14:57:59,2019,Q3,16241000000.0,0.0,16241000000.0,1.0,0,0.0,0.0,1889000000.0,13484000000.0,15373000000.0,15373000000.0,0.0,62000000.0,159000000.0,1027000000.0,0.0632350225,868000000.0,0.0534449849,21000000.0,889000000.0,0.0547380087,200000000.0,689000000.0,0.0424234961,5.17,5.14,133320998,134024998,https://www.sec.gov/Archives/edgar/data/49071/000004907119000105/0000049071-19-000105-index.htm,https://www.sec.gov/Archives/edgar/data/49071/000004907119000105/hum-20190930x10q.htm,121.81877006351245,5.167978115495355,18.31669456899805,16.74154884439134,41.45633533286332,178.62902586432784,147.75616966203629,87.01555024363078,47.99694043694453,34086179558.66,34896179558.66,12.36798968021045,2.09877344736531,13.958304487575756,15.2715858237724,2.938210461051633,2.938210461051633,2.1486472236106158,33.978753221674786,14.28999981927109,15.634489049578857,0.0202134709410386,0.065481084383742,0.5462460132747177,0.2171692940370116,0.7887049659201558,0.0,14.0,3.544267053701016,0.0021709678514323,0.1074020319303338,0.0,0.0,0.1410555174777244,0.085995085995086,0.0129302382858198,1.320754716981132,0.0026476202204297,100.58889270567892,0.022514957309442,0.0274896265560165,1.2151124161251778,5527000000.0,19699000000.0,162000000.0,11911000000.0,0.0,0.0,0.0,0.0,0.0,0.0,0.0,0.0,0.0,0.059391431773123,1.575145724606712,2019-11-06,4.58,bmo,14664194831.0,2025-04-14,2019-09-30,0.0982532751091703,280.3721875,1052546.875
2019-06-30,HUM,USD,49071,2019-07-31,2019-07-31 13:40:46,2019,Q2,16245000000.0,0.0,16245000000.0,1.0,0,0.0,0.0,1703000000.0,13427000000.0,15130000000.0,15130000000.0,0.0,60000000.0,140000000.0,1255000000.0,0.0772545399,1115000000.0,0.0686365035,126000000.0,1241000000.0,0.0763927362,301000000.0,940000000.0,0.0578639581,6.96,6.94,135062998,135578998,https://www.sec.gov/Archives/edgar/data/49071/000004907119000085/0000049071-19-000085-index.htm,https://www.sec.gov/Archives/edgar/data/49071/000004907119000085/hum-20190630x10q.htm,120.27720575253336,6.959715198976999,10.617267654609591,9.454847137333646,35.3760842773533,181.66337459797836,151.06283957949756,87.89972217261163,44.34967451263002,35270351297.72,36422351297.72,9.38041257918085,2.171151203306864,24.595781937043235,27.61969561293657,2.9708853855896225,2.9708853855896225,2.2420653307306866,29.0217938627251,25.399129217377965,28.52180994339859,0.0266512797693842,0.0362060470909613,0.4994946091644205,0.2050980527790267,0.9179282868525896,0.0,18.58333333333333,1.525531914893617,0.0020980794712068,0.0787234042553191,0.0,0.0,0.1429460796181648,0.109483960948396,0.0096645121575869,1.1214285714285714,0.0026469682979378,117.3223475250477,0.0279082954872065,0.0379338175948345,2.9689848880742304,4778000000.0,20403000000.0,401000000.0,11113000000.0,0.0,0.0,0.0,0.0,0.0,0.0,0.0,0.0,0.0,0.079177897574124,1.1624205172759456,2019-07-31,5.31,bmo,14157952066.0,2025-04-14,2019-06-30,0.1393596986817326,253.60238095238097,1596170.6984126985
2019-03-31,HUM,USD,49071,2019-05-01,2019-05-01 14:49:22,2019,Q1,16107000000.0,0.0,16107000000.0,1.0,0,0.0,0.0,1660000000.0,13600000000.0,15260000000.0,15260000000.0,0.0,62000000.0,136000000.0,983000000.0,0.0610293661,847000000.0,0.0525858322,-98000000.0,749000000.0,0.0465015211,183000000.0,566000000.0,0.0351400012,4.18,4.16,135382998,135961998,https://www.sec.gov/Archives/edgar/data/49071/000004907119000061/0000049071-19-000061-index.htm,https://www.sec.gov/Archives/edgar/data/49071/000004907119000061/hum-20190331x10q.htm,118.97358041960337,4.1807317636739,6.618260883837127,5.591544072616858,28.63727393597828,177.07541090203955,146.60629689999922,80.07652482330167,46.60851135827262,36327319853.34,38698319853.34,16.04563597762367,2.2553746727100017,40.54388376488839,47.98853349186261,3.350919643329951,3.350919643329951,2.402577752116471,39.36756851814852,43.190089122031246,51.1206338881638,0.0155805603684787,0.0208383113055448,0.5763305968084125,0.2203957811563018,2.412004069175992,0.0,13.661290322580646,1.5830388692579505,0.0018718694435628,0.1201413427561837,0.0,0.0,0.1455077780521358,0.1551339285714285,0.0086297882908052,1.0220588235294117,0.0020487986589681,86.79006621844157,0.0212876600514303,0.0233652575957727,-3.6858394877619713,3877000000.0,19848000000.0,-499000000.0,10172000000.0,0.0,0.0,0.0,0.0,0.0,0.0,0.0,0.0,0.0,0.0522092057928235,1.0267168112202687,2019-05-01,4.3,bmo,15362901785.0,2025-04-14,2019-03-31,0.0418604651162792,288.1722950819672,1120774.836065574
2018-12-31,HUM,USD,49071,2019-02-21,2019-02-21 16:23:36,2018,Q4,14168000000.0,0.0,14168000000.0,1.0,0,0.0,0.0,2115000000.0,11536000000.0,13651000000.0,13651000000.0,0.0,59000000.0,134000000.0,651000000.0,0.0459486166,517000000.0,0.0364906832,-79000000.0,438000000.0,0.0309147374,83000000.0,355000000.0,0.0250564653,2.6,2.58,136569998,137528998,https://www.sec.gov/Archives/edgar/data/49071/000004907119000023/0000049071-19-000023-index.htm,https://www.sec.gov/Archives/edgar/data/49071/000004907119000023/hum-20181231x10k.htm,103.74167245722592,2.599399613376285,-2.4383100598712755,-3.7270264879113495,17.15603744828348,154.04554666538107,123.71677709184706,74.40140696201811,46.12286806945696,39124573027.04,43021573027.04,27.552516216225357,2.7614746631168834,-117.49121029141143,-76.86556586844794,3.850464819116229,3.850464819116229,3.03653112839074,66.08536563293394,-129.19391299411413,-84.52175447355599,0.0090735814485349,-0.0130097266402937,0.614112784174786,0.2455436194073899,5.986175115207374,0.0,8.76271186440678,-0.9380281690140844,0.0017891569053449,0.1971830985915492,0.0,0.0,0.1629874473694565,-0.5285285285285285,0.0124223602484472,1.3134328358208955,0.0022586109542631,65.96572777635167,0.0154583568954623,0.0166893893093883,-14.878816941917211,2343000000.0,16896000000.0,-2032000000.0,8220000000.0,0.0,0.0,0.0,0.0,0.0,0.0,0.0,0.0,0.0,0.0349375061509693,1.2887164280400736,2019-02-06,2.53,bmo,13434777358.0,2025-04-14,2018-12-31,0.0474308300395257,317.04063492063494,942907.5555555556
2018-09-30,HUM,USD,49071,2018-11-07,2018-11-07 16:21:12,2018,Q3,14206000000.0,0.0,14206000000.0,1.0,0,0.0,0.0,1900000000.0,11345000000.0,13245000000.0,13245000000.0,0.0,53000000.0,131000000.0,1092000000.0,0.0768689286,961000000.0,0.0676474729,-51000000.0,910000000.0,0.0640574405,266000000.0,644000000.0,0.0453329579,4.68,4.65,137708998,138677998,https://www.sec.gov/Archives/edgar/data/49071/000004907118000123/0000049071-18-000123-index.htm,https://www.sec.gov/Archives/edgar/data/49071/000004907118000123/hum-20180930x10q.htm,103.15956260171176,4.676528108933012,-7.661082538702373,-8.85199963476606,30.077918365218228,164.95654118404084,134.76243578506032,76.92307804025994,39.387404445423385,46604856193.14,47833856193.14,18.091947279945657,3.28064593785302,-44.17521914041706,-38.23203953497949,4.399589936103087,4.399589936103087,3.367158678948332,43.80389761276557,-45.34014805036967,-39.24024298042658,0.0138183024818515,-0.0261560725549332,0.5070329462852827,0.1953801382320844,1.1254578754578757,0.0,18.132075471698112,-1.6381987577639752,0.0014805324087698,0.1071428571428571,0.0,0.0,0.1512550018188432,-0.1554502369668246,0.0115444178516119,1.251908396946565,0.0025341405040123,89.96661089160119,0.0243865572178825,0.0276015772329847,-4.589387833611279,4142000000.0,18558000000.0,-632000000.0,9985000000.0,0.0,0.0,0.0,0.0,0.0,0.0,0.0,0.0,0.0,0.0607948645331822,1.1909170960636863,2018-11-07,4.26,bmo,13108336244.0,2025-04-14,2018-09-30,0.0751173708920188,324.9046031746032,506832.0476190476
2018-06-30,HUM,USD,49071,2018-08-01,2018-08-01 13:51:56,2018,Q2,14259000000.0,0.0,14259000000.0,1.0,0,0.0,0.0,1761000000.0,11636000000.0,13397000000.0,13397000000.0,0.0,53000000.0,130000000.0,992000000.0,0.0695700961,862000000.0,0.0604530472,-843000000.0,19000000.0,0.0013324918,174000000.0,193000000.0,0.013535311,1.4,1.39,137762998,138575998,https://www.sec.gov/Archives/edgar/data/49071/000004907118000100/0000049071-18-000100-index.htm,https://www.sec.gov/Archives/edgar/data/49071/000004907118000100/hum-20180630x10q.htm,103.50384506005015,1.400956735857331,-0.9073553988713284,-1.9090757592252747,58.44820537369548,74.12004782300106,43.78534212793482,74.12004782300106,38.45735122576238,41002401094.74,38195401094.74,53.11191851650258,2.8755453464296235,-328.01920875792,-155.90266575946768,4.015512789613163,4.015512789613163,2.678687221736447,38.503428522923386,-305.56320875792,-145.2296619571863,0.0047070414133566,-0.0064142585062838,0.5136617373420821,0.1530493142690399,-2.829637096774193,154.84615384615384,16.264150943396228,-0.6476683937823834,0.001682828277314,0.3575129533678756,0.0,0.0,0.121943390720747,-1.104,0.009678098043341,1.0615384615384615,0.0023844589382144,48.336084407441085,-0.2031460961161859,0.0064138779036921,-116.1923029578668,8000000000.0,6032000000.0,-16007000000.0,13805000000.0,0.0,0.0,0.0,0.0,0.0,0.0,0.0,0.0,0.0,0.0189011849965723,1.0017203603539464,2018-08-01,3.79,bmo,13454318181.0,2025-04-14,2018-06-30,0.0448548812664907,292.8353125,697088.28125
2018-03-31,HUM,USD,49071,2018-05-02,2018-05-02 13:09:04,2018,Q1,14279000000.0,0.0,14279000000.0,1.0,0,0.0,0.0,1749000000.0,11770000000.0,13519000000.0,13519000000.0,0.0,53000000.0,139000000.0,899000000.0,0.062959591,760000000.0,0.0532250158,-53000000.0,707000000.0,0.0495132712,216000000.0,491000000.0,0.0343861615,3.56,3.53,137902998,138829998,https://www.sec.gov/Archives/edgar/data/49071/000004907118000062/0000049071-18-000062-index.htm,https://www.sec.gov/Archives/edgar/data/49071/000004907118000062/hum-20180331x10q.htm,103.5437967780802,3.560473717910034,26.72893304321056,25.75723553160171,64.21180197982353,207.9795248541297,178.71257592238857,73.10210906364777,38.77363130277995,37072462952.34,33511462952.34,18.875999466568228,2.596292664215982,10.05764051881172,10.437067272618242,3.6774588783196105,3.6774588783196105,2.346905452226346,37.27637703263626,9.09155261864894,9.43453348883446,0.0132443318004316,0.0958123555094361,0.5251463148497173,0.158251875766,-3.961067853170189,0.0,14.339622641509434,7.507128309572302,0.0015375293536142,0.1160896130346232,0.0,0.0,0.1206468777090246,0.0363537710255019,0.0093844106730163,0.9640287769784172,0.0024511520414594,76.52619228741551,0.0155920840715679,0.0166910289968385,29.607768208200955,8855000000.0,24645000000.0,4083000000.0,14486000000.0,0.0,0.0,0.0,0.0,0.0,0.0,0.0,0.0,0.0,0.048705485566908,0.9716975116088484,2018-05-02,3.19,bmo,13422684523.0,2025-04-14,2018-03-31,0.0532915360501567,270.71901639344264,1104808.8852459015
2017-12-31,HUM,USD,49071,2018-02-16,2018-02-16 13:05:51,2017,Q4,13189000000.0,0.0,13189000000.0,1.0,0,0.0,0.0,1725000000.0,10898000000.0,12623000000.0,12623000000.0,0.0,76000000.0,128000000.0,694000000.0,0.0526196072,566000000.0,0.04291455,-76000000.0,490000000.0,0.0371521723,306000000.0,184000000.0,0.0139510198,1.3,1.29,141332998,142473998,https://www.sec.gov/Archives/edgar/data/49071/000004907118000014/0000049071-18-000014-index.htm,https://www.sec.gov/Archives/edgar/data/49071/000004907118000014/hum-20171231x10k.htm,93.3186176380409,1.3018898813708035,-20.5967469819044,-21.65807025476103,28.59912445924341,69.63695767636656,44.09444424295025,69.63695767636656,36.34678435109684,35060476813.86,36079476813.86,47.636517410135866,2.658311988312988,-12.044134941209206,-11.453929047324404,3.562332535446048,3.562332535446048,2.7355733424717568,51.987718751959655,-12.394186469893508,-11.7868267931591,0.0052480746618728,-0.0873062855434394,0.5142247510668563,0.1862167929943336,1.468299711815562,28.87142857142857,7.447368421052632,-15.820652173913045,0.001654284404286,0.3152173913043478,0.0,0.0,0.1328280226653911,-0.0515286843009275,0.0113731139586018,1.171875,0.0031086511486845,45.164611564663566,0.0078173744118803,0.0078071961982348,-94.06154392904055,3902000000.0,6232000000.0,-13294000000.0,9096000000.0,0.0,0.0,0.0,0.0,0.0,0.0,0.0,0.0,0.0,0.0186953871164397,1.0613232728566333,2018-02-07,2.0,bmo,12718446601.0,2025-04-14,2017-12-31,0.03,246.9290476190476,1190632.0
2017-09-30,HUM,USD,49071,2017-11-08,2017-11-08 16:35:14,2017,Q3,13282000000.0,0.0,13282000000.0,1.0,0,0.0,0.0,1688000000.0,10736000000.0,12424000000.0,12424000000.0,0.0,59000000.0,120000000.0,978000000.0,0.0736334889,858000000.0,0.064598705,-59000000.0,799000000.0,0.0601566029,300000000.0,499000000.0,0.0375696431,3.46,3.44,144214998,145359998,https://www.sec.gov/Archives/edgar/data/49071/000004907117000169/0000049071-17-000169-index.htm,https://www.sec.gov/Archives/edgar/data/49071/000004907117000169/hum-20170930x10q.htm,92.09860405781096,3.4601116868579784,19.85230412720319,18.86072903457656,68.40481320812417,200.94303922536545,176.61824604400715,77.73810044361683,35.77991243324082,35135099962.74,30371099962.74,17.60275549235471,2.6453169675304924,12.272127126349982,12.91731616277206,3.133984476205512,3.133984476205512,2.286636045982533,31.054294440429445,10.608138303436954,11.165845574536764,0.0142023219096908,0.077415462112944,0.454999554009455,0.1547821337540963,-4.871165644171779,0.0,14.542372881355933,5.7374749498998,0.0016507708832907,0.1162324649298597,0.0,0.0,0.1064449569122466,0.0499476074048201,0.0107664508357175,1.1916666666666669,0.0024845655774732,77.79528566584035,0.0158025099276422,0.0169451236077152,40.82793108661278,9865000000.0,25471000000.0,5888000000.0,14933000000.0,0.0,0.0,0.0,0.0,0.0,0.0,0.0,0.0,0.0,0.0445098563910445,0.9915750926266352,2017-11-08,3.27,bmo,12711522123.0,2025-04-14,2017-09-30,0.036697247706422,245.0153968253968,1094544.746031746
2017-06-30,HUM,USD,49071,2017-08-02,2017-08-02 11:32:28,2017,Q2,13534000000.0,0.0,13534000000.0,1.0,0,0.0,0.0,1453000000.0,10981000000.0,12434000000.0,12434000000.0,0.0,58000000.0,119000000.0,1219000000.0,0.0900694547,1100000000.0,0.0812767844,-58000000.0,1042000000.0,0.0769912812,392000000.0,650000000.0,0.0480271908,4.5,4.46,144599998,145633998,https://www.sec.gov/Archives/edgar/data/49071/000004907117000143/0000049071-17-000143-index.htm,https://www.sec.gov/Archives/edgar/data/49071/000004907117000143/hum-20170630x10q.htm,93.5961285421318,4.495159121648121,-0.7330567182995397,-1.5006915836886805,56.2863078324524,193.45781733689927,169.08022363873062,75.74688901447979,35.65006964937856,34793651518.76,31751651518.76,13.382173661061538,2.570832829818236,-328.24199546,-160.339407920553,3.1766321116369944,3.1766321116369944,2.3460655769735483,26.047294108908943,-299.5438822524529,-146.3209747408295,0.0186815689537366,-0.0062367699430167,0.4653519583675705,0.1580318109943261,-2.495488105004102,0.0,18.96551724137931,-0.163076923076923,0.0016382298928661,0.0876923076923077,0.0,0.0,0.1092921588689424,-1.0471698113207548,0.0082015664252992,0.9327731092436976,0.0042116151913698,87.52783659798122,0.0208223712528031,0.0226260094681147,26.694329553171915,8139000000.0,24449000000.0,3860000000.0,13207000000.0,0.0,0.0,0.0,0.0,0.0,0.0,0.0,0.0,0.0,0.0593444718342006,0.7676348653891406,2017-08-02,3.08,bmo,11854911174.0,2025-04-14,2017-06-30,0.1331168831168831,226.40238095238092,1484018.619047619
2017-03-31,HUM,USD,49071,2017-05-03,2017-05-03 12:00:43,2017,Q1,13762000000.0,0.0,13762000000.0,1.0,0,0.0,0.0,1553000000.0,10471000000.0,12024000000.0,12024000000.0,0.0,49000000.0,118000000.0,1856000000.0,0.1348641186,1738000000.0,0.1262897835,-49000000.0,1689000000.0,0.1227292545,574000000.0,1115000000.0,0.0810202006,7.54,7.49,147823998,148871998,https://www.sec.gov/Archives/edgar/data/49071/000004907117000102/0000049071-17-000102-index.htm,https://www.sec.gov/Archives/edgar/data/49071/000004907117000102/hum-20170331x10q.htm,93.097197925874,7.542753646806387,28.445990210601664,27.620684430412982,56.99345244335768,182.18963337738973,158.23547134748716,69.2309783151718,37.050817689290206,30472438947.72,27475438947.72,6.832385414286995,2.214244946063072,7.246715564261593,7.4632473543277,2.9775687851983585,2.9775687851983585,1.9964713666414764,14.803577019245688,6.533992615391201,6.729228250727406,0.036590441674621,0.1339899312623119,0.5303888997459449,0.1711654894046417,-1.6147629310344829,0.0,35.46938775510204,3.7713004484304937,0.0015423773620692,0.042152466367713,0.0,0.0,0.1116612008072653,0.029013079667063,0.0088649905536985,1.0338983050847457,0.0018892602819357,108.3943025189588,0.0356518408714439,0.039579709630471,24.65770138350608,8425000000.0,23391000000.0,3645000000.0,13491000000.0,0.0,0.0,0.0,0.0,0.0,0.0,0.0,0.0,0.0,0.1089505569669728,0.8253057801886808,2017-05-03,2.55,bmo,12410000000.0,2025-04-14,2017-03-31,0.0784313725490196,206.74774193548387,1703133.9032258063
2016-12-31,HUM,USD,49071,2017-02-17,2017-02-17 08:40:44,2016,Q4,12878000000.0,0.0,12878000000.0,1.0,0,0.0,0.0,2001000000.0,11315000000.0,13316000000.0,13316000000.0,0.0,48000000.0,117000000.0,-321000000.0,-0.0249262308,-438000000.0,-0.0340114925,-48000000.0,-486000000.0,-0.0377387793,85000000.0,-401000000.0,-0.0311383755,-2.68,-2.68,149535998,149535998,https://www.sec.gov/Archives/edgar/data/49071/000004907117000019/0000049071-17-000019-index.htm,https://www.sec.gov/Archives/edgar/data/49071/000004907117000019/hum-20161231x10k.htm,86.11973151775801,-2.681628540038901,-18.544029779371257,-19.42676037110476,25.926867455687827,144.47357351371676,119.9243007693706,71.45436645964004,29.103360115334905,30509829671.94,30936829671.94,-19.021090817917703,2.36914347506911,-11.002462918117562,-10.502523122870912,2.85538883218905,2.85538883218905,2.4023007976347257,-96.37641642348908,-11.156447772066354,-10.64951107467814,-0.0131433051023815,-0.095215215267876,0.40280767430978,0.1694755079540085,-1.3302180685358256,0.0,-9.125,6.915211970074813,0.0014421581658473,-0.1097256857855361,0.0,0.0,0.1445503228854937,-0.0476018752253876,0.0102500388259046,1.1282051282051282,0.003028420562199,,-0.0200266554433221,-0.018457997698504,0.5684250022526348,3877000000.0,17933000000.0,85000000.0,9053000000.0,0.0,0.0,0.0,0.0,0.0,0.0,0.0,0.0,0.0,-0.0375292466073935,0.8827305917335035,2017-02-08,2.06,bmo,12535406698.0,2025-04-14,2016-12-31,0.0145631067961164,190.72396825396825,1461711.6984126985
2016-09-30,HUM,USD,49071,2016-11-04,2016-11-04 08:03:52,2016,Q3,13694000000.0,0.0,13694000000.0,1.0,0,0.0,0.0,1739000000.0,11006000000.0,12745000000.0,12745000000.0,0.0,47000000.0,117000000.0,1066000000.0,0.0778443114,949000000.0,0.0693004235,-47000000.0,902000000.0,0.0658682635,452000000.0,450000000.0,0.0328611071,3.01,2.98,149416998,150903998,https://www.sec.gov/Archives/edgar/data/49071/000004907116000184/0000049071-16-000184-index.htm,https://www.sec.gov/Archives/edgar/data/49071/000004907116000184/hum-20160930x10q.htm,91.64954578996428,3.0117055356713838,30.13713339361831,29.20685101704425,45.30274393546576,171.82783982850466,147.93497591217834,75.52688215567014,28.9257585003816,26430372776.22,23936372776.22,14.683540431233332,1.9300695761808089,5.869503170379746,6.056455723240146,2.3420799978927778,2.3420799978927778,1.7479460184182851,22.45438346737335,5.315650183482123,5.484961681076993,0.0170258665592819,0.1651130703660142,0.3788214443952148,0.1450824679291386,-2.3395872420262664,0.0,20.19148936170213,10.006666666666666,0.0016269161378869,0.0955555555555555,0.0,0.0,0.1211565872531052,0.0308683100155451,0.0101504308456258,1.188034188034188,0.0020446911055936,71.53989379573623,0.0159056606050475,0.0173772011121408,19.92410528820824,6769000000.0,22104000000.0,2977000000.0,11817000000.0,0.0,0.0,0.0,0.0,0.0,0.0,0.0,0.0,0.0,0.0398759415152857,0.9302823765740494,2016-11-04,3.15,bmo,13469716981.0,2025-04-14,2016-09-30,0.0095238095238096,173.53890625,1708254.265625
2016-06-30,HUM,USD,49071,2016-08-03,2016-08-03 08:05:00,2016,Q2,14007000000.0,0.0,14007000000.0,1.0,0,0.0,0.0,1699000000.0,11625000000.0,13324000000.0,13324000000.0,0.0,47000000.0,116000000.0,799000000.0,0.0570429071,683000000.0,0.0487613336,-47000000.0,636000000.0,0.0454058685,325000000.0,311000000.0,0.0222031841,2.08,2.06,149385998,150805998,https://www.sec.gov/Archives/edgar/data/49071/000004907116000169/0000049071-16-000169-index.htm,https://www.sec.gov/Archives/edgar/data/49071/000004907116000169/hum-20160630x10q.htm,93.76380776998926,2.0818550879179454,-1.8475627146795912,-2.724485597371716,16.259890702741767,156.92903159504948,132.95088071105567,72.79129333125317,28.99870173910141,26871553320.24,28727553320.24,21.60092710630225,1.9184374470079244,-97.36070043565216,-66.0234725313022,2.471174666198271,2.471174666198271,2.050942622991361,35.95438463108886,-104.08533811681158,-70.58366909149876,0.0115735773177559,-0.0151461285155198,0.3940592238366746,0.1573285357614921,2.322903629536921,0.0,14.53191489361702,-0.8338368580060423,0.0016002052239984,0.1382636655948553,0.0,0.0,0.1315171097077397,-0.4746376811594203,0.0093524666238309,1.1293103448275863,0.0017848218747768,58.39238647718068,0.0121289477194405,0.0131478819649953,-9.130708488488995,2429000000.0,19861000000.0,-1364000000.0,7463000000.0,0.0,0.0,0.0,0.0,0.0,0.0,0.0,0.0,0.0,0.0286003310649255,0.8769228826921248,2016-08-03,2.23,bmo,13549078260.0,2025-04-14,2016-06-30,0.0313901345291479,177.628125,1128426.75
2016-03-31,HUM,USD,49071,2016-05-04,2016-05-04 16:16:30,2016,Q1,13800000000.0,0.0,13800000000.0,1.0,0,0.0,0.0,1734000000.0,11519000000.0,13253000000.0,13253000000.0,0.0,47000000.0,115000000.0,662000000.0,0.0479710145,547000000.0,0.0396376812,-47000000.0,500000000.0,0.0362318841,246000000.0,254000000.0,0.0184057971,1.7,1.68,149160998,150895998,https://www.sec.gov/Archives/edgar/data/49071/000004907116000146/0000049071-16-000146-index.htm,https://www.sec.gov/Archives/edgar/data/49071/000004907116000146/hum-20160331x10q.htm,92.51748235151926,1.7028580084989775,3.231407716915383,2.393387043441477,18.77836725120329,155.14109123887735,130.99939167744105,70.56134070650292,29.47821521011813,27289004584.1,28838004584.1,26.859256480413386,1.9774641002971016,56.61619208319502,76.43978875098038,2.5927795329311163,2.5927795329311163,2.0897104771086954,43.56194045936556,59.82988502925311,80.77872432521008,0.0093077781278982,0.0130821920931482,0.4133016627078384,0.1615059033192247,2.3398791540785497,0.0,11.638297872340424,2.05982905982906,0.0017223054016189,0.1850393700787401,0.0,0.0,0.1336971857132249,0.2593360995850622,0.0090579710144927,1.0869565217391304,0.0016666666666666,51.99527615592691,0.0102032753176176,0.0108858697981399,-6.650532064688921,2801000000.0,19540000000.0,-992000000.0,7822000000.0,0.0,0.0,0.0,0.0,0.0,0.0,0.0,0.0,0.0,0.0241330166270783,0.8380206734739064,2016-05-04,1.81,bmo,13331720430.0,2025-04-14,2016-03-31,0.0276243093922652,173.47852459016394,979417.6229508196
2015-12-31,HUM,USD,49071,2016-02-18,2016-02-18 16:14:12,2015,Q4,13361000000.0,0.0,13361000000.0,1.0,0,0.0,0.0,1856000000.0,11216000000.0,13072000000.0,13072000000.0,0.0,46000000.0,112000000.0,401000000.0,0.0300127236,289000000.0,0.0216301175,-43000000.0,246000000.0,0.0184117955,145000000.0,101000000.0,0.0075593144,0.68,0.66,148969998,150605998,https://www.sec.gov/Archives/edgar/data/49071/000004907116000117/0000049071-16-000117-index.htm,https://www.sec.gov/Archives/edgar/data/49071/000004907116000117/hum-20151231x10k.htm,89.68920037174196,0.6779888659191632,2.2622004734134453,1.329126687643508,17.25850865621949,140.18930174114655,114.96945848116344,69.45022580989765,29.985903604563383,26592634342.98,28442634342.98,65.8233523341089,1.9903176665653768,78.90989419281898,134.30623405545455,2.570330015752948,2.570330015752948,2.128780356483796,70.92926270069826,84.39950843614243,143.64966839888888,0.0037980441763439,0.0074456707615456,0.4273149043108448,0.1791474187535456,4.613466334164588,0.0,6.282608695652174,3.3366336633663365,0.0016169891047801,0.4257425742574257,0.0,0.0,0.1522408623065078,0.4124629080118694,0.0104034129181947,1.2410714285714286,0.0012723598533043,32.54912896346616,0.0047505493672064,0.0048276851010945,-8.209706762565707,2571000000.0,17127000000.0,-1223000000.0,7712000000.0,0.0,0.0,0.0,0.0,0.0,0.0,0.0,0.0,0.0,0.0097622269476126,0.9330737857699374,2016-02-10,1.46,bmo,13225000000.0,2025-04-14,2015-12-31,-0.0068493150684931,175.49890625,1043044.21875
2015-09-30,HUM,USD,49071,2015-11-06,2015-11-06 09:11:32,2015,Q3,13363000000.0,0.0,13363000000.0,1.0,0,0.0,0.0,1677000000.0,10991000000.0,12668000000.0,12668000000.0,0.0,47000000.0,107000000.0,802000000.0,0.0600164634,695000000.0,0.0520092794,-47000000.0,648000000.0,0.0484921051,334000000.0,314000000.0,0.0234977176,2.11,2.09,148888998,150465998,https://www.sec.gov/Archives/edgar/data/49071/000004907115000098/0000049071-15-000098-index.htm,https://www.sec.gov/Archives/edgar/data/49071/000004907115000098/hum-20150930x10q.htm,89.75142676425293,2.1089536783637968,6.931338204049167,6.0917865804967,10.726111542506317,137.51183952490567,113.03051418211572,69.53502366910952,28.047740639640818,26651130642.0,29183130642.0,21.2190530589172,1.9943972642370724,25.824738994186045,29.38382650716648,2.574242310634599,2.574242310634599,2.1838756747736285,36.38794344389027,28.27822736627907,32.175447234840135,0.0117818641249374,0.0340323272653446,0.398821597604559,0.1699456700691471,3.1571072319202,0.0,14.787234042553193,3.286624203821656,0.0016134399916315,0.1369426751592356,0.0,0.0,0.1500246954231149,0.1211240310077519,0.0093541869340716,1.1682242990654206,0.0017211703958691,57.44160720851088,0.0138550496300664,0.0152050748147789,-14.944018899233912,1597000000.0,16829000000.0,-2225000000.0,6585000000.0,0.0,0.0,0.0,0.0,0.0,0.0,0.0,0.0,0.0,0.0303293731285617,0.8395516235524669,2015-11-06,2.13,bmo,13049208333.0,2025-04-14,2015-09-30,0.0140845070422536,184.8459375,1522459.859375
2015-06-30,HUM,USD,49071,2015-07-29,2015-07-29 09:14:06,2015,Q2,13732000000.0,0.0,13732000000.0,1.0,0,0.0,0.0,1817000000.0,11342000000.0,13159000000.0,13159000000.0,0.0,47000000.0,114000000.0,687000000.0,0.050029129,573000000.0,0.0417273522,220000000.0,793000000.0,0.0577483251,362000000.0,431000000.0,0.0313865424,2.88,2.85,149472998,151147998,https://www.sec.gov/Archives/edgar/data/49071/000004907115000075/0000049071-15-000075-index.htm,https://www.sec.gov/Archives/edgar/data/49071/000004907115000075/hum-20150630x10q.htm,91.8694358428537,2.883463941761575,-4.067624307635818,-4.977487639606988,15.052886006875973,144.24678897522347,119.71392986979494,67.45699982548018,29.9652784110211,28591195057.44,30773195057.44,16.584219870904874,2.082085279452374,-47.02499187078948,-38.42902561483871,2.8355841572389173,2.8355841572389173,2.2409842016778327,44.79358814765648,-50.61380766026315,-41.36182131376344,0.0150745710046088,-0.0260219972794175,0.4395517207180403,0.1745981720768988,3.1761280931586606,0.0,12.191489361702128,-1.4106728538283062,0.0014689837173864,0.0974477958236658,0.0,0.0,0.1444610778443113,-0.2236842105263158,0.00990387416254,1.1929824561403508,0.001820565103408,66.15490230409422,0.0121253991425125,0.0198462034350969,-10.523639861695957,2250000000.0,17894000000.0,-1573000000.0,7216000000.0,0.0,0.0,0.0,0.0,0.0,0.0,0.0,0.0,0.0,0.0427452147178419,0.9098633319711698,2015-07-29,1.63,bmo,13292796407.0,2025-04-14,2015-06-30,0.0245398773006135,186.02777777777777,2278592.6666666665
2015-03-31,HUM,USD,49071,2015-04-29,2015-04-29 16:11:58,2015,Q1,13833000000.0,0.0,13833000000.0,1.0,0,0.0,0.0,1945000000.0,11098000000.0,13043000000.0,13043000000.0,0.0,46000000.0,114000000.0,904000000.0,0.0653509723,790000000.0,0.0571098099,-46000000.0,744000000.0,0.0537844285,314000000.0,430000000.0,0.0310850864,2.86,2.82,150489998,152348998,https://www.sec.gov/Archives/edgar/data/49071/000004907115000061/0000049071-15-000061-index.htm,https://www.sec.gov/Archives/edgar/data/49071/000004907115000061/hum-20150331x10q.htm,91.91973010724608,2.857332751110808,0.7110107078345499,-0.1063193581808672,12.931091938747985,144.86012552143166,120.60602193642131,66.74197709803943,27.629743207252883,26790229443.960003,28956229443.960003,15.575714793,1.93668975955758,250.3759761117757,-1674.3893402475005,2.667286882114696,2.667286882114696,2.0932718458729127,32.031227261017705,270.6189667659813,-1809.7643402475005,0.0160506277446961,-0.0005972326602677,0.4093986459577857,0.1604745551045894,2.396017699115044,0.0,17.17391304347826,0.2488372093023255,0.0016423898157363,0.1023255813953488,0.0,0.0,0.1424445832032469,1.1495327102803738,0.0088917805248319,1.0789473684210529,0.0031807995373382,65.50451002268927,0.0178186864465101,0.0195685810503322,-12.479234666479297,1946000000.0,18150000000.0,-1878000000.0,6854000000.0,0.0,0.0,0.0,0.0,0.0,0.0,0.0,0.0,0.0,0.0428116288331342,0.8173300660154171,2015-04-29,2.56,bmo,14238574898.0,2025-04-14,2015-03-31,-0.0351562499999999,158.26688524590165,1284209.9016393442
2014-12-31,HUM,USD,49071,2015-02-18,2015-02-18 16:27:38,2014,Q4,12328000000.0,0.0,12328000000.0,1.0,0,0.0,0.0,2121000000.0,9836000000.0,11957000000.0,11957000000.0,0.0,84000000.0,124000000.0,495000000.0,0.0401524984,371000000.0,0.0300940947,-84000000.0,287000000.0,0.0232803374,142000000.0,145000000.0,0.011761843,0.96,0.95,151731998,153571998,https://www.sec.gov/Archives/edgar/data/49071/000004907115000019/0000049071-15-000019-index.htm,https://www.sec.gov/Archives/edgar/data/49071/000004907115000019/hum-20141231x10k.htm,81.24851819324228,0.9556323116499132,1.2719795596443673,0.1713547593303292,12.752748434776429,129.84736416639026,104.55276546216705,63.57261571155215,27.963778609176423,21793266872.74,24017266872.74,37.574598056448274,1.7677860863676182,112.91848120590672,838.2025720284614,2.259306124065934,2.259306124065934,1.9481884225129784,48.5197310560404,124.4417972680829,923.741033566923,0.0066534311191945,0.0011930290282693,0.4311631764461953,0.1767756195009988,4.4929292929292926,0.0,4.416666666666667,1.331034482758621,0.0019730864698301,0.296551724137931,0.0,0.0,0.1631317210014026,0.8652849740932642,0.0135463984425697,1.346774193548387,0.0017845554834523,36.97189511610676,0.0079669751515384,0.0073645182589263,-12.456172889781628,1935000000.0,15864000000.0,-1890000000.0,7001000000.0,0.0,0.0,0.0,0.0,0.0,0.0,0.0,0.0,0.0,0.0150321376736471,1.100624800314038,2015-02-04,1.16,bmo,13014348623.0,2025-04-14,2014-12-31,-0.0603448275862067,136.62625,1228340.25
2014-09-30,HUM,USD,49071,2014-11-07,2014-11-07 11:37:27,2014,Q3,12238000000.0,0.0,12238000000.0,1.0,0,0.0,0.0,1898000000.0,9751000000.0,11649000000.0,11649000000.0,0.0,38000000.0,112000000.0,701000000.0,0.0572806014,589000000.0,0.0481287792,-38000000.0,551000000.0,0.0450236967,261000000.0,290000000.0,0.0236966825,1.88,1.85,154501998,156229998,https://www.sec.gov/Archives/edgar/data/49071/000004907114000128/0000049071-14-000128-index.htm,https://www.sec.gov/Archives/edgar/data/49071/000004907114000128/hum-20140930x10q.htm,79.20933164890204,1.8769983803057355,6.174677430385075,5.236178240232207,17.507864202506948,132.71673030403142,104.872430193427,65.53313310550197,30.051391309515623,20130065319.42,22030065319.42,17.353504585706897,1.6448819512518384,21.10069739981132,24.88265181634116,1.9881545994488887,1.9881545994488887,1.800136077743095,31.426626703880167,23.09231165557652,27.23123030830655,0.0144063119219106,0.0401886425683644,0.4548148148148148,0.1892647240146315,2.710413694721826,0.0,15.5,3.289655172413793,0.0021361083194557,0.1482758620689655,0.0,0.0,0.1768114750729522,0.1519916142557652,0.0118483412322274,1.2946428571428572,0.0017159666612191,52.608228022299095,0.0124783641267157,0.0144790054421089,-7.25556960111286,2705000000.0,16203000000.0,-1121000000.0,8356000000.0,0.0,0.0,0.0,0.0,0.0,0.0,0.0,0.0,0.0,0.0286419753086419,0.9384991901528678,2014-11-07,2.0,bmo,13127567567.0,2025-04-14,2014-09-30,-0.0749999999999999,127.09578125,1112455.90625
2014-06-30,HUM,USD,49071,2014-07-30,2014-07-30 17:01:04,2014,Q2,12222000000.0,0.0,12222000000.0,1.0,0,0.0,0.0,1835000000.0,9706000000.0,11541000000.0,11541000000.0,0.0,35000000.0,106000000.0,787000000.0,0.0643920799,681000000.0,0.0557191949,-35000000.0,646000000.0,0.0528555065,302000000.0,344000000.0,0.0281459663,2.21,2.19,155422998,157045998,https://www.sec.gov/Archives/edgar/data/49071/000119312514287100/0001193125-14-287100-index.htm,https://www.sec.gov/Archives/edgar/data/49071/000119312514287100/d735791d10q.htm,78.63701097825947,2.2133146601637423,-1.2868108489324084,-1.994556815845233,10.249448411746632,132.06539742593307,104.23811281776972,64.34054244662042,18.81317461139181,19850625304.56,21146625304.56,14.426326529476745,1.6241716007658322,-99.2531265228,-64.03427517600001,1.985062530456,1.985062530456,1.7302098923711342,26.869917794866584,-105.7331265228,-68.21492033729032,0.017329428908266,-0.01561663651617,0.2889,0.1249513429349941,1.6467598475222365,0.0,19.457142857142856,-0.5813953488372093,0.0021158023667069,0.1220930232558139,0.0,0.0,0.1870593832446693,-0.55,0.0090001636393388,1.0377358490566038,0.0018000327278677,56.60505261370076,0.0156843463041318,0.0183017663332623,-6.446922353151366,1593000000.0,16201000000.0,-1002000000.0,7207000000.0,0.0,0.0,0.0,0.0,0.0,0.0,0.0,0.0,0.0,0.0344,0.7077459669128245,2014-07-30,2.19,bmo,12130000000.0,2025-04-14,2014-06-30,0.0,118.42825396825396,1300392.857142857
2014-03-31,HUM,USD,49071,2014-05-07,2014-05-07 16:15:59,2014,Q1,11712000000.0,0.0,11712000000.0,1.0,0,0.0,0.0,1785000000.0,9206000000.0,10991000000.0,10991000000.0,0.0,35000000.0,107000000.0,828000000.0,0.0706967213,721000000.0,0.0615607923,-35000000.0,686000000.0,0.0585724044,318000000.0,368000000.0,0.031420765,2.37,2.35,155090998,156646998,https://www.sec.gov/Archives/edgar/data/49071/000119312514187480/0001193125-14-187480-index.htm,https://www.sec.gov/Archives/edgar/data/49071/000119312514187480/d693477d10q.htm,75.51695553600086,2.372800515475437,4.3264922442500495,3.6430225305533206,10.716289284565695,128.75021927449328,100.66348273805036,62.70512231793105,18.69869971434448,17481857294.56,18684857294.56,11.876261749021738,1.4926449192759563,26.05343859099851,30.941340344353986,1.7976202873583549,1.7976202873583549,1.5953600832103827,22.566252771207733,27.846285088763043,33.07054388417699,0.0210503949208253,0.0323192204626802,0.2946015424164524,0.1269609146503589,1.4528985507246377,0.0,20.6,1.8233695652173911,0.0025168950448812,0.1195652173913043,0.0,0.0,0.193033767614996,0.1579731743666169,0.0090505464480874,0.9906542056074766,0.0028176229508196,57.859327662668925,0.0171397460872144,0.0202086765513454,-6.035166528491873,1662000000.0,15612000000.0,-936000000.0,7262000000.0,0.0,0.0,0.0,0.0,0.0,0.0,0.0,0.0,0.0,0.0378406169665809,0.6834697136967292,2014-05-07,1.94,bmo,9593506382.0,2025-04-14,2014-03-31,0.2113402061855671,104.17065573770492,1858734.8852459013
2013-12-31,HUM,USD,49071,2014-02-19,2014-02-19 13:56:54,2013,Q4,10187000000.0,0.0,10187000000.0,1.0,0,0.0,0.0,1908000000.0,8293000000.0,10201000000.0,10201000000.0,0.0,35000000.0,114000000.0,100000000.0,0.0098164327,-14000000.0,-0.0013743006,-35000000.0,-49000000.0,-0.004810052,19000000.0,-30000000.0,-0.0029449298,-0.19,-0.2,155932998,155932998,https://www.sec.gov/Archives/edgar/data/49071/000119312514058508/0001193125-14-058508-index.htm,https://www.sec.gov/Archives/edgar/data/49071/000119312514058508/d637615d10k.htm,65.32934100324294,-0.1923903239518296,-0.1026081727743091,-0.9170605441703878,7.298006288572737,116.299950828881,86.85140524265428,59.74360859784149,19.482726805521946,16095404053.56,17960404053.559998,-134.128367113,1.5799945080553646,-1005.9627533475,-112.55527310181816,1.7277161929540574,1.7277161929540574,1.7630709780661624,179.60404053559998,-1122.5252533474998,-125.5972311437762,-0.0018638861068768,-0.008884523776113,0.3223486474881923,0.1448275862068965,18.65,0.0,-0.4,0.5333333333333333,0.0026715700865235,-1.4333333333333331,0.0,0.0,0.2214612973233662,-7.9375,0.0124668695396093,1.1140350877192982,0.0018651222145872,,-0.0009369940404423,-0.0018583906337112,-9.375821787252496,1138000000.0,13543000000.0,-1462000000.0,6948000000.0,0.0,0.0,0.0,0.0,0.0,0.0,0.0,0.0,0.0,-0.0032202662086732,0.8144523713960787,2014-02-05,0.93,bmo,11855749999.0,2025-04-14,2013-12-31,-0.1397849462365591,97.96265625,1188201.53125
2013-09-30,HUM,USD,49071,2013-11-06,2013-11-06 10:34:50,2013,Q3,10319000000.0,0.0,10319000000.0,1.0,0,0.0,0.0,1540000000.0,8158000000.0,9698000000.0,9698000000.0,0.0,35000000.0,106000000.0,727000000.0,0.0704525632,621000000.0,0.06018025,-35000000.0,586000000.0,0.0567884485,218000000.0,368000000.0,0.0356623704,2.34,2.31,157186998,158906998,https://www.sec.gov/Archives/edgar/data/49071/000119312513429313/0001193125-13-429313-index.htm,https://www.sec.gov/Archives/edgar/data/49071/000119312513429313/d593668d10q.htm,65.64792337340776,2.341160558330658,7.297041196753436,6.514533727528787,7.984120925828738,116.42184298220393,88.17523189799707,61.11192479164212,18.5193434383167,14670262523.34,16291262523.34,9.966210953355978,1.4216748254036244,12.790115539093287,14.326428245449218,1.527197847526546,1.527197847526546,1.5787636906037408,22.40888930308116,14.203367500732345,15.909436057949218,0.0250847590092216,0.0698010685473994,0.2993962107016448,0.1375879060421949,2.229711141678129,0.0,17.742857142857144,3.1168478260869565,0.0028629344521394,0.1141304347826086,0.0,0.0,0.2124097019566569,0.1072362685265911,0.0119197596666343,1.160377358490566,0.0021319895338695,56.73745349618624,0.0186566292964789,0.0223531555609548,-8.575772914754692,1255000000.0,13860000000.0,-1348000000.0,6875000000.0,0.0,4070500000.0,0.0,0.0,0.0,0.0,0.0,0.0,0.0,0.0383093899646054,0.7825074692246492,2013-11-06,2.15,bmo,9604264069.0,2025-04-14,2013-09-30,0.0744186046511628,91.736875,1062362.234375
2013-06-30,HUM,USD,49071,2013-07-31,2013-07-31 16:17:09,2013,Q2,10321000000.0,0.0,10321000000.0,1.0,0,0.0,0.0,1461000000.0,0.0,9632000000.0,9632000000.0,0.0,35000000.0,104000000.0,793000000.0,0.0768336402,689000000.0,0.0667570972,-35000000.0,654000000.0,0.0633659529,234000000.0,420000000.0,0.0406937312,2.66,2.63,157974998,159520998,https://www.sec.gov/Archives/edgar/data/49071/000119312513312590/0001193125-13-312590-index.htm,https://www.sec.gov/Archives/edgar/data/49071/000119312513312590/d544803d10q.htm,65.33312315661495,2.658648553994601,1.0951099996215856,0.4810887859609278,9.615445603613807,115.47396886183218,88.17218025854952,59.09162917033238,18.27504375091051,13457890079.62,14790890079.62,8.010648856916665,1.303932766168007,77.7912721365318,177.07750104763156,1.441659355074451,1.441659355074451,1.4330869178974903,18.65181598943253,85.49647444867051,194.61697473184208,0.0312084581992557,0.0056472448170081,0.3055168719871451,0.1367996930161166,1.6809583858764188,0.0,19.685714285714287,0.4119047619047619,0.0030465399670702,0.0976190476190476,0.0,0.0,0.2068783576362241,0.5606936416184971,0.0093983141168491,0.9326923076923076,0.0018409068888673,59.454496676492106,0.0212239574165475,0.0254006652555185,-6.880835662362218,1519000000.0,13929000000.0,-1087000000.0,6965000000.0,0.0,8238000000.0,0.0,0.0,0.0,0.0,0.0,0.0,0.0,0.044991965720407,0.6140212136606579,2013-07-31,2.47,bmo,9270134545.0,2025-04-14,2013-06-30,0.1133603238866396,78.93421875,2086406.53125
2013-03-31,HUM,USD,49071,2013-05-01,2013-05-01 16:02:25,2013,Q1,10486000000.0,0.0,10486000000.0,1.0,0,0.0,0.0,1446000000.0,0.0,9721000000.0,9721000000.0,0.0,35000000.0,102000000.0,867000000.0,0.0826816708,765000000.0,0.0729544154,-35000000.0,730000000.0,0.0696166317,257000000.0,473000000.0,0.0451077627,2.98,2.95,158916998,160402998,https://www.sec.gov/Archives/edgar/data/49071/000119312513192313/0001193125-13-192313-index.htm,https://www.sec.gov/Archives/edgar/data/49071/000119312513192313/d496532d10q.htm,65.98413091090482,2.976396521157542,2.5925483440103747,2.0262149678916037,8.797045109044912,115.56976428663722,88.23473999930454,57.66532287502688,18.456175468403952,11921953189.96,13421953189.96,6.301243757906976,1.1369400333740225,28.93677958728155,37.02469934770186,1.3009551713182017,1.3009551713182017,1.279987906728972,15.48091486731257,32.577556286310674,41.68308444086957,0.0396747070268933,0.027008997172642,0.3162374508948057,0.1381710689425002,1.7301038062283738,0.0,21.857142857142858,0.8710359408033826,0.0035229126746924,0.0887949260042283,0.0,0.0,0.2071135691808906,0.2184466019417475,0.0085828724012969,0.8823529411764706,0.0030516879649055,62.14325783160044,0.023632978077228,0.0284425736620565,-7.614037612263479,1398000000.0,14022000000.0,-1210000000.0,6861000000.0,0.0,8007000000.0,0.0,0.0,0.0,0.0,0.0,0.0,0.0,0.0516150152771715,0.5663333761187711,2013-05-01,1.81,bmo,7055635687.0,2025-04-14,2013-03-31,0.4861878453038673,71.52083333333333,2504444.95
2012-12-31,HUM,USD,49071,2013-02-22,2013-02-21 20:52:34,2012,Q4,9557000000.0,0.0,9557000000.0,1.0,0,0.0,0.0,1655000000.0,0.0,9248000000.0,9248000000.0,0.0,27000000.0,100000000.0,382000000.0,0.0399707021,309000000.0,0.0323323219,-27000000.0,282000000.0,0.0295071675,90000000.0,192000000.0,0.0200899864,1.21,1.18,158763998,160681998,https://www.sec.gov/Archives/edgar/data/49071/000119312513069911/0001193125-13-069911-index.htm,https://www.sec.gov/Archives/edgar/data/49071/000119312513069911/d446200d10k.htm,60.19626691436682,1.2093421834841926,1.2912247271576016,0.6235670633590369,8.22604631057477,109.39507834767426,80.92514777815056,55.724220298357565,18.65662264312593,10895973182.74,12524973182.74,14.187465081692707,1.1401039220194622,53.15108869629268,110.06033517919192,1.2316009023103875,1.2316009023103875,1.3105549003599457,32.787887912931936,61.09743015970732,126.51488063373738,0.0176211887437591,0.0090859254460008,0.3317508760031649,0.146904249461935,4.2643979057591626,0.0,11.444444444444445,1.0677083333333333,0.0037628580129902,0.2135416666666666,0.0,0.0,0.2262375494268982,0.5170731707317073,0.0110913466569007,1.06,0.0014648948414774,38.939274910979314,0.0290263491616175,0.0124199495439549,-8.219747653369122,1306000000.0,12848000000.0,-1305000000.0,6924000000.0,321000000.0,3839500000.0,0.0,0.0,0.0,0.0,0.0,0.0,0.0,0.0217022719565954,0.6676576637985647,2013-02-04,1.07,bmo,8593268907.0,2025-04-14,2012-12-31,0.1121495327102802,70.15387096774194,1949954.5322580645
2012-09-30,HUM,USD,49071,2012-11-05,2012-11-05 16:57:10,2012,Q3,9651000000.0,0.0,9651000000.0,1.0,0,0.0,0.0,1408000000.0,7568000000.0,8976000000.0,8976000000.0,0.0,26000000.0,78000000.0,753000000.0,0.0780230028,675000000.0,0.0699409388,0.0,675000000.0,0.0699409388,249000000.0,426000000.0,0.0441405036,2.65,2.62,160638998,162417998,https://www.sec.gov/Archives/edgar/data/49071/000119312512452022/0001193125-12-452022-index.htm,https://www.sec.gov/Archives/edgar/data/49071/000119312512452022/d390018d10q.htm,60.078810999555664,2.6519089716931625,-8.304334667226946,-9.045126140540294,58.6470291603786,54.10267810559924,35.66381807237119,54.10267810559924,11.94604064948164,11456773337.36,11986773337.36,6.723458531314553,1.1871073813449382,-8.588285860089954,-7.88490938565726,1.3182341890875615,1.3182341890875615,1.2420239702994509,15.918689691049137,-8.985587209415291,-8.249671945877495,0.0371832441347891,-0.1268245392672503,0.2178115291681049,0.1007075597169761,0.703851261620186,0.0,25.96153846153846,-3.131455399061033,0.0036659536470918,0.0985915492957746,0.0,0.0,0.1575783369686652,-0.0892053973013493,0.0123303284633716,1.5256410256410255,0.0014506268780437,56.81721563812752,1.5379061371841158,0.0269024313230186,-1.2668156707501377,0.0,5729000000.0,-10106000000.0,3996000000.0,770000000.0,1040500000.0,0.0,5.986944358097607,0.0,0.0,15.032710280373832,0.0,0.0,0.0490162236796686,0.7407914733133483,2012-11-05,2.05,bmo,7551354961.0,2025-04-14,2012-09-30,0.278048780487805,70.20063492063493,2181193.301587302
2012-06-30,HUM,USD,49071,2012-08-01,2012-08-01 10:37:48,2012,Q2,9699000000.0,0.0,9699000000.0,1.0,0,0.0,0.0,1384000000.0,7751000000.0,9135000000.0,9135000000.0,0.0,26000000.0,82000000.0,646000000.0,0.0666048046,564000000.0,0.0581503248,0.0,564000000.0,0.0581503248,208000000.0,356000000.0,0.0367048149,2.19,2.16,162815998,164638998,https://www.sec.gov/Archives/edgar/data/49071/000119312512327550/0001193125-12-327550-index.htm,https://www.sec.gov/Archives/edgar/data/49071/000119312512327550/d371871d10q.htm,59.57031323175011,2.1865173224562366,4.336183229365458,3.728134872839707,72.17349734882932,51.92978640833562,34.78159437379121,51.92978640833562,11.694182533586163,12608470885.12,10617470885.12,8.854263262022473,1.2999763774739663,17.859023916600567,20.77178070036244,1.4912443388669423,1.4912443388669423,1.0946974827425506,16.4357134444582,15.038910602152972,17.491714802504116,0.0282349860854369,0.0481422375108433,0.2221170904790065,0.090050347638456,-3.082043343653251,0.0,21.692307692307693,1.9831460674157304,0.0032517821053452,0.1151685393258427,0.0,0.0,0.1338767681611124,0.1402266288951841,0.0102072378595731,1.2073170731707317,0.0014434477781214,50.54474250106296,1.3692307692307693,0.0197087969883186,0.1504766134836455,0.0,5663000000.0,-12400000000.0,3768000000.0,1114000000.0,2102000000.0,0.0,8.332817816269719,0.0,0.0,10.80066815144766,0.0,0.0,0.0421052631578947,0.6080483565257513,2012-07-30,2.28,bmo,10097589041.0,2025-04-14,2012-06-30,-0.0394736842105262,81.8168253968254,1789348.126984127
2012-03-31,HUM,USD,49071,2012-04-30,2012-04-30 16:39:06,2012,Q1,10219000000.0,0.0,10219000000.0,1.0,0,0.0,0.0,1383000000.0,8446000000.0,9829000000.0,9829000000.0,0.0,26000000.0,78000000.0,468000000.0,0.0457970447,390000000.0,0.0381642039,0.0,390000000.0,0.0381642039,142000000.0,248000000.0,0.0242685194,1.51,1.49,163716998,166087998,https://www.sec.gov/Archives/edgar/data/49071/000119312512196253/0001193125-12-196253-index.htm,https://www.sec.gov/Archives/edgar/data/49071/000119312512196253/d310613d10q.htm,62.418686665632606,1.5148091098030028,14.32960553063647,13.804308823204783,70.51802892207931,50.29410568595938,33.283043706921625,50.29410568595938,11.85582452470818,15140547975.04,13399547975.04,15.262649168387098,1.4816075912555045,6.453771515362319,6.699357511079646,1.8387840630361911,1.8387840630361911,1.3112386706174772,28.63151276717949,5.711657278363171,5.929003528778761,0.0163798562911224,0.1492680452336157,0.2325722613553558,0.092512077294686,-3.72008547008547,0.0,15.0,9.459677419354838,0.0027079601126452,0.1653225806451612,0.0,0.0,0.1345410628019323,0.0366581415174765,0.0084156962520794,1.1025641025641026,0.0039142773265485,41.402709004435216,0.8435374149659863,0.0138431481998325,0.4672697455642327,0.0,5449000000.0,-12466000000.0,3724000000.0,1182000000.0,4661500000.0,0.0,11.713474899696644,0.0,0.0,7.683458646616541,0.0,0.0,0.030119018702939,0.5252967074316864,2012-04-30,1.53,bmo,10493335570.0,2025-04-14,2012-03-31,-0.0261437908496732,88.95838709677419,1905968.741935484
2011-12-31,HUM,USD,49071,2012-02-24,2012-02-24 08:44:31,2011,Q4,9056508000.0,0.0,9056508000.0,1.0,0,0.0,0.0,1585095000.0,7158431000.0,8743526000.0,8743526000.0,0.0,27044000.0,77836000.0,390818000.0,0.0431532772,312982000.0,0.0345587946,0.0,312982000.0,0.0345587946,114205000.0,198777000.0,0.0219485259,1.22,1.2,163237998,165631998,https://www.sec.gov/Archives/edgar/data/49071/000119312512076885/0001193125-12-076885-index.htm,https://www.sec.gov/Archives/edgar/data/49071/000119312512076885/d267727d10k.htm,55.48039127507555,1.2177128023831805,-11.008343780349474,-11.805180311020475,55.86934483232268,49.394136774453706,29.944008502236105,49.394136774453706,12.203310653197304,14301281004.78,14889281004.78,17.986589249234065,1.579116476767867,-7.958508722846109,-7.421318242654332,1.773692298744884,1.773692298744884,1.6440421633570026,38.09773604281277,-8.285724384678739,-7.7264472115363665,0.0138992444056977,-0.1347469502456394,0.2437058166935383,0.1109667946690761,1.5045366385376313,0.0,11.573066114480106,-9.040180705011144,0.0028323336900003,0.2037760907952127,0.0,0.0,0.1792974926586853,-0.0723847789068325,0.0143624893833252,1.671129040546791,0.0015703624399161,36.7875948662135,0.6495980392156863,0.0136776302208766,1.5345691754930737,0.0,4888000000.0,-9645000000.0,4087000000.0,1035158500.0,4766319000.0,0.0,10.275483663239738,0.0,0.0,8.758711798839458,0.0,0.0,0.024652982760759,0.7968365306710022,2012-02-06,1.2,bmo,9056000000.0,2025-04-14,2011-12-31,0.0,82.55666666666666,1627385.825396825
2011-09-30,HUM,USD,49071,2011-10-31,2011-10-31 16:33:02,2011,Q3,9301000000.0,0.0,9301000000.0,1.0,0,0.0,0.0,1361000000.0,7241000000.0,8602000000.0,8602000000.0,0.0,27000000.0,74000000.0,773000000.0,0.0831093431,699000000.0,0.0751532093,0.0,699000000.0,0.0751532093,254000000.0,445000000.0,0.0478443178,2.71,2.67,164120998,166579998,https://www.sec.gov/Archives/edgar/data/49071/000119312511288752/0001193125-11-288752-index.htm,https://www.sec.gov/Archives/edgar/data/49071/000119312511288752/d228857d10q.htm,56.6716027403148,2.7114141726094063,17.787577674856692,17.259034703164552,72.41024698131558,47.87912635042592,32.159529032354534,47.87912635042592,12.107768196730074,11936520184.54,9877254184.54,6.705910216033708,1.2833587984668315,4.088808567948304,4.214024784750245,1.5190335652261335,1.5190335652261335,1.061956153589937,12.7778191261837,3.383415008157736,3.4870291588698605,0.0372805468528723,0.2373028283124508,0.2494459765053824,0.09850078862883,-2.6639922380336354,0.0,25.88888888888889,6.5637984530983005,0.0034348369010511,0.0921348314606741,0.0,0.0,0.1296457856285379,0.0297141623976857,0.0093264165143532,1.1630978399324226,0.0012901838511987,54.04584340697053,1.4903528954710017,0.0256931180492537,3.7747805433159742,0.0,5278054000.0,-12041759000.0,3430804000.0,1291354500.0,2138767500.0,0.0,10.027795935920867,0.0,0.0,8.975053000192027,0.0,0.0,0.0566304019994986,0.5285429716921415,2011-10-31,2.02,bmo,7036711610.0,2025-04-14,2011-09-30,0.3217821782178217,76.0175,2112339.578125
2011-06-30,HUM,USD,49071,2011-08-01,2011-08-01 16:22:02,2011,Q2,9284000000.0,0.0,9284000000.0,1.0,0,0.0,0.0,1193000000.0,7365000000.0,8558000000.0,8558000000.0,0.0,28000000.0,75000000.0,801000000.0,0.0862774666,726000000.0,0.0781990521,0.0,726000000.0,0.0781990521,266000000.0,460000000.0,0.0495476088,2.76,2.71,167020998,169559998,https://www.sec.gov/Archives/edgar/data/49071/000119312511204645/0001193125-11-204645-index.htm,https://www.sec.gov/Archives/edgar/data/49071/000119312511204645/d10q.htm,55.58582520264907,2.7541447213720995,0.9652259412316528,0.6137731257000393,54.94854605047924,45.42373169150864,29.99147448514228,45.42373169150864,11.431508749576505,13451871178.920002,13765349178.920002,7.31079955376087,1.4489305449073675,83.44160321388473,131.2211249199614,1.773081977213596,1.773081977213596,1.4826959477509696,17.1852049674407,85.38609900516708,134.27905903563453,0.0341959861109026,0.0076207241830151,0.2479731351518713,0.1069231121168315,0.391358302122347,0.0,25.928571428571427,0.3502445213529819,0.0031040476781723,0.0907722815217391,0.0,0.0,0.1464918963756837,0.3641145565183949,0.0063227057302886,0.7817077717999255,0.0011848341232227,53.05496625596702,2.117015744154045,0.0306311467888503,1.9708120771736737,0.0,5009206000.0,-10008188000.0,3400122000.0,1382869500.0,1930749500.0,0.0,14.990874623007326,0.0,0.0,6.003652372748954,0.0,0.0,0.0606322866662879,0.3514528155316135,2011-08-01,2.06,bmo,7057210332.0,2025-04-14,2011-06-30,0.3155339805825242,76.61269841269842,1527260.238095238
2011-03-31,HUM,USD,49071,2011-05-03,2011-05-03 16:43:55,2011,Q1,9191000000.0,0.0,9191000000.0,1.0,0,0.0,0.0,1256000000.0,7438000000.0,8694000000.0,8694000000.0,0.0,27000000.0,76000000.0,573000000.0,0.062343597,497000000.0,0.0540746382,0.0,497000000.0,0.0540746382,182000000.0,315000000.0,0.034272658,1.88,1.86,167270998,169533998,https://www.sec.gov/Archives/edgar/data/49071/000119312511124060/0001193125-11-124060-index.htm,https://www.sec.gov/Archives/edgar/data/49071/000119312511124060/d10q.htm,54.94676369420598,1.883171642223357,4.755468727459856,4.334110567093047,54.86306717677383,43.20520643991136,27.803803741279765,43.20520643991136,11.630946328185356,11698933600.12,11861412600.12,9.284867936603174,1.2728684147666194,14.707277874868629,16.137105622321442,1.618786386248858,1.618786386248858,1.2905464693852682,20.70054554994764,14.911537842786238,16.361223552555895,0.0269255310583837,0.0619689815140555,0.2654664231716216,0.1118014738876204,0.2835584642233857,0.0,18.40740740740741,2.523834302104221,0.0,0.0,0.0,0.0,0.1501281464050825,0.0886049692501873,0.0076684800348166,0.9336344729835344,0.0032640626700032,42.786252934687546,1.2496380016899866,0.0215992318078927,0.947135199133564,0.0,4650770000.0,-9933082000.0,3395937000.0,1089173500.0,1798801000.0,0.0,11.94007507344141,0.0,0.0,7.537641048856478,0.0,0.0,0.0435866831198323,0.4213581603668079,2011-05-02,1.86,bmo,9191000000.0,2025-04-14,2011-03-31,0.0,61.22354838709678,1839872.3548387096
2010-12-31,HUM,USD,49071,2011-02-18,2011-02-17 17:46:43,2010,Q4,8350245000.0,0.0,8350245000.0,1.0,0,0.0,0.0,1299781000.0,6875972000.0,8175753000.0,8175753000.0,0.0,26381000.0,66307000.0,240799000.0,0.0288373575,174492000.0,0.0208966324,0.0,174492000.0,0.0208966324,67167000.0,107325000.0,0.0128529163,0.65,0.63,166881998,169299998,https://www.sec.gov/Archives/edgar/data/49071/000119312511039288/0001193125-11-039288-index.htm,https://www.sec.gov/Archives/edgar/data/49071/000119312511039288/d10k.htm,50.036823025093454,0.643119097843016,-0.2838952107943961,-0.7025742824579557,51.209837504462286,41.49039490766404,26.10227617241256,41.490730474116205,12.61139622741094,9135120570.52,9540354570.52,21.279106849569065,1.0939943163967043,-192.8176239635266,-77.91346960280434,1.3193308330435225,1.3193308330435225,1.142523910438556,39.61957720140034,-201.3710148493995,-81.36971155355788,0.0117486134059739,-0.0128347512323338,0.3001469081128171,0.129058808917593,1.6828724371778954,0.0,6.614305750350631,-0.4414348940135104,0.0,0.0,0.0,0.0,0.1594733900515431,-1.4747662367815606,0.0083674191595575,1.0537348997843363,0.001298524773824,24.502618756076465,0.2624083129584352,0.0079294421869227,0.516832258923458,0.0,4356000000.0,-9179000000.0,3383000000.0,883514000.0,1861050500.0,0.0,10.336223667688792,0.0,0.0,8.707241918665277,0.0,0.0,0.0155003079120099,0.4186790716635595,2011-02-07,0.81,bmo,10640571428.0,2025-04-14,2010-12-31,-0.2222222222222222,55.9809375,1795664.578125
2010-09-30,HUM,USD,49071,2010-11-01,2010-11-01 16:36:59,2010,Q3,8350812000.0,0.0,8350812000.0,1.0,0,0.0,0.0,1002398000.0,6726124000.0,7728522000.0,7728522000.0,0.0,26143000.0,64557000.0,686847000.0,0.0822491274,622290000.0,0.0745185019,0.0,622290000.0,0.0745185019,229069000.0,393221000.0,0.0470877563,2.35,2.32,167573998,169581998,https://www.sec.gov/Archives/edgar/data/49071/000119312510242671/0001193125-10-242671-index.htm,https://www.sec.gov/Archives/edgar/data/49071/000119312510242671/d10q.htm,49.83357859612563,2.346551402324363,7.2159703440386975,6.851922217670071,60.06449162834917,41.4083872367836,29.48961091207002,41.4083872367836,11.568584763371224,8418917659.52,7408516659.52,5.352535634871994,1.0081555733167027,6.96233460015597,7.332249025016461,1.2132807711808484,1.2132807711808484,0.887161231688607,10.786269226654554,6.126746211382813,6.452265154554418,0.0467068352373479,0.1363838021033055,0.275610252762334,0.1166815087314781,-1.4710714322112497,0.0,23.803312550204645,3.075138408172504,0.0,0.0,0.0,0.0,0.1218568704320688,0.0504503357153312,0.0073052776185118,0.9449788558947908,0.0014941062018879,46.75741070264112,1.6300734986257872,0.0273201522259836,7.279679512092324,0.0,4941692000.0,-9451383000.0,2667554000.0,1066565000.0,1853743500.0,0.0,8.708436975949166,0.0,0.0,10.334805229521749,0.0,0.0,0.0566685050761863,0.3640481263686267,2010-11-01,1.66,bmo,5975284482.0,2025-04-14,2010-09-30,0.3975903614457831,48.68,1728845.296875
2010-06-30,HUM,USD,49071,2010-08-02,2010-08-02 16:31:26,2010,Q2,8589243000.0,0.0,8589243000.0,1.0,0,0.0,0.0,1093690000.0,6959699000.0,8053389000.0,8053389000.0,0.0,26222000.0,69290000.0,605144000.0,0.0704537059,535854000.0,0.0623866387,0.0,535854000.0,0.0623866387,195778000.0,340076000.0,0.0395932447,2.02,2.0,168471998,170228998,https://www.sec.gov/Archives/edgar/data/49071/000119312510173680/0001193125-10-173680-index.htm,https://www.sec.gov/Archives/edgar/data/49071/000119312510173680/d10q.htm,50.98320849735515,2.0185906502990485,1.9309499730631792,1.6199249919265517,52.71525894766203,38.45639083594177,26.61707615054224,38.45639083594177,11.513503864303908,7694116148.66,7608615148.66,5.656174023350663,0.8957851289875022,23.651570800434047,28.19266338108988,1.1875789435059598,1.1875789435059598,0.8858307011060229,12.573230749474504,23.388742307084605,27.879371917174765,0.0441994887299988,0.0354702209749628,0.2953438316361377,0.1219510189878379,-0.1412903375064447,0.0,20.435283349858896,0.9565832343358543,0.0,0.0,0.0,0.0,0.1271204933918908,0.1610735573036263,0.0061005376143159,0.756227449848463,0.0014306266570872,41.79262491370644,1.4174794511412327,0.0248303571187364,3.936122963295064,0.0,4484232000.0,-9211745000.0,2654816000.0,1214850000.0,1662685500.0,0.0,13.884713705270652,0.0,0.0,6.481948559431651,0.0,0.0,0.0524903821294756,0.3110249811366278,2010-08-02,1.67,bmo,5624952941.0,2025-04-14,2010-06-30,0.5269461077844311,46.21222222222222,2421517.1428571427
2010-03-31,HUM,USD,49071,2010-04-27,2010-04-27 14:31:05,2010,Q1,8380338000.0,0.0,8380338000.0,1.0,0,0.0,0.0,1060857000.0,6902555000.0,7963412000.0,7963412000.0,0.0,26314000.0,62756000.0,479682000.0,0.0572389801,416926000.0,0.0497504993,0.0,416926000.0,0.0497504993,158158000.0,258768000.0,0.0308779908,1.54,1.52,168199998,170079998,https://www.sec.gov/Archives/edgar/data/49071/000119312510094663/0001193125-10-094663-index.htm,https://www.sec.gov/Archives/edgar/data/49071/000119312510094663/d10q.htm,49.82365100860465,1.5384542394584333,4.486629066428407,4.254595769971412,51.003722366274935,36.17857950271795,24.330041906421425,36.17857950271795,11.523377069243486,7866713906.460001,7964638906.460001,7.600161057839455,0.9387108141055888,10.42430727112268,10.992818713847935,1.2927539069488994,1.2927539069488994,0.9503959036568692,16.603997870380795,10.554069240562855,11.129657524227143,0.0328940397575033,0.0909684791526921,0.3141895705951962,0.1257085215097031,0.2041456631685158,0.0,15.844265410047884,2.9163227292400915,0.0,0.0,0.0,0.0,0.1310346623240136,0.0517166213256193,0.0046570913965522,0.6219006947542864,0.0032622789200149,35.388267869516575,1.0962980537032172,0.0195795890683351,1.684753289949504,0.0,4092313000.0,-9123899000.0,2658833000.0,964109000.0,1483347500.0,0.0,11.86274587015464,0.0,0.0,7.586776365700463,0.0,0.0,0.0425238984118449,0.2320332964569952,2010-04-26,1.14,bmo,6285000000.0,2025-04-14,2010-03-31,0.3333333333333335,47.90377049180328,2895596.393442623
2009-12-31,HUM,USD,49071,2010-02-19,2010-02-19 13:17:27,2009,Q4,7633045000.0,0.0,7633045000.0,1.0,0,0.0,0.0,1111617000.0,6122728000.0,7234345000.0,7234345000.0,0.0,26238000.0,69694000.0,468394000.0,0.0613639773,398700000.0,0.0522334141,0.0,398700000.0,0.0522334141,148041000.0,250659000.0,0.032838664,1.49,1.48,167705998,169709998,https://www.sec.gov/Archives/edgar/data/49071/000119312510035019/0001193125-10-035019-index.htm,https://www.sec.gov/Archives/edgar/data/49071/000119312510035019/d10k.htm,45.51444248285026,1.4946334835322943,1.634354186902725,1.2568184949473304,46.53172869821865,34.44124282305037,22.557803806158443,34.44124282305037,12.395907271008875,7360616252.22,7799658252.22,7.341264678527402,0.9643092962533302,26.85464408616117,34.9215102868448,1.2743442571307528,1.2743442571307528,1.0218278881128042,16.65191751435757,28.45645516350409,37.00448937364786,0.0340540780025585,0.0286356458178931,0.3553720453400041,0.1450263800585212,0.9373348078754212,0.0,15.195517951063342,1.0934815825484023,0.0,0.0,0.0,0.0,0.1408079164056592,0.2309999233831099,0.0082948548056509,0.9084713174735272,0.002233970846497,34.03282652969691,0.6693807682447446,0.0206124383972132,0.2616125870465289,0.0,3783079000.0,-8377491000.0,2672066000.0,800074000.0,1420260000.0,0.0,9.71117031276509,0.0,0.0,9.267678055413905,0.0,0.0,0.0433966187344431,0.3775356919553944,2010-02-01,1.48,bmo,60000000.0,2025-04-14,2009-12-31,0.0,40.37671875,2405725.71875
2009-09-30,HUM,USD,49071,2009-11-03,2009-11-03 10:12:33,2009,Q3,7716819000.0,0.0,7716819000.0,1.0,0,0.0,0.0,1047773000.0,6199698000.0,7247471000.0,7247471000.0,0.0,26259000.0,62088000.0,531436000.0,0.0688672366,469348000.0,0.0608214343,0.0,469348000.0,0.0608214343,167829000.0,301519000.0,0.0390729652,1.8,1.78,167403998,169245998,https://www.sec.gov/Archives/edgar/data/49071/000119312509221456/0001193125-09-221456-index.htm,https://www.sec.gov/Archives/edgar/data/49071/000119312509221456/d10q.htm,46.09698150697691,1.801145752803347,5.6158216723115535,5.37966841150353,43.9140706782881,33.142595554975934,21.23771858782011,33.142595554975934,11.386030338415216,6244169125.4,6671971125.4,5.177260077640215,0.8091636107313129,6.641948796897387,6.933512838865706,1.12543991728493,1.12543991728493,0.8646012204510692,12.55460888121994,7.097003572344116,7.4085433192905,0.0482880898874892,0.1442270351609525,0.338813846573386,0.1323641876899012,0.8049925108573751,0.0,17.87379565101489,3.117916283882608,0.0,0.0,0.0,0.0,0.140329100837803,0.0420514173326341,0.0051229658230936,0.6367252931323283,0.002046957431553,36.64873145780478,1.5122527384343778,0.0246967305636896,-4.299759913738739,0.0,3555279000.0,-8653584000.0,2671934000.0,1026721000.0,1442249500.0,0.0,9.056519273032064,0.0,0.0,9.937592720417037,0.0,0.0,0.0543453438888231,0.2361532608080244,2009-11-02,1.77,bmo,63640449.0,2025-04-14,2009-09-30,0.0056497175141242,34.68171875,2653245.421875
2009-06-30,HUM,USD,49071,2009-08-03,2009-08-03 17:03:39,2009,Q2,7898889000.0,0.0,7898889000.0,1.0,0,0.0,0.0,1004342000.0,6454597000.0,7458939000.0,7458939000.0,0.0,26574000.0,60478000.0,500428000.0,0.0633542261,439950000.0,0.0556977063,0.0,439950000.0,0.0556977063,158170000.0,281780000.0,0.0356733713,1.68,1.67,167300998,168668998,https://www.sec.gov/Archives/edgar/data/49071/000119312509162305/0001193125-09-162305-index.htm,https://www.sec.gov/Archives/edgar/data/49071/000119312509162305/d10q.htm,47.21363945479871,1.6842696897719642,0.9674777911366672,0.7071386388262908,36.87086194189948,30.23459549237118,18.322389206548547,30.23459549237118,11.136102128930515,5397130195.48,5648528195.48,4.788425540741003,0.6832771286544221,33.34443466872606,45.62047415984109,1.066989634709678,1.066989634709678,0.7151041362247272,11.287394381369548,34.897616430742616,47.74547310325007,0.0522092278292611,0.0219199826046587,0.363069605901455,0.1342045304324511,0.5023659747256348,0.0,16.55565590426733,0.5744197600965292,0.0,0.0,0.0,0.0,0.1456348544315716,0.2690905720993451,0.0055140665984798,0.7201792387314395,0.0021960050331128,33.84925829810941,1.8314884987618048,0.0241013423039798,-8.965239406402107,0.0,3065354000.0,-8626111000.0,2684338000.0,1157393500.0,1367989500.0,0.0,14.549167610786784,0.0,0.0,6.18592089991965,0.0,0.0,0.0557067049300176,0.2603391523103765,2009-08-03,1.64,bmo,60886227.0,2025-04-14,2009-06-30,0.0182926829268292,29.78095238095238,3343898.095238095
2009-03-31,HUM,USD,49071,2009-04-27,2009-04-27 17:18:30,2009,Q1,7711661000.0,0.0,7711661000.0,1.0,0,0.0,0.0,1063803000.0,6354096000.0,7417899000.0,7417899000.0,0.0,26772000.0,58014000.0,351776000.0,0.0456161131,293762000.0,0.0380932201,0.0,293762000.0,0.0380932201,88045000.0,205717000.0,0.0266760948,1.23,1.22,167042998,168657998,https://www.sec.gov/Archives/edgar/data/49071/000119312509088648/0001193125-09-088648-index.htm,https://www.sec.gov/Archives/edgar/data/49071/000119312509088648/d10q.htm,46.16572434840998,1.231521239818744,0.2725046876852629,0.0387505018318696,38.0154036746874,27.958747483686803,16.03834361258291,27.958747483686803,13.28813554938711,4356481387.84,4638197387.84,5.29426516505685,0.5649212780281706,95.70477565553604,673.0235420732273,0.9328028737774108,0.9328028737774108,0.6014524481612976,13.185087634858547,101.8936157258348,716.5452476193419,0.0472209064347678,0.0014858321254551,0.4695441183492412,0.1611656393473466,0.8008391703811516,0.0,10.972732705812042,0.2212748581789546,0.0,0.0,0.0,0.0,0.1463421087250976,0.857798769771529,0.0050633709132183,0.6730616747681594,0.0020327657037828,27.83370808408406,0.7971611473211863,0.017710726889067,-10.821676284809016,0.0,2679093000.0,-8936297000.0,2692596000.0,913777500.0,1230658500.0,0.0,12.112639546785056,0.0,0.0,7.430254954122518,0.0,0.0,0.0440477972247256,0.2337541858533932,2009-04-27,1.18,bmo,53196721.0,2025-04-14,2009-03-31,0.0338983050847458,32.362459016393444,4349401.786885246
2008-12-31,HUM,USD,49071,2009-02-20,2009-02-20 16:05:15,2008,Q4,7487636000.0,0.0,7487636000.0,1.0,0,0.0,0.0,1098943000.0,6127647000.0,7226590000.0,7226590000.0,0.0,26735000.0,59808000.0,320854000.0,0.0428511749,261046000.0,0.0348636072,0.0,261046000.0,0.0348636072,86966000.0,174080000.0,0.0232489934,1.04,1.04,166703998,167702850,https://www.sec.gov/Archives/edgar/data/49071/000119312509034123/0001193125-09-034123-index.htm,https://www.sec.gov/Archives/edgar/data/49071/000119312509034123/d10k.htm,44.91575540977728,1.0442461014042386,1.779039516496779,1.2869997275050356,37.03547049903386,26.737151198977244,14.96112288800656,26.737151198977244,13.126913728847702,6214725045.440001,6405876045.440001,8.925099157628678,0.8299982858995817,20.955127558611203,28.96659509965136,1.39431458955979,1.39431458955979,0.8555271711178268,19.96508083252819,21.59966027062477,29.857542579935497,0.0280108932780106,0.0345225248794269,0.4849633962204887,0.1657425071462747,0.5957569486433082,0.0,9.76420422666916,1.703659237132353,0.0,0.0,0.0,0.0,0.1505250058274343,0.2765760875062801,0.0109547258974661,1.3714720438737291,0.0018075130788943,25.063992754531792,0.7752669879131744,0.015713107257031,-10.907641819124215,0.0,2494079000.0,-8584570000.0,2674603000.0,749667500.0,1158829000.0,0.0,9.491831600788286,0.0,0.0,9.481836992612216,0.0,0.0,0.0390559971641325,0.4920397889917433,2009-02-02,1.07,bmo,55000000.0,2025-04-14,2008-12-31,0.0,33.02609375,3114373.234375
2008-09-30,HUM,USD,49071,2008-11-03,2008-11-03 16:21:36,2008,Q3,7148170000.0,0.0,7148170000.0,1.0,0,0.0,0.0,979223000.0,5886087000.0,6865310000.0,6865310000.0,0.0,19348000.0,56126000.0,338986000.0,0.0474227669,282860000.0,0.0395709671,0.0,282860000.0,0.0395709671,99852000.0,183008000.0,0.0256020772,1.1,1.09,166646998,168577998,https://www.sec.gov/Archives/edgar/data/49071/000119312508222923/0001193125-08-222923-index.htm,https://www.sec.gov/Archives/edgar/data/49071/000119312508222923/d10q.htm,42.89408201640692,1.098177598134711,3.464058800507165,3.059011000006133,33.15669688811316,25.62621620102632,14.685245035137086,25.62621620102632,11.672943547413915,6865856317.6,7248869317.6,9.379175114749083,0.9605054605024784,11.89356254402148,13.468405311362856,1.6077285728335486,1.6077285728335486,1.0140874262363655,21.38397844630752,12.557047018492051,14.219742666078172,0.0266547960712308,0.074247839805974,0.4509773021253558,0.15328979048653,1.1298785200568755,0.0,14.619598924953484,3.1543703007518795,0.0,0.0,0.0,0.0,0.1451208902989286,0.1169286735091594,0.0094429763142174,1.2026511777073017,0.0020522735189566,25.163427281091657,0.710214219186588,0.0170389149944276,-13.415388676848533,0.0,2447252000.0,-8293338000.0,2501162000.0,854685500.0,1295777500.0,0.0,8.934981960417842,0.0,0.0,10.072767958424752,0.0,0.0,0.0428536772467692,0.4050478005010327,2008-10-27,1.47,bmo,58208053.0,2025-04-14,2008-09-30,0.0136054421768707,43.76140625,2529897.375
2008-06-30,HUM,USD,49071,2008-08-04,2008-08-04 17:04:32,2008,Q2,7350862000.0,0.0,7350862000.0,1.0,0,0.0,0.0,916041000.0,6109807000.0,7025848000.0,7025848000.0,0.0,17867000.0,53458000.0,378472000.0,0.0514867508,325014000.0,0.0442144064,0.0,325014000.0,0.0442144064,115118000.0,209896000.0,0.0285539301,1.26,1.24,167145998,168996998,https://www.sec.gov/Archives/edgar/data/49071/000119312508165049/0001193125-08-165049-index.htm,https://www.sec.gov/Archives/edgar/data/49071/000119312508165049/d10q.htm,43.97868981583394,1.2557644365496563,0.6223481342341203,0.2337058647374853,32.12882189377935,25.15003679597522,14.27654881692112,25.15003679597522,11.67201143517657,6647396340.460001,7405817340.460001,7.917488113708694,0.904301609860177,63.90314007921326,170.17116812482402,1.5813098136844248,1.5813098136844248,1.0074760402875202,19.567675654896533,71.19403728463898,189.58649720861172,0.0315756710221185,0.0058764361261625,0.4598449281209441,0.1493868268605917,2.003902534401488,0.0,18.190742710024068,0.4955930556084918,0.0,0.0,0.0,0.0,0.1404530438718505,0.6244772790632841,0.0088370588374533,1.2151595645179394,0.0018023736535932,26.65720803444673,0.7044317285587233,0.0188712578971515,-15.652558429786636,0.0,2386268000.0,-8736255000.0,2472891000.0,879520500.0,675462000.0,0.0,12.240009402978862,0.0,0.0,7.352935527818845,0.0,0.0,0.049930918460947,0.3886422694966349,2008-08-04,1.18,bmo,47580645.0,2025-04-14,2008-06-30,0.0508474576271186,45.47453125,3075897.125
2008-03-31,HUM,USD,49071,2008-04-29,2008-04-29 15:20:28,2008,Q1,6959704000.0,0.0,6959704000.0,1.0,0,950445000.0,0.0,950445000.0,5885331000.0,6835776000.0,6835776000.0,0.0,16339000.0,50958000.0,174886000.0,0.0251283675,123928000.0,0.0178065044,0.0,123928000.0,0.0178065044,43758000.0,80170000.0,0.0115191681,0.48,0.47,168189998,170601998,https://www.sec.gov/Archives/edgar/data/49071/000119312508094878/0001193125-08-094878-index.htm,https://www.sec.gov/Archives/edgar/data/49071/000119312508094878/d10q.htm,41.38001119424474,0.4766633031293573,0.0263927703953002,-0.2535703698623029,33.552036786396776,24.094619467205177,14.084487949158548,24.094619467205177,11.34978311849436,7545003310.28,7749297310.28,23.528138051266065,1.0840983050830897,1699.7078869745435,-176.91341470362033,1.8618264571913352,1.8618264571913352,1.1134521396714572,44.31056408334572,1745.7304145708492,-181.70365105702496,0.0106255751923619,-0.0056524826095029,0.467018665634869,0.1482978253926413,1.168155255423533,0.0,7.584797111206316,0.0553698390919296,0.0,0.0,0.136563997549321,0.0,0.1319229200876224,10.60756927235864,0.0067656612982391,0.92403548019938,0.0019995103240022,16.07522846851223,0.2752655830466341,0.0072365888866503,-14.845976453367934,0.0,2368870000.0,-8709554000.0,2320539000.0,682432000.0,634481500.0,0.0,9.81924949681768,0.0,0.0,9.16566994546458,0.0,0.0,0.0197829770160154,0.2799631402576032,2008-04-28,0.45,bmo,43085106.0,2025-04-14,2008-03-31,0.0444444444444443,68.65622950819672,4430119.1147540985
2007-12-31,HUM,USD,49071,2008-02-25,2008-02-25 15:37:17,2007,Q4,6338795000.0,0.0,6338795000.0,1.0,0,1000376000.0,0.0,1000376000.0,4979432000.0,5979808000.0,5979808000.0,0.0,18947000.0,48234000.0,407221000.0,0.0642426518,358987000.0,0.0566333191,0.0,358987000.0,0.0566333191,115768000.0,243219000.0,0.038369911,1.45,1.43,167869998,170258445,https://www.sec.gov/Archives/edgar/data/49071/000119312508037394/0001193125-08-037394-index.htm,https://www.sec.gov/Archives/edgar/data/49071/000119312508037394/d10k.htm,37.76014222624819,1.4488532965848966,-1.1308274394570494,-1.6263775734363206,33.81050853410983,24.00033983439971,14.088270853497002,24.00033983439971,11.770989596366112,12642289549.38,12558885549.38,12.994759403438875,1.9944310471280424,-66.59725204064647,-46.30536059402242,3.1378722351280253,3.1378722351280253,1.981273341286475,30.84046635458388,-66.15789513559358,-45.999873816496965,0.0192385247189602,-0.0215957717890893,0.485748225896806,0.1519557229036808,-0.2048126201743033,0.0,18.946904523143505,-0.7804982341017765,0.0,0.0,0.157818007996788,0.0,0.1291970991082122,-0.4382190568502676,0.0131236299643702,1.7246755400754654,0.0066466891577973,27.971268446123897,0.90340086024381,0.0216866760854862,-16.204272844513884,0.0,2364998000.0,-8850137000.0,2301180000.0,651669500.0,634481500.0,0.0,8.597641980849673,0.0,0.0,10.467986478207091,0.0,0.0,0.0603680325604495,0.4955501339792713,2008-02-04,1.32,bmo,38769230.0,2025-04-14,2007-12-31,0.0833333333333332,73.81359375,1506810.03125
2007-09-30,HUM,USD,49071,2007-10-29,2007-10-29 16:38:03,2007,Q3,6319584000.0,0.0,6319584000.0,1.0,0,829023000.0,0.0,829023000.0,5012059000.0,5841082000.0,5841082000.0,0.0,15947000.0,42250000.0,520752000.0,0.0824028923,478502000.0,0.0757173257,0.0,478502000.0,0.0757173257,176124000.0,302378000.0,0.0478477697,1.81,1.78,167187998,169875279,https://www.sec.gov/Archives/edgar/data/49071/000119312507228283/0001193125-07-228283-index.htm,https://www.sec.gov/Archives/edgar/data/49071/000119312507228283/d10q.htm,37.79926834221676,1.8086106874729129,-3.813987891642796,-4.061248463541025,36.25242285633446,22.363309835195228,14.404694289119965,22.363309835195228,9.343738896855502,11907129217.56,10867673217.56,9.844573032396536,1.8841634540438104,-18.67336814468057,-17.53647939528006,3.1846806454344447,3.1846806454344447,1.7196817413234795,20.869191510661505,-17.043240159710688,-16.005598324516342,0.0253947021549131,-0.0570239885360997,0.4135503788971929,0.1280773022601935,-1.99606722585799,0.0,30.005769110177464,-2.108794290589924,0.0,0.0,0.1311831601573774,0.0,0.1102161390518256,-0.0648299310126354,0.0065414115865854,0.9784378698224852,0.0016779585491703,30.16698073129045,1.193490582421573,0.028149341258421,-10.463134441026083,0.0,2408292000.0,-8333629000.0,1901383000.0,697675500.0,0.0,0.0,9.93765095930365,0.0,0.0,9.056466197954135,0.0,0.0,0.0808740164493242,0.2472605718982292,2007-10-29,1.49,bmo,35994382.0,2025-04-14,2007-09-30,0.1946308724832215,64.61365079365079,1865976.3174603172
2007-06-30,HUM,USD,49071,2007-08-03,2007-08-03 13:43:03,2007,Q2,6426797000.0,0.0,6426797000.0,1.0,0,826459000.0,0.0,826459000.0,5260748000.0,6087207000.0,6087207000.0,0.0,16066000.0,54264000.0,393854000.0,0.0612830933,339590000.0,0.052839696,0.0,339590000.0,0.052839696,122744000.0,216846000.0,0.0337409132,1.3,1.28,166613998,169595998,https://www.sec.gov/Archives/edgar/data/49071/000119312507170458/0001193125-07-170458-index.htm,https://www.sec.gov/Archives/edgar/data/49071/000119312507170458/d10q.htm,38.572971521876575,1.301487285600097,2.8645012167585104,2.600579814428317,42.27919073162148,20.259390210419173,12.273356527943108,20.259390210419173,8.974528058560843,10148458618.18,7906905618.18,11.70007588124752,1.5790849809290697,21.2637368221914,23.421699907868348,3.00650707486125,3.00650707486125,1.230302687043017,20.075727600024376,16.567083383647695,18.2484037779978,0.0213673827877211,0.0426954492600281,0.438221560196451,0.1109276252318622,-5.691329782101997,0.0,21.137184115523464,2.200944449056012,0.0,0.0,0.1285957841830075,0.0,0.0997816642188412,0.092135203429534,0.0068421330252068,0.8103530886038626,0.0,24.357034351283648,0.7486587075257383,0.0180639066740639,-14.356520332703376,0.0,2044913000.0,-9959467000.0,1899997000.0,767336500.0,0.0,0.0,9.768438306048877,0.0,0.0,9.213345795946688,0.0,0.0,0.0642411875225522,0.2639214023301932,2007-07-18,1.17,bmo,31078124.0,2025-04-14,2007-06-30,0.0940170940170941,62.988888888888894,1451715.7301587302
2007-03-31,HUM,USD,49071,2007-05-03,2007-05-03 11:16:33,2007,Q1,6204813000.0,0.0,6204813000.0,1.0,0,820610000.0,0.0,820610000.0,5271982000.0,6092592000.0,6092592000.0,0.0,17918000.0,40064000.0,152285000.0,0.0245430442,112221000.0,0.0180861212,0.0,112221000.0,0.0180861212,40980000.0,71241000.0,0.0114815708,0.43,0.42,165676743,169621427,https://www.sec.gov/Archives/edgar/data/49071/000119312507100761/0001193125-07-100761-index.htm,https://www.sec.gov/Archives/edgar/data/49071/000119312507100761/d10q.htm,37.45132169818186,0.4300000030782836,9.50333143620526,9.076331250669265,41.33941116889291,19.07043162962227,11.034192047099816,19.07043162962227,9.849445193402914,9612564628.86,7532411628.860001,33.73255789805028,1.5492110122996456,6.1052274551804695,6.392450693744983,3.04240623006545,3.04240623006545,1.2139627139222409,49.46259729362709,4.784060035567276,5.0091283441585865,0.0074112375573644,0.1564345268988152,0.5108062061188273,0.127017953939537,-13.65960534524083,0.0,6.263031588346914,22.100770623657723,0.0,0.0,0.1322537842800419,0.0,0.1047855266652893,0.0449316314391853,0.0114014717284791,1.7657747603833869,0.0015797414039714,13.583314298706332,0.2503443768185204,0.0062631063815533,-12.492875961473963,0.0,1828109000.0,-9546598000.0,1902823000.0,759030500.0,0.0,0.0,12.142315973100237,0.0,0.0,7.412095040137615,0.0,0.0,0.0225479953170205,0.4270001855359988,2007-04-30,0.4,bmo,29523809.0,2025-04-14,2007-03-31,0.0499999999999999,57.909672131147545,2178313.24590164
2006-12-31,HUM,USD,49071,2007-02-23,2007-02-23 15:50:26,2006,Q4,5655219000.0,0.0,5655219000.0,1.0,0,817038000.0,0.0,817038000.0,4597000000.0,5414038000.0,5414038000.0,0.0,15806000.0,39419000.0,280600000.0,0.0496178839,241181000.0,0.0426475084,0.0,241181000.0,0.0426475084,86160000.0,155021000.0,0.0274120242,0.94,0.92,165227468,168668191,https://www.sec.gov/Archives/edgar/data/49071/000119312507038330/0001193125-07-038330-index.htm,https://www.sec.gov/Archives/edgar/data/49071/000119312507038330/d10k.htm,34.226869590472695,0.938227776994077,3.237361235844878,2.8951118466573607,29.853250550326173,18.4829195591135,10.550636774268066,18.4829195591135,9.553562849489408,9138731255.08,8961132255.08,14.737892374387988,1.6159818488161113,17.084902168962106,19.10461596288925,2.992492599618977,2.992492599618977,1.5845774063002689,31.93561031746258,16.752879981678852,18.7333433435629,0.0169630767852843,0.0523433709393845,0.5117103257947415,0.1547464639748968,-0.6329258731290093,0.0,15.25882576236872,3.45050670554312,0.0,0.0,0.144475041550115,0.0,0.1297849004296287,0.1057186283069203,0.0099994359192809,1.4345620132423451,0.0057571598907133,19.752891989071287,0.5279916895148243,0.0176403684403076,-9.691592259950385,0.0,1743255000.0,-7044600000.0,1855635000.0,712972500.0,0.0,0.0,10.836837618490106,0.0,0.0,8.305005866881272,0.0,0.0,0.0507618817467318,0.3422493891875169,2007-02-05,0.88,bmo,24869565.0,2025-04-14,2006-12-31,0.0454545454545455,58.43142857142857,2210750.873015873
2006-09-30,HUM,USD,49071,2006-11-07,2006-11-07 15:14:26,2006,Q3,5649784000.0,0.0,5649784000.0,1.0,0,729722000.0,0.0,729722000.0,4670688000.0,5400410000.0,5400410000.0,0.0,17009000.0,37677000.0,287051000.0,0.0508074291,249374000.0,0.0441386786,0.0,249374000.0,0.0441386786,90176000.0,159198000.0,0.0281777144,0.97,0.95,164121648,167576840,https://www.sec.gov/Archives/edgar/data/49071/000119312506226537/0001193125-06-226537-index.htm,https://www.sec.gov/Archives/edgar/data/49071/000119312506226537/d10q.htm,34.424367954189684,0.9700000087739796,-2.382482778871438,-2.715339538876675,26.955280146833523,17.623896879222173,9.658884244204032,17.623896879222173,7.7283954643204655,10846799716.32,10916953716.32,17.033505000565334,1.9198609568649,-27.739969659426578,-24.339497530147245,3.75002194196434,3.75002194196434,1.932278068740327,38.03140806449028,-27.91938385369433,-24.496918442710133,0.0146769557992734,-0.0410854825068342,0.432637513427138,0.1256771380207117,0.2443955952078202,0.0,14.661296960432711,-2.456167791052652,0.0,0.0,0.1291592740536629,0.0,0.1312854612733644,-0.1397100381824831,0.0096692192126283,1.4499296653130558,0.0,19.61228066463045,0.5660494090540599,0.0184045334912382,-12.685736618974238,0.0,1585232000.0,-7064702000.0,1826161000.0,763728000.0,0.0,0.0,11.86777406003486,0.0,0.0,7.583561967452524,0.0,0.0,0.055038906288516,0.3328567600052371,2006-10-30,0.97,bmo,15315789.0,2025-04-14,2006-09-30,-0.0206185567010309,59.94857142857143,1462776.1904761903
2006-06-30,HUM,USD,49071,2006-08-03,2006-08-02 17:45:53,2006,Q2,5407169000.0,0.0,5407169000.0,1.0,0,733863000.0,0.0,733863000.0,4532984000.0,5266847000.0,5266847000.0,0.0,16887000.0,36596000.0,176918000.0,0.0327191549,140322000.0,0.0259511031,0.0,140322000.0,0.0259511031,50833000.0,89489000.0,0.0165500653,0.55,0.53,162707271,168847168,https://www.sec.gov/Archives/edgar/data/49071/000119312506159490/0001193125-06-159490-index.htm,https://www.sec.gov/Archives/edgar/data/49071/000119312506159490/d10q.htm,33.23249764296028,0.5500000058387065,3.28722248681806,3.0615902838171256,32.30896792559442,16.340972248253124,8.304146407814805,16.340972248253124,8.438780833586717,8737380452.7,7835080452.700001,24.40909064996816,1.6158881759937596,16.33597975656954,17.5399041092618,3.28621817503794,3.28621817503794,1.449017120178785,44.28650817158232,14.6489804763908,15.728576839782956,0.0102420857698083,0.0570128544472462,0.5100671544816355,0.1378691824410873,-5.100102872517211,0.0,8.309468822170901,5.976768094402664,0.0,0.0,0.1357203741921142,0.0,0.1329371937458064,0.068639163885539,0.0067895048222091,1.0031697453273585,0.0,14.220391475583948,0.1565136026164595,0.0104923818289472,-8.199154173017874,0.0,1351145000.0,-7177805000.0,1813371000.0,783582500.0,0.0,0.0,13.023576662760126,0.0,0.0,6.910544033372015,0.0,0.0,0.0336577284070415,0.2256322030009341,2006-07-31,0.35,bmo,5283018867.0,2025-04-14,2006-06-30,0.5142857142857145,48.70063492063492,1960780.9682539685
2006-03-31,HUM,USD,49071,2006-05-03,2006-05-02 18:38:37,2006,Q1,4704365000.0,0.0,4704365000.0,1.0,0,740886000.0,0.0,740886000.0,3832271000.0,4573157000.0,4573157000.0,0.0,13439000.0,34906000.0,166114000.0,0.0353106105,131208000.0,0.027890693,0.0,131208000.0,0.027890693,47493000.0,83715000.0,0.0177951753,0.51,0.5,164147057,167429998,https://www.sec.gov/Archives/edgar/data/49071/000119312506097012/0001193125-06-097012-index.htm,https://www.sec.gov/Archives/edgar/data/49071/000119312506097012/d10q.htm,28.659453821337777,0.5100000056656514,6.1406705573770966,5.864936098123282,27.209832948756432,15.643040130777369,7.935463625156557,15.643040130777369,7.252533318340274,8642342551.05,7975980551.049999,25.80882324269844,1.8370901388497705,8.57398219104083,8.977079906607583,3.365714053012763,3.365714053012763,1.6954425413525522,48.01510138248431,7.912891070544547,8.284908208321907,0.0096866097942194,0.1113947976851525,0.4583930968599467,0.1353230965208174,-4.011474047942979,0.0,9.763226430537989,12.040530370901273,0.0,0.0,0.1574890553772932,0.0,0.1454556324312889,0.0449029884729055,0.0096210646920466,1.2966538703947743,0.0,13.39790608620618,0.1453844791236119,0.0112628490521259,-6.550907884994856,0.0,1302583000.0,-6130261000.0,1763443000.0,761682500.0,0.0,0.0,15.012476710459328,0.0,0.0,5.995013463521058,0.0,0.0,0.0326023587104553,0.2757344592538141,2006-05-01,0.43,bmo,5512820512.0,2025-04-14,2006-03-31,-0.0930232558139534,53.38129032258065,1802201.6290322584
2005-12-31,HUM,USD,49071,2006-03-03,2006-03-03 16:59:00,2005,Q4,3663080000.0,0.0,3663080000.0,1.0,0,604977000.0,0.0,604977000.0,2958887000.0,3563864000.0,3563864000.0,0.0,10329000.0,33727000.0,132943000.0,0.0362926827,99216000.0,0.0270854035,0.0,99216000.0,0.0270854035,34609000.0,64607000.0,0.0176373434,0.46,0.45,159925971,163474993,https://www.sec.gov/Archives/edgar/data/49071/000119312506045135/0001193125-06-045135-index.htm,https://www.sec.gov/Archives/edgar/data/49071/000119312506045135/d10k.htm,22.904847643538773,0.4039806642787243,-1.541319389581821,-1.876024251245597,19.302180757120432,15.470314074253768,7.563061786881382,15.470314074253768,6.911810465105758,8688778004.43,9051811004.43,33.62165866094231,2.3719869630010813,-35.24902130423494,-28.960179999766687,3.511887330743845,3.511887330743845,2.471092906633216,68.0879098894263,-36.721789735493736,-30.17018916566953,0.0074356831267941,-0.0345301721193741,0.442604093197338,0.1594047351132101,2.73074174646277,0.0,9.605576532094103,-3.815329608246784,0.0,0.0,0.1651552791639822,0.0,0.1840823953136231,-0.2171547726747181,0.0146128394684254,1.5870963916150265,0.0030900226039289,11.858263975689889,0.1111501069230756,0.0115265924108645,-4.718433130538879,0.0,1209530000.0,-4395509000.0,1748987000.0,724896000.0,0.0,0.0,18.148301429398213,0.0,0.0,4.9591417880138415,0.0,0.0,0.026113281368414,0.3347048616637756,2006-02-06,0.45,bmo,4891304.35,2025-04-14,2005-12-31,0.0222222222222222,46.65428571428571,1604050.7936507936
2005-09-30,HUM,USD,49071,2005-11-07,2005-11-07 15:56:12,2005,Q3,3821461000.0,0.0,3821461000.0,1.0,0,611300000.0,0.0,616126000.0,3138657000.0,3754783000.0,3754783000.0,0.0,10141000.0,34119000.0,100797000.0,0.0263765612,66678000.0,0.0174483005,0.0,66678000.0,0.0174483005,19871000.0,46807000.0,0.0122484568,0.29,0.28,161403447,167167855,https://www.sec.gov/Archives/edgar/data/49071/000119312505218181/0001193125-05-218181-index.htm,https://www.sec.gov/Archives/edgar/data/49071/000119312505218181/d10q.htm,23.67645221356394,0.2900000022923922,3.661873466680052,3.382505207587047,19.871694561764844,14.658732784065014,7.097178042300422,14.658732784065014,5.502670584228601,7727997042.360001,7627070042.360001,41.27586174268806,2.0222624389886485,13.07527429215331,14.1551888501469,3.266312354915743,3.266312354915743,1.995851859370016,75.66762941714536,12.904512295060057,13.970323258552098,0.0060568087362655,0.0706454721718263,0.3710989572986978,0.1285062791066299,-1.001289720924234,0.0,6.575091213884233,11.834034118212395,0.0,0.0,0.1599649976802066,0.0,0.1786278977832308,0.0762910738546864,0.0117994138890858,1.3215803511240072,0.0,9.779991419837977,0.0834648421270366,0.0083405797617944,-4.496409546941089,0.0,1145509000.0,-4466451000.0,1677539000.0,659647000.0,0.0,0.0,16.74820180030622,0.0,0.0,5.373711224231515,0.0,0.0,0.0197834292066256,0.2793682590930044,2005-10-31,0.51,bmo,3400000000.0,2025-04-14,2005-09-30,0.176470588235294,44.71890625,1561674.9375
2005-06-30,HUM,USD,49071,2005-08-05,2005-08-05 14:59:22,2005,Q2,3546361000.0,0.0,3546361000.0,1.0,0,486460000.0,0.0,490919000.0,2930594000.0,3421513000.0,3421513000.0,0.0,10322000.0,31763000.0,156611000.0,0.0441610428,124848000.0,0.0352045378,0.0,124848000.0,0.0352045378,43436000.0,81412000.0,0.0229564898,0.5,0.49,162823998,166146937,https://www.sec.gov/Archives/edgar/data/49071/000119312505158977/0001193125-05-158977-index.htm,https://www.sec.gov/Archives/edgar/data/49071/000119312505158977/d10q.htm,21.780333633620764,0.5000000061416008,1.1168931007332223,0.9262946608152932,17.328453020788743,14.225102125302191,6.722135639981031,14.225102125302191,6.578901225604349,6470625680.52,6927716680.52,19.86999975593279,1.8245817841218084,35.58084473250961,42.90211493286833,2.793653054294384,2.793653054294384,1.953471933770984,44.23518578209705,38.0943086079722,45.93276012624069,0.0125817817348163,0.0233088742026998,0.4580288819387718,0.1689864153769719,2.9186391760476598,0.0,12.09533036233288,2.161439081498033,0.0,0.0,0.1371715964618379,0.0,0.1945971802385731,0.1706505661041367,0.0087509421629664,0.9770487674338066,0.0,12.65039133289401,0.4461102617634649,0.0161012799224088,-4.201564317318876,0.0,1094525000.0,-3961719000.0,1659056000.0,598241500.0,0.0,0.0,15.4338094739932,0.0,0.0,5.831353571628239,0.0,0.0,0.0351491329719349,0.190598439917929,2005-08-01,0.51,bmo,3000000000.0,2025-04-14,2005-06-30,0.0,35.78609375,1086100.0
2005-03-31,HUM,USD,49071,2005-05-05,2005-05-05 16:19:21,2005,Q1,3387225000.0,0.0,3387225000.0,1.0,0,479040000.0,0.0,479040000.0,2791505000.0,3270545000.0,3270545000.0,0.0,8523000.0,29249000.0,145929000.0,0.043082169,116680000.0,0.0344470769,0.0,116680000.0,0.0344470769,9945000.0,106735000.0,0.0315110452,0.66,0.65,161719695,164207691,https://www.sec.gov/Archives/edgar/data/49071/000119312505097472/0001193125-05-097472-index.htm,https://www.sec.gov/Archives/edgar/data/49071/000119312505097472/d10q.htm,20.945037028421307,0.6600000080386004,0.6135801826734832,0.3897793648448323,16.677653269133362,13.602579450820755,5.907969341643886,13.602579450820755,6.71863127122519,5165327058.3,5683075058.3,12.098484701128966,1.5249435919668757,52.05513623473214,81.94379405568336,2.3480840612236085,2.3480840612236085,1.6777967387167962,38.94411020633322,57.272897350546216,90.1574531339732,0.0206637447726549,0.0122034866889427,0.49004889069713,0.1752981050941094,3.547944548376265,0.0,13.690015252845242,0.9037570016849584,0.0,0.0,0.1414255031773797,0.0,0.2023499766569917,0.3647458378683436,0.0106851478717829,1.2374098259769564,0.0,14.212610854623668,0.5537742358916888,0.0217594592539421,-5.017547491664512,0.0,955435000.0,-3949788000.0,1673260000.0,583972000.0,0.0,0.0,15.63215021145628,0.0,0.0,5.757365351699474,0.0,0.0,0.0485202097458638,0.223800817828651,2005-05-02,0.49,bmo,2773584905.0,2025-04-14,2005-03-31,0.0816326530612245,32.79295081967213,1483055.737704918
2004-12-31,HUM,USD,49071,2005-03-02,2005-03-01 18:59:46,2004,Q4,3209625000.0,0.0,3209625000.0,1.0,0,461169000.0,0.0,461169000.0,2685205000.0,3146374000.0,3146374000.0,0.0,6648000.0,33077000.0,96328000.0,0.0300122288,63251000.0,0.0197066636,0.0,63251000.0,0.0197066636,16125000.0,47126000.0,0.0146827122,0.3,0.29,158194324,162618668,https://www.sec.gov/Archives/edgar/data/49071/000119312505040063/0001193125-05-040063-index.htm,https://www.sec.gov/Archives/edgar/data/49071/000119312505040063/d10k.htm,20.289128704769457,0.2978994366447686,0.1231712965883655,-0.1372425979076215,17.230226288017768,13.212383018242804,7.6143819167620705,13.212383018242804,5.2808721506341785,4696789479.56,4945466479.56,24.91612633981242,1.4633452442450443,241.0464192743136,-216.3322499912487,2.2471343707646056,2.2471343707646056,1.5408237658791917,51.3398646246159,253.80890323633565,-227.7862134199254,0.0100336623996217,-0.0046225192963159,0.3965104462701734,0.1464849953611211,2.5815650693464,0.0,9.514290012033694,0.4134660272461062,0.0,0.0,0.143683140553803,0.0,0.1565273860001481,2.1142417244033878,0.0128351442925575,1.245457568703329,0.0012524827666783,9.410586209267857,0.2453712381547432,0.0098754307639596,-2.573150159293958,0.0,1204552000.0,-3567493000.0,1285078000.0,502242500.0,0.0,0.0,16.2527865404837,0.0,0.0,5.537511969151937,0.0,0.0,0.0225469876428384,0.2604138944959871,2005-02-07,0.27,bmo,1862068.97,2025-04-14,2004-12-31,0.0740740740740739,23.69203125,1277229.6875
2004-09-30,HUM,USD,49071,2004-11-05,2004-11-05 17:13:58,2004,Q3,3176273000.0,0.0,3176273000.0,1.0,0,460171000.0,0.0,460171000.0,2588629000.0,3048800000.0,3048800000.0,0.0,6480000.0,31238000.0,158711000.0,0.0499676822,127473000.0,0.0401328853,0.0,127473000.0,0.0401328853,43170000.0,84303000.0,0.0265414843,0.53,0.52,159062263,162121152,https://www.sec.gov/Archives/edgar/data/49071/000119312504188013/0001193125-04-188013-index.htm,https://www.sec.gov/Archives/edgar/data/49071/000119312504188013/d10q.htm,19.968740165604206,0.5300000038349763,1.9078629605565207,1.7516096825555665,17.02234049065428,12.711971789311209,7.306956270325413,12.711971789311209,4.737126115199304,3178064014.74,3549992014.74,9.424528233692753,1.000563873048696,10.472450282368216,11.406650807530106,1.5717467227861592,1.5717467227861592,1.1176596012811242,22.36764946815281,11.69803839845256,12.74156816660984,0.0265265267184672,0.0876681522800583,0.3694460174233863,0.1380398809226829,2.3434292519107056,0.0,19.67175925925926,3.59974140896528,0.0,0.0,0.1448776600751887,0.0,0.1588684328693309,0.0818996339000029,0.0078248941448043,0.7956335232729368,0.0,12.312199831241111,0.7260865071572528,0.0185204957252789,-2.2843287474163496,0.0,1162261000.0,-3389615000.0,1250469000.0,484278000.0,0.0,0.0,12.038732187063266,0.0,0.0,7.475870266199073,0.0,0.0,0.0416929814366504,0.1562532780009548,2004-11-01,0.44,bmo,2538461.54,2025-04-14,2004-09-30,0.1818181818181818,18.34515625,1134479.6875
2004-06-30,HUM,USD,49071,2004-08-06,2004-08-06 11:27:34,2004,Q2,3431478000.0,0.0,3431478000.0,1.0,0,486895000.0,0.0,486895000.0,2822230000.0,3309125000.0,3309125000.0,0.0,5325000.0,27165000.0,149518000.0,0.0435724781,122353000.0,0.0356560642,0.0,122353000.0,0.0356560642,41600000.0,80753000.0,0.0235330082,0.5,0.5,161505998,161505998,https://www.sec.gov/Archives/edgar/data/49071/000119312504133892/0001193125-04-133892-index.htm,https://www.sec.gov/Archives/edgar/data/49071/000119312504133892/d10q.htm,21.246752705741617,0.5000000061917205,0.4019045781816722,0.2451673652392773,15.639778282414008,11.847132760976468,6.810793491397143,11.847132760976468,4.959964397111741,2729451366.2,3321554366.2,8.449999895359925,0.7954156681756374,42.04978225543059,68.93250242953833,1.426505496390425,1.426505496390425,0.967966096883034,22.215080232480368,51.171689511631484,83.88610885442974,0.029585799182942,0.0145069446887146,0.4158806679060073,0.1489336614192755,3.960078385211145,0.0,22.97708920187793,0.8038091464094214,0.0,0.0,0.1418907537801495,0.0,0.1522389769318549,0.3899861346479741,0.0073769961515125,0.9318608503589176,0.0,11.544706371816188,0.4693250107519383,0.0178281977520747,-3.0701243677649668,0.0,1099984000.0,-3429526000.0,1206355000.0,536122000.0,0.0,0.0,14.259668865719084,0.0,0.0,6.311507009560666,0.0,0.0,0.0422043051495701,0.1567372129423948,2004-07-26,0.39,bmo,2543478.26,2025-04-14,2004-06-30,0.1794871794871795,17.01822580645161,1431653.2258064516
2004-03-31,HUM,USD,49071,2004-05-07,2004-05-07 12:47:43,2004,Q1,3286949000.0,0.0,3286949000.0,1.0,0,469629000.0,0.0,469629000.0,2714547000.0,3184176000.0,3184176000.0,0.0,4719000.0,26312000.0,129085000.0,0.0392719814,102773000.0,0.0312669895,0.0,102773000.0,0.0312669895,34943000.0,67830000.0,0.0206361583,0.42,0.41,161499998,165439023,https://www.sec.gov/Archives/edgar/data/49071/000119312504081732/0001193125-04-081732-index.htm,https://www.sec.gov/Archives/edgar/data/49071/000119312504081732/d10q.htm,20.352625639041804,0.4200000052012385,-0.2480185789228307,-0.3887739986225882,15.686879451230704,11.820099217586368,7.00973383293788,11.820099217586368,5.337789539786868,3071729961.96,3511416961.96,11.32142843122512,0.9345231586982335,-76.68780331943577,-48.92302486119738,1.6091235487855602,1.6091235487855602,1.068290673801145,27.202362489522407,-87.66488483235551,-55.92585984296112,0.0220820192009063,-0.0204402733240056,0.4491138041620873,0.162504821593917,3.406181973118488,0.0,21.778554778554778,-0.5905204186937933,0.0,0.0,0.1428768745727421,0.0,0.1472538949475382,-0.5675196604668581,0.0069158359317409,0.8639404074186683,0.0,10.568819186147152,0.3223292481835418,0.0150771160142177,-2.705569692948232,0.0,1132072000.0,-3366799000.0,1174086000.0,497272500.0,0.0,0.0,14.472454546754454,0.0,0.0,6.218710151014648,0.0,0.0,0.0355326971009132,0.1407554196997575,2004-04-26,0.41,bmo,2000000.0,2025-04-14,2004-03-31,0.0,21.59064516129032,1364872.5806451612
2003-12-31,HUM,USD,49071,2004-03-05,2004-03-05 14:59:16,2003,Q4,3152872000.0,0.0,3152872000.0,1.0,0,486832000.0,0.0,486832000.0,2566328000.0,3053160000.0,3053160000.0,0.0,4894000.0,26547000.0,126259000.0,0.0400457107,99712000.0,0.0316257685,0.0,99712000.0,0.0316257685,33403000.0,66309000.0,0.021031301,0.38,0.37,161055517,165474284,https://www.sec.gov/Archives/edgar/data/49071/000119312504035443/0001193125-04-035443-index.htm,https://www.sec.gov/Archives/edgar/data/49071/000119312504035443/d10k.htm,19.57630547980545,0.4117151727251914,1.801987323414696,1.561256669027985,16.19345955096962,11.604520197839603,6.780879167274971,11.399479100116762,5.380666345009467,3680118563.45,3610406563.45,13.874883362175572,1.1672273925011862,12.68044436444766,14.635646049298268,2.004477555449525,2.004477555449525,1.1451167581335369,28.595241237852356,12.440240381262493,14.358404938774862,0.018018169484691,0.0683263312484894,0.4693441920227632,0.1603013999388702,-0.5521348973142509,0.0,20.374335921536577,4.376781432384744,0.0,0.0,0.154409059422647,0.0,0.1445226249937447,0.1335917579767073,0.012297042188836,1.4604663427129243,0.0020099135010872,10.27619172652691,0.3027061820373058,0.0144194669000723,-3.4083945724131883,0.0,1092098000.0,-3506477000.0,1193346000.0,469311500.0,0.0,0.0,13.301786434717298,0.0,0.0,6.766008493799183,0.0,0.0,0.0361170163223488,0.2407306543867106,2004-02-02,0.4,bmo,1951219.51,2025-04-14,2003-12-31,0.0249999999999998,20.850625,1070800.0
2003-09-30,HUM,USD,49071,2003-11-05,2003-11-05 11:50:09,2003,Q3,3111765000.0,0.0,3111765000.0,1.0,0,458381000.0,0.0,458381000.0,2559972000.0,3018353000.0,3018353000.0,0.0,4737000.0,27112000.0,120524000.0,0.0387317166,93412000.0,0.0300189764,0.0,93412000.0,0.0300189764,31293000.0,62119000.0,0.0199626257,0.39,0.38,159279486,163471051,https://www.sec.gov/Archives/edgar/data/49071/000119312503073141/0001193125-03-073141-index.htm,https://www.sec.gov/Archives/edgar/data/49071/000119312503073141/d10q.htm,19.5365082983756,0.3900000028880053,0.4373067853822682,0.3116157720398469,14.554535918077988,11.044259648100573,6.166833059719944,11.044259648100573,7.230585864648006,2874994722.3,3386104722.3,11.570512734831532,0.923911260104796,41.27537144026186,57.923897374783415,1.634333180776341,1.634333180776341,1.088162095241768,28.094858470512097,48.61321277026445,68.22147564774147,0.0216066483594462,0.0172640316919582,0.6519989494771261,0.2414765573747022,4.240732136337991,0.0,19.719653789318137,1.1212994413947424,0.0,0.0,0.147305789479604,0.0,0.1635619248613182,0.2874206793579694,0.0064336477850994,0.4926302320431113,0.0,9.844459311193267,0.2839712732741793,0.0156358785254917,-1.9957623419251869,0.0,982250000.0,-2990600000.0,1190276000.0,456072500.0,0.0,0.0,13.669811184327866,0.0,0.0,6.58385099738488,0.0,0.0,0.0353124623392097,0.1256910133424212,2003-10-27,0.38,bmo,2000000.0,2025-04-14,2003-09-30,0.0,17.0471875,1203854.6875
2003-06-30,HUM,USD,49071,2003-07-28,2003-07-28 16:24:51,2003,Q2,3029958000.0,0.0,3029958000.0,1.0,0,448537000.0,0.0,448537000.0,2477231000.0,2925768000.0,2925768000.0,0.0,3801000.0,28453000.0,132643000.0,0.0437771745,104190000.0,0.0343866153,0.0,104190000.0,0.0343866153,34914000.0,69276000.0,0.0228636833,0.44,0.43,157445453,161106975,https://www.sec.gov/Archives/edgar/data/49071/000004907103000062/0000049071-03-000062-index.htm,https://www.sec.gov/Archives/edgar/data/49071/000004907103000062/q203.htm,19.24449351992401,0.4400000043189561,1.0257266686513964,0.8933443127125431,13.68195752213943,10.837150057296352,5.902907847075139,10.837150057296352,6.02141873223865,2377426340.3,2566728340.3,8.579545370330273,0.7846400314129766,14.72127074540546,16.902777333579802,1.3933552567017922,1.3933552567017922,0.8471168050184193,19.35065054544906,15.89344838448011,18.24865690955756,0.0291390731337057,0.0591618750140757,0.5533998335540891,0.2101189758278751,1.4271540903025417,0.0,27.411207576953437,2.331196951325134,0.0,0.0,0.1480340651586589,0.0,0.1728747751929635,0.1290620201119532,0.006878973239893,0.7325413840368327,0.0,10.357981783163664,0.2010704251515081,0.0186377112602166,-1.929558740575379,0.0,929386000.0,-2787594000.0,1194320000.0,484103500.0,0.0,0.0,13.05490373133885,0.0,0.0,6.89396121581128,0.0,0.0,0.0406010807262668,0.1323823559388533,2003-07-28,0.29,bmo,2374864864.0,2025-04-14,2003-06-30,0.2758620689655173,12.242380952380952,1047131.746031746
2003-03-31,HUM,USD,49071,2003-05-14,2003-05-14 15:07:31,2003,Q1,2931716000.0,0.0,2931716000.0,1.0,0,464278000.0,0.0,464278000.0,2420036000.0,2884314000.0,2884314000.0,0.0,3935000.0,44667000.0,92069000.0,0.0314044744,47402000.0,0.0161686876,0.0,47402000.0,0.0161686876,16172000.0,31230000.0,0.0106524643,0.2,0.19,156149998,164368419,https://www.sec.gov/Archives/edgar/data/49071/000004907103000044/0000049071-03-000044-index.htm,https://www.sec.gov/Archives/edgar/data/49071/000004907103000044/q303.htm,18.77499863944923,0.2000000025616395,-0.6931156028577087,-0.8316618742447887,12.4496191155891,10.379628695224191,5.404450917764341,10.379628695224191,6.122145451452392,1499039980.8,1918425980.8,11.999999846301632,0.5113182793967764,-13.85050337983923,-11.543152688966918,0.9248885756787322,0.9248885756787322,0.65436965272216,20.836828691524836,-17.725454872031783,-14.7725773178094,0.0208333336001707,-0.0866314452338321,0.587395320398401,0.2149464450247867,4.555127132911186,0.0,12.04625158831004,-3.4655779699007363,0.0,0.0,0.158363907008728,0.0,0.175398780859783,-0.1998891250115494,0.007379295948175,0.6947334617854849,0.0,6.834349254081062,0.0893360299102634,0.0085507457876693,-2.9963272878171923,0.0,843905000.0,-2808408000.0,1200339000.0,424916500.0,0.0,0.0,16.230364742014572,0.0,0.0,5.545161888261352,0.0,0.0,0.0192685122401018,0.13854627138708,2003-04-28,0.31,bmo,2000000.0,2025-04-14,2003-03-31,0.0,9.634426229508197,1011465.5737704918
2002-12-31,HUM,USD,49071,2003-03-21,2003-03-21 15:23:40,2002,Q4,2855032000.0,0.0,2855032000.0,1.0,0,460676000.0,0.0,460676000.0,2396863000.0,2857539000.0,2857539000.0,0.0,4364000.0,30174000.0,27667000.0,0.0096906094,-2507000.0,-0.0008780987,0.0,-2507000.0,-0.0008780987,-802000.0,-1705000.0,-0.0005971912,-0.0095,-0.0093,179310961,184045669,https://www.sec.gov/Archives/edgar/data/49071/000093066103001145/0000930661-03-001145-index.htm,https://www.sec.gov/Archives/edgar/data/49071/000093066103001145/d10k.htm,15.922239131828643,-0.00950862117124,2.357413052958876,2.198164561730278,13.473320239469354,8.959151136332373,4.626599486018035,8.959151136332373,3.927027082298667,1793109610.0,1771547610.0,-262.9192976539589,0.6280523685899142,4.241937995315938,4.5492499397445165,1.116177174358253,1.116177174358253,0.6205000889657278,64.03106986662812,4.1909290293581885,4.494545572173384,-0.000950862117124,0.2198164561730278,0.4356092909066689,0.1434024660564265,-0.7793400079517114,0.0,-0.5744729605866178,-247.9237536656892,0.0,0.0,0.1613558096721858,0.0,0.1591975470175127,0.0675522225639327,0.0100016392110491,0.9463445350301584,0.0,,-0.0047376640120928,-0.0004155432173476,-3.4392640949595936,0.0,829600000.0,-3273463000.0,1236716000.0,439207500.0,0.0,0.0,10.123231543464312,0.0,0.0,8.890441714543728,0.0,0.0,-0.0010613305910957,0.1592484912285981,2003-02-03,0.33,bmo,1941176.47,2025-04-14,2002-12-31,0.0303030303030303,11.54,1587582.875
2002-09-30,HUM,USD,49071,2002-11-12,2002-11-12 15:49:19,2002,Q3,2841627000.0,0.0,2841627000.0,1.0,0,429019000.0,0.0,429019000.0,2335651000.0,2764670000.0,2764670000.0,0.0,4107000.0,30523000.0,107480000.0,0.0378234019,76957000.0,0.0270820203,0.0,76957000.0,0.0270820203,24626000.0,52331000.0,0.0184158582,0.32,0.31,163534373,168809676,https://www.sec.gov/Archives/edgar/data/49071/000004907102000085/0000049071-02-000085-index.htm,https://www.sec.gov/Archives/edgar/data/49071/000004907102000085/q902.htm,17.376328583838458,0.3200000039135503,0.5051720839141262,0.3409803026547819,10.98399050332984,10.196290659945843,5.445766438349937,10.196290659945843,4.512873877591471,2027826225.2,2385993225.2,9.68749988152338,0.7136144980322893,24.546091113989323,36.3657369750009,1.216128532772315,1.216128532772315,0.8396574304790881,22.199415939709716,28.88157100214252,42.788874595602735,0.0258064519285121,0.0274984115044178,0.4401365203269195,0.1675833974603421,3.332406029028657,0.0,18.73800827854882,1.578662742924844,0.0,0.0,0.1509765356255412,0.0,0.1773956290117438,0.325021485722586,0.0094491641584205,0.8796972774628968,0.0,8.568155790451248,0.141664094942637,0.0145264786023757,-3.0431889692083267,0.0,890570000.0,-2711886000.0,1239327000.0,537370500.0,0.0,0.0,17.650170131407112,0.0,0.0,5.099100990525409,0.0,0.0,0.0313839625198807,0.1641917812593441,2002-10-28,0.31,bmo,3000000000.0,2025-04-14,2002-09-30,0.0,13.0109375,1147235.9375
2002-06-30,HUM,USD,49071,2002-08-09,2002-08-09 10:17:44,2002,Q2,2831940000.0,0.0,2831940000.0,1.0,0,414433000.0,0.0,414433000.0,2350802000.0,2765235000.0,2765235000.0,0.0,4377000.0,30237000.0,96942000.0,0.0342316575,66705000.0,0.0235545245,0.0,66705000.0,0.0235545245,21346000.0,45359000.0,0.0160169354,0.28,0.27,161996427,167996295,https://www.sec.gov/Archives/edgar/data/49071/000004907102000062/0000049071-02-000062-index.htm,https://www.sec.gov/Archives/edgar/data/49071/000004907102000062/q602.htm,17.481496675232226,0.2800000027161093,-0.2702405282062178,-0.4206450800300675,11.040218806801214,10.00724540671505,5.211621118038609,10.00724540671505,4.677084637181535,2436426262.08,2739020262.08,13.428571298309045,0.8603382353015954,-55.65412449358124,-35.754608134071,1.5029110797970315,1.5029110797970315,0.9671886629236496,28.25421656330589,-62.56613509251222,-40.19518163391691,0.0186170214571881,-0.0279684228743396,0.4646698800472261,0.1727143143086225,3.12139217263931,0.0,15.23989033584647,-0.9651447342313544,0.0,0.0,0.1463424366335445,0.0,0.1781207074717133,-0.5565580885376217,0.0086036427325437,0.8058008400304263,0.0,7.940128882699083,0.113887500972936,0.0126537502207341,-3.480282006466723,0.0,844264000.0,-2740365000.0,1239660000.0,444769500.0,0.0,0.0,16.445083582279285,0.0,0.0,5.47276026599106,0.0,0.0,0.027979727820827,0.1504045518238498,2002-07-29,0.27,bmo,2832000000.0,2025-04-14,2002-06-30,0.0,15.4653125,1273475.0
2002-03-31,HUM,USD,49071,2002-05-10,2002-05-10 15:42:42,2002,Q1,2732582000.0,0.0,2732582000.0,1.0,0,435064000.0,0.0,435064000.0,2228739000.0,2663803000.0,2663803000.0,0.0,4404000.0,29796000.0,98575000.0,0.0360739403,68779000.0,0.0251699675,0.0,68779000.0,0.0251699675,22009000.0,46770000.0,0.0171156803,0.28,0.28,167035713,167035713,https://www.sec.gov/Archives/edgar/data/49071/000004907102000043/0000049071-02-000043-index.htm,https://www.sec.gov/Archives/edgar/data/49071/000004907102000043/q102.htm,16.35926803269909,0.2800000021552277,-0.8389642998081495,-1.0327252591785567,11.344454224588487,9.277369325205322,4.626423811535441,9.277369325205322,4.609409485982198,2266674625.41,2546324625.41,12.116071335311096,0.8294992155441263,-16.174704934528354,-13.13999040828512,1.4626991256165902,1.4626991256165902,0.9318383219277592,25.83134289028658,-18.170252149039868,-14.761131032741648,0.0206337510799725,-0.0761035563138214,0.4940025244377447,0.1778690849964927,2.836926198326148,0.0,15.61739327883742,-2.996301047680137,0.0,0.0,0.1592135203993878,0.0,0.1805043649874405,-0.2309525678443237,0.0118441093442026,1.086219626795543,0.0,7.645091706361508,0.109678024529231,0.0132604373137421,-3.4739127913322343,0.0,772778000.0,-2754255000.0,1244828000.0,347071000.0,0.0,0.0,12.254717333276732,0.0,0.0,7.34411064346723,0.0,0.0,0.0301809696628662,0.1937609593704072,2002-04-29,0.28,bmo,1000000.0,2025-04-14,2002-03-31,0.0,12.803666666666668,914641.6666666666
2001-12-31,HUM,USD,49071,2002-03-28,2002-03-28 00:00:00,2001,Q4,2622886000.0,0.0,2622886000.0,1.0,0,412129000.0,0.0,412129000.0,2155677000.0,2567806000.0,2567806000.0,0.0,5302000.0,52023000.0,107103000.0,0.0408340279,55080000.0,0.020999769,0.0,55080000.0,0.020999769,19909000.0,35171000.0,0.0134092751,0.21,0.21,168118308,168118308,https://www.sec.gov/Archives/edgar/data/49071/000095013102001193/0000950131-02-001193-index.htm,https://www.sec.gov/Archives/edgar/data/49071/000095013102001193/d10k405.htm,15.601429916841656,0.2092038661250385,0.5291392773236809,0.33302143392973,12.14035535023348,8.96957040514588,4.348574576422694,8.96957040514588,4.38112903206235,1982114851.32,2061940851.32,14.089127770890787,0.7556999623010683,22.281468235796662,35.40312664225624,1.3144442227953332,1.3144442227953332,0.7861343769115394,19.251943001783328,23.178813050203463,36.82892191615911,0.0177441786365596,0.0282460927845402,0.4849275406529,0.1561926422770566,0.7453199256790193,0.0,10.38853262919653,2.529299707145092,0.0,0.0,0.1571280642772884,0.0,0.1659386892733035,0.3706355808359001,0.0125705043985899,0.6337773677027468,0.0,6.497734077379441,0.0845950879961131,0.0090070756160528,-5.3009098806776,0.0,731075000.0,-3173744000.0,1238635000.0,302032000.0,0.0,0.0,11.05109410016295,0.0,0.0,8.143990014407075,0.0,0.0,0.0233237330970742,0.1961178433939508,2002-02-04,0.2,bmo,2499047619.0,2025-04-14,2001-12-31,0.0499999999999999,11.8746875,713487.5
2001-09-30,HUM,USD,49071,2001-11-14,2001-11-14 00:00:00,2001,Q3,2611000000.0,0.0,2611000000.0,1.0,0,399000000.0,0.0,399000000.0,2165000000.0,2564000000.0,2564000000.0,0.0,6000000.0,41295000.0,88295000.0,0.0338165454,47000000.0,0.018000766,0.0,47000000.0,0.018000766,17000000.0,30000000.0,0.0114898506,0.18,0.18,166666665,166666665,https://www.sec.gov/Archives/edgar/data/49071/000004907101500045/0000049071-01-500045-index.htm,https://www.sec.gov/Archives/edgar/data/49071/000004907101500045/livq901.htm,15.66600015666,0.1800000018,0.52200000522,0.34800000348,11.90400011904,8.78400008784,4.0260000402600005,8.78400008784,4.4160000441600005,1916666647.5,2054666647.5,15.972222062499998,0.7340737830333206,22.03065112068965,33.04597668103448,1.3091985297131148,1.3091985297131148,0.7869270959402528,23.270475649810297,23.61685801724138,35.42528702586207,0.0156521740695652,0.030260869867826,0.4986338797814207,0.1748921897460469,1.5629424089699304,0.0,7.833333333333333,2.9,0.0,0.0,0.1528150134048257,0.0,0.1899856252994729,0.3333333333333333,0.011106855610877,0.7073170731707317,0.0,5.964495008926071,0.0728155339805825,0.0088731144631765,-3.0870000308700005,0.0,671000000.0,-2710000000.0,1246000000.0,275500000.0,0.0,0.0,9.72041363462275,0.0,0.0,9.25886524822695,0.0,0.0,0.0204918032786885,0.17400000174,2001-10-29,0.18,bmo,2610000000.0,2025-04-14,2001-09-30,0.0,10.703389830508474,844945.7627118644
2001-06-30,HUM,USD,49071,2001-08-14,2001-08-14 00:00:00,2001,Q2,2470311000.0,0.0,2470311000.0,1.0,0,365088000.0,0.0,365088000.0,2105223000.0,2470311000.0,2470311000.0,0.0,6845000.0,38929000.0,38929000.0,0.0157587445,0.0,0.0,0.0,0.0,0.0,14109000.0,25082000.0,0.0101533774,0.15,0.15,164099423,166474624,https://www.sec.gov/Archives/edgar/data/49071/000004907101500033/0000049071-01-500033-index.htm,https://www.sec.gov/Archives/edgar/data/49071/000004907101500033/qliv601.htm,15.053745801409674,0.1528463631465663,0.2559423990174542,0.1035957329356362,12.084137553609802,8.653290633447261,3.7355402523261767,8.653290633447261,4.593830899697923,1616379316.55,1760379316.55,16.110949251953592,0.6543221952822944,38.485221822619046,95.08113626764704,1.1382952933450703,1.1382952933450703,0.7126144507918234,45.22025524801562,41.91379325119048,103.55172450294116,0.015517397273763,0.0105173332929579,0.526056338028169,0.1795673076923077,3.699041845410876,0.0,0.0,1.68,0.0,0.0,0.1477902984684924,0.0,0.1939903846153846,0.5952380952380952,0.0101201832481821,0.6410256410256411,0.0,5.455184695121227,,0.0074804652549955,-3.383619453677177,0.0,613000000.0,-2740000000.0,1256000000.0,259000000.0,0.0,0.0,9.800385457539557,0.0,0.0,9.183312267657993,0.0,0.0,0.0176633802816901,0.1523466660818179,2001-07-30,0.15,bmo,2497000000.0,2025-04-14,2001-06-30,0.0,9.603492063492062,875069.8412698413
2001-03-31,HUM,USD,49071,2001-05-15,2001-05-15 00:00:00,2001,Q1,2443155000.0,0.0,2443155000.0,1.0,0,368773000.0,0.0,368773000.0,2074382000.0,2443155000.0,2443155000.0,0.0,7678000.0,38776000.0,38776000.0,0.0158712812,0.0,0.0,0.0,0.0,0.0,14991000.0,26651000.0,0.010908436,0.16,0.16,164054722,167373334,https://www.sec.gov/Archives/edgar/data/49071/000004907101500009/0000049071-01-500009-index.htm,https://www.sec.gov/Archives/edgar/data/49071/000004907101500009/marq01.htm,14.89231745490386,0.1624518921192649,-0.4205913682874669,-0.5912661264331056,11.995997286807752,8.503260271898787,3.7121759896676414,8.503260271898787,4.423389897914673,1719293486.5600002,1867293486.56,16.127851549285204,0.7037185469444224,-24.917296906666667,-17.72467511917526,1.2324684491469535,1.2324684491469535,0.7642959560731923,48.15590794718383,-27.06222444289855,-19.25044831505155,0.0155011347442046,-0.0564185235146093,0.5146953405017921,0.1761098847191562,3.816793893129771,0.0,0.0,-2.555555555555556,0.0,0.0,0.1509413033557019,0.0,0.1927888153053716,-0.4057971014492754,0.0114605909162537,0.717948717948718,0.0,5.575019390812197,,0.0080981464600425,-3.213866651153144,0.0,609000000.0,-2682000000.0,1225000000.0,227130000.0,0.0,0.0,9.172565801187398,0.0,0.0,9.811867469879518,0.0,0.0,0.0191046594982078,0.1706747581456387,2001-05-03,0.16,bmo,2464000000.0,2025-04-14,2001-03-31,0.0,12.699354838709676,913924.1935483871
2000-12-31,HUM,USD,49071,2001-03-30,2001-03-30 00:00:00,2000,Q4,2560000000.0,0.0,2560000000.0,1.0,0,363000000.0,0.0,363000000.0,2163000000.0,2526000000.0,2526000000.0,0.0,7000000.0,38000000.0,72000000.0,0.028125,34000000.0,0.01328125,0.0,34000000.0,0.01328125,7000000.0,27000000.0,0.010546875,0.16,0.16,166180503,166180503,https://www.sec.gov/Archives/edgar/data/49071/000095013101500403/0000950131-01-500403-index.htm,https://www.sec.gov/Archives/edgar/data/49071/000095013101500403/d10k405.htm,15.404935920792104,0.1624739335396042,1.6788973132425768,1.462265401856438,13.88000372101413,8.186405597773405,3.435300710336639,8.183872207920805,6.498957341584169,2534252670.75,2949252670.75,23.465302506944447,0.9899424495117188,9.08334290591398,10.429023336419752,1.863421081433824,1.863421081433824,1.1520518245117188,40.96184264930555,10.570798103046595,12.136842266460905,0.0106540284288265,0.0958862558594385,0.7889705882352941,0.2333860355107837,5.763888888888889,0.0,4.857142857142857,10.333333333333334,0.0,0.0,0.141796875,0.0,0.1717314481483874,0.1290322580645161,0.0140625,0.9473684210526316,-0.01171875,5.469687647127816,0.0360714214144005,0.0070903510301492,-4.673117399337755,0.0,570880000.0,-3237112000.0,1224161000.0,206130000.0,0.0,0.0,7.216171875,0.0,0.0,12.47198674851408,0.0,0.0,0.0198529411764705,0.2166319113861389,2001-02-07,0.15,bmo,107812500.0,2025-04-14,2000-12-31,0.0666666666666667,12.442857142857145,993374.6031746032
2000-09-30,HUM,USD,49071,2000-11-14,2000-11-14 00:00:00,2000,Q3,2616000000.0,0.0,2616000000.0,1.0,0,382000000.0,0.0,382000000.0,2234000000.0,2616000000.0,2616000000.0,0.0,7000000.0,38000000.0,38000000.0,0.0145259939,0.0,0.0,0.0,0.0,0.0,6000000.0,23000000.0,0.0087920489,0.14,0.14,169137624,165690253,https://www.sec.gov/Archives/edgar/data/49071/000004907100500009/0000049071-00-500009-index.htm,https://www.sec.gov/Archives/edgar/data/49071/000004907100500009/q900.htm,15.466694743211008,0.1359839369624821,-1.3066282638568931,-1.4603492360753514,10.80185447088934,7.810207857714733,2.9620848877479795,7.810207857714733,6.326209241298081,1818229458.0,2517229458.0,19.763363673913044,0.6950418417431192,-8.227282615384615,-7.361252866396761,1.3764038289174867,1.3764038289174867,0.9622436766055046,66.24288047368421,-11.390178542986426,-10.1912123805668,0.0126496685546494,-0.1358464405651489,0.8046934140802422,0.2714504596527068,18.394736842105264,0.0,0.0,-9.608695652173912,0.0,0.0,0.1460244648318042,0.0,0.2093973442288049,-0.1176470588235294,0.0099388379204892,0.6842105263157895,0.0,4.888395779007226,,0.0074289405684754,-3.622789451033083,0.0,501000000.0,-2595000000.0,1249000000.0,230500000.0,0.0,0.0,7.121559633027522,0.0,0.0,12.63768115942029,0.0,0.0,0.0174110522331567,0.153720972218458,2000-10-31,0.2,bmo,3764285714.0,2025-04-14,2000-09-30,-0.3,7.896666666666666,834246.0317460317
2000-06-30,HUM,USD,49071,2000-08-14,2000-08-14 00:00:00,2000,Q2,2696000000.0,0.0,2696000000.0,1.0,0,363000000.0,0.0,363000000.0,2309000000.0,2672000000.0,2672000000.0,0.0,7000000.0,37000000.0,61000000.0,0.0226261128,24000000.0,0.0089020772,0.0,24000000.0,0.0089020772,5000000.0,19000000.0,0.0070474777,0.11,0.11,172727271,172727271,https://www.sec.gov/Archives/edgar/data/49071/000004907100000064/0000049071-00-000064-index.htm,https://www.sec.gov/Archives/edgar/data/49071/000004907100000064/0000049071-00-000064-0001.htm,15.608421208715791,0.1100000011,0.3010526345894737,0.0694736849052631,12.453158019268422,7.590000075900001,2.761578974984211,7.590000075900001,4.556315835036843,842909082.48,833909082.48,11.09090898,0.3126517368249258,16.209790047692305,70.24242354,0.6429512452173913,0.6429512452173913,0.3093134578931751,13.670640696393445,16.036713124615385,69.49242354,0.0225409838319672,0.0142364108412424,0.5949656750572082,0.1794340924775707,-0.1475409836065573,0.0,3.4285714285714284,2.736842105263158,0.0,0.0,0.1346439169139466,0.0,0.1918564527260179,0.7692307692307693,0.0148367952522255,1.0810810810810811,0.0,4.334195470407975,0.0243589743589743,0.0054084827782522,-4.0207895138921055,0.0,477000000.0,-3036000000.0,1259000000.0,258000000.0,0.0,0.0,8.479228486646884,0.0,0.0,10.614173228346456,0.0,0.0,0.0144927536231884,0.2315789496842105,2000-08-03,0.11,bmo,2000000.0,2025-04-14,2000-06-30,0.0,6.423333333333334,810131.746031746
2000-03-31,HUM,USD,49071,2000-05-15,2000-05-15 00:00:00,2000,Q1,2642000000.0,0.0,2642000000.0,1.0,0,353000000.0,0.0,353000000.0,2289000000.0,2642000000.0,2642000000.0,0.0,8000000.0,34000000.0,34000000.0,0.0128690386,0.0,0.0,0.0,0.0,0.0,6000000.0,21000000.0,0.0079485238,0.13,0.13,167752400,167851646,https://www.sec.gov/Archives/edgar/data/49071/000004907100000041/0000049071-00-000041-index.html,https://www.sec.gov/Archives/edgar/data/49071/000004907100000041/0000049071-00-000041-d1.html,15.749402094992382,0.1251844981055412,-0.4172816603518042,-0.6140001573747976,13.311284965222557,7.743555382814195,2.7123307922867275,7.743555382814195,7.010331893910311,1226270044.0,1497270044.0,14.598452904761904,0.4641446040878123,-17.518143485714287,-11.905534407766991,0.9440108113933796,0.9440108113933796,0.5667184118092354,44.03735423529412,-21.389572057142857,-14.53660236893204,0.0171251023400193,-0.0839945495724757,0.8991531947652041,0.2641936213526351,7.970588235294118,0.0,0.0,-3.333333333333333,0.0,0.0,0.1336109008327025,0.0,0.1909070346075548,-0.4714285714285714,0.0124905374716124,0.9705882352941176,0.0,4.670213551688648,,0.0058708414872798,-4.128107854194634,0.0,455000000.0,-3122000000.0,1270000000.0,243500000.0,0.0,0.0,8.925056775170326,0.0,0.0,10.083969465648854,0.0,0.0,0.0161662817551963,0.1967184970229934,2000-05-03,0.15,bmo,2307692307.0,2025-04-14,2000-03-31,-0.1333333333333332,7.514285714285714,821466.6666666666
1999-12-31,HUM,USD,49071,2000-03-30,2000-03-30 00:00:00,1999,Q4,2574000000.0,0.0,2574000000.0,1.0,0,376000000.0,0.0,376000000.0,2602000000.0,2978000000.0,2978000000.0,0.0,8000000.0,0.0,-404000000.0,-0.156954157,-404000000.0,-0.156954157,0.0,-404000000.0,-0.156954157,-41000000.0,-416000000.0,-0.1616161616,-2.47,-2.47,168206102,168206102,https://www.sec.gov/Archives/edgar/data/49071/000093066100000839/0000930661-00-000839-index.html,https://www.sec.gov/Archives/edgar/data/49071/000093066100000839/0000930661-00-000839-d1.html,15.302655310328754,-2.4731564137905058,2.669344302384464,2.526662201588858,16.277649665765395,7.53842449782232,2.746683946103216,7.538370992034522,7.330292928374263,1377607975.38,1624607975.38,-0.8278894082812499,0.5352012336363636,3.0681692102004456,3.241430530305882,1.086441620962145,1.086441620962145,0.6311608295959595,-4.0213068697524745,3.618280568775055,3.8226070008941178,-0.3019727000965209,0.3085057633197629,0.9660883280757098,0.2473958806667288,-0.6113861386138614,0.0,-50.5,-1.0490654205607477,0.0,0.0,0.146076146076146,0.0,0.1627763916876599,0.0534521158129175,0.0093240093240093,0.0,0.0,,-0.4028856825749167,-0.1003478887624355,-4.618256952414247,0.0,462009000.0,-3683569000.0,1224000000.0,270000000.0,0.0,0.0,7.8671328671328675,0.0,0.0,11.44,0.0,0.0,-0.3280757097791798,0.1426821007956061,2000-02-09,0.13,bmo,2178000000.0,2025-04-14,1999-12-31,0.1538461538461537,7.23328125,1031653.125
1999-09-30,HUM,USD,49071,1999-11-15,1999-11-15 00:00:00,1999,Q3,2557000000.0,0.0,2557000000.0,1.0,0,338000000.0,0.0,338000000.0,2219000000.0,2557000000.0,2557000000.0,0.0,7000000.0,0.0,0.0,0.0,0.0,0.0,0.0,0.0,0.0,12000000.0,22000000.0,0.0086038326,0.13,0.13,167570886,168029845,https://www.sec.gov/Archives/edgar/data/49071/000004907199000078/0000049071-99-000078-index.html,https://www.sec.gov/Archives/edgar/data/49071/000004907199000078/,15.2592139424506,0.1312877226178776,0.2804783165018296,0.1670934651500261,10.783496125932045,10.091251770310508,3.0494557389879766,10.091251770310508,5.311185142268688,1152887695.68,2035887695.68,13.100996541818182,0.4508751254125929,24.52952544,41.17456056,0.6817786491306919,0.6817786491306919,0.7962016799687134,0.0,43.3167594825532,72.7102748457143,0.0190825178223659,0.0242868408648293,0.5221762270845653,0.1783478085235306,0.0,0.0,0.0,2.136363636363636,0.0,0.0,0.1321861556511537,0.0,0.2383356897596445,0.4042553191489361,0.0074305827141181,0.0,0.0,5.459788725213924,,0.0058339962874569,-7.261106204331939,0.0,511000000.0,-3260000000.0,1620000000.0,296500000.0,0.0,0.0,11.087211576065702,0.0,0.0,8.117460317460317,0.0,0.0,0.013010053222945,0.1133848513518034,1999-11-04,0.12,bmo,2360307692.0,2025-04-14,1999-09-30,0.0833333333333334,10.36171875,735400.0
1999-06-30,HUM,USD,49071,1999-08-16,1999-08-16 00:00:00,1999,Q2,2505000000.0,0.0,2505000000.0,1.0,0,329000000.0,0.0,329000000.0,2176000000.0,2505000000.0,2505000000.0,0.0,8000000.0,0.0,0.0,0.0,0.0,0.0,0.0,0.0,0.0,16000000.0,28000000.0,0.0111776447,0.17,0.17,167575861,168153385,https://www.sec.gov/Archives/edgar/data/49071/000004907199000049/0000049071-99-000049-index.html,https://www.sec.gov/Archives/edgar/data/49071/000004907199000049/,14.948453703603528,0.1670885044714166,-0.5191678531790447,-0.6146469985912828,10.675761946405872,10.007407928520204,2.912113935073262,10.007407928520204,5.585530006615929,2168431641.34,3096431641.34,19.36099679767857,0.8656413737884232,-24.9245016245977,-21.05273438194175,1.293042123637448,1.293042123637448,1.2361004556247506,0.0,-35.59116829126437,-30.062443119805828,0.0129125583053645,-0.0474997680518765,0.5533691115086464,0.1853405232674256,0.0,0.0,0.0,-3.107142857142857,0.0,0.0,0.1313373253493014,0.0,0.237467545436389,-0.1839080459770115,0.0063872255489021,0.0,0.0,6.133739768629444,,0.0073336825563122,-7.951622578862954,0.0,488000000.0,-3330000000.0,1631000000.0,278000000.0,0.0,0.0,9.988023952095809,0.0,0.0,9.010791366906474,0.0,0.0,0.0166964818127608,0.0954791454122381,1999-07-29,0.17,bmo,2505000000.0,2025-04-14,1999-06-30,0.0,13.231111111111112,1277247.634920635
1999-03-31,HUM,USD,49071,1999-05-17,1999-05-17 00:00:00,1999,Q1,2477000000.0,0.0,2477000000.0,1.0,0,325000000.0,0.0,325000000.0,2152000000.0,2477000000.0,2477000000.0,0.0,10000000.0,0.0,0.0,0.0,0.0,0.0,0.0,0.0,0.0,-9000000.0,-16000000.0,-0.0064594267,-0.0955,-0.0955,167559426,167559426,https://www.sec.gov/Archives/edgar/data/49071/000004907199000038/0000049071-99-000038-index.html,https://www.sec.gov/Archives/edgar/data/49071/,14.78281502348904,-0.095488510446437,-1.145862125357245,-1.3249030824443144,11.291516360291183,9.954677214041064,2.91239956861633,9.954677214041064,5.884479456261685,2890400098.5,3866400098.5,-45.1625015390625,1.1668954777957206,-15.054167179687498,-13.019820263513514,1.732853776079137,1.732853776079137,1.5609205080742834,0.0,-20.137500513020832,-17.41621665990991,-0.0055355658229818,-0.0768059757938733,0.5851318944844125,0.1880539499036609,0.0,0.0,0.0,12.0,0.0,0.0,0.1312071053693984,0.0,0.2273603082851637,-0.15625,0.0121114251110213,0.0,0.0,,,-0.0039900249376558,-8.483557349975644,0.0,488000000.0,-3522000000.0,1610000000.0,277000000.0,0.0,0.0,10.100928542591843,0.0,0.0,8.910071942446043,0.0,0.0,-0.0095923261390887,0.1790409570870695,1999-05-05,0.22,bmo,2724699999.0,2025-04-14,1999-03-31,-0.0909090909090908,18.49737704918033,663786.8852459016
1998-12-31,HUM,USD,49071,1999-03-31,1999-03-31 00:00:00,1998,Q4,2469000000.0,0.0,2469000000.0,1.0,0,327000000.0,0.0,327000000.0,1939000000.0,2266000000.0,2266000000.0,0.0,12000000.0,0.0,203000000.0,0.0822195221,203000000.0,0.0822195221,0.0,203000000.0,0.0822195221,32000000.0,57000000.0,0.0230862697,0.34,0.34,171425497,171425497,https://www.sec.gov/Archives/edgar/data/49071/000093066199000640/0000930661-99-000640-index.html,https://www.sec.gov/Archives/edgar/data/49071/,14.402758301467838,0.332505963217362,1.9075342100364447,1.7908654510128097,16.40362751872319,9.84896079957114,2.918836513567174,9.84684326159486,8.790990992430956,3053088101.57,3635088101.57,13.39073728758772,1.2365686924139327,9.336660861070335,9.94491238296417,1.8087014819727485,1.8087014819727485,1.4722916571769946,17.906837938768472,11.116477374831804,11.840677855276873,0.01866962174157,0.100553927625649,0.8856635071090048,0.2720355629634953,2.866995073891625,0.0,16.916666666666668,5.7368421052631575,0.0,0.0,0.1324422843256379,0.0,0.2161727416726638,0.0611620795107033,0.0081004455245038,0.0,0.0,8.583007475547674,0.3533057851239669,0.0132324110497596,-4.598160797515436,0.0,500363000.0,-3807242000.0,1621000000.0,260500000.0,0.0,0.0,10.06075334143378,0.0,0.0,8.945652173913043,0.0,0.0,0.0337677725118483,0.1166687590236357,1999-02-09,0.34,bmo,2469000000.0,2025-04-14,1998-12-31,0.0,18.28234375,884704.6875
1998-09-30,HUM,USD,49071,1998-11-16,1998-11-16 00:00:00,1998,Q3,2464000000.0,0.0,2464000000.0,1.0,0,351000000.0,0.0,351000000.0,2113000000.0,2464000000.0,2464000000.0,0.0,13000000.0,0.0,0.0,0.0,0.0,0.0,0.0,0.0,0.0,-17000000.0,-30000000.0,-0.0121753247,-0.18,-0.18,167023420,167023420,https://www.sec.gov/Archives/edgar/data/49071/000004907198000076/0000049071-98-000076-index.html,https://www.sec.gov/Archives/edgar/data/49071/,14.752422145349437,-0.1796155293670791,1.0357828860168232,1.0357828860168232,11.190047479569031,9.7531232446324,2.5864636228859403,9.7531232446324,5.508209567257095,2735843619.6,3642843619.6,-22.79869683,1.1103261443181818,15.814124968786128,15.814124968786128,1.6794620132596685,1.6794620132596685,1.4784267936688311,0.0,21.056899535260115,21.056899535260115,-0.0109655390333992,0.0632346084259354,0.5567833026396563,0.1810017960486928,0.0,0.0,0.0,-5.766666666666667,0.0,0.0,0.1424512987012987,0.0,0.2388744761524645,0.0,0.0,0.0,0.0,,0.0,-0.0078657577346617,-7.958464747039667,0.0,432000000.0,-3382000000.0,1626000000.0,334000000.0,0.0,0.0,8.948863636363637,0.0,0.0,10.057142857142855,0.0,0.0,-0.0184162062615101,0.0,1998-10-29,0.32,bmo,2464000000.0,2025-04-14,1998-09-30,0.0,20.8096875,1580262.53125
1998-06-30,HUM,USD,49071,1998-08-14,1998-08-14 00:00:00,1998,Q2,2446000000.0,0.0,2446000000.0,1.0,0,326000000.0,0.0,326000000.0,2120000000.0,2446000000.0,2446000000.0,0.0,10000000.0,0.0,0.0,0.0,0.0,0.0,0.0,0.0,0.0,30000000.0,52000000.0,0.0212591987,0.31,0.31,166600045,169117892,https://www.sec.gov/Archives/edgar/data/49071/000004907198000053/0000049071-98-000053-index.html,https://www.sec.gov/Archives/edgar/data/49071/,14.681868783408792,0.3121247656325663,-0.6842735246560108,-0.6842735246560108,11.236491562772388,9.891954110816716,2.63505330985955,9.891954110816716,5.5942361840298425,5196255403.55,6118255403.55,24.981997132451923,2.12438896302126,-45.5811877504386,-45.5811877504386,3.153067599241506,3.153067599241506,2.501330909055601,0.0,-53.66890704868421,-53.66890704868421,0.010007206336408,-0.0219388754298175,0.5594660194174758,0.1828639428798096,0.0,0.0,0.0,-2.1923076923076925,0.0,0.0,0.133278822567457,0.0,0.2397857992859976,0.0,0.0,0.0,0.0,8.334823742344662,0.0,0.0135663970780067,-7.231390603766044,0.0,439000000.0,-3394000000.0,1654000000.0,374000000.0,0.0,0.0,15.564186426819298,0.0,0.0,5.782505910165485,0.0,0.0,0.0315533980582524,0.0,1998-08-04,0.31,bmo,2446000000.0,2025-04-14,1998-06-30,0.0,27.88888888888889,1151076.2063492064
1998-03-31,HUM,USD,49071,1998-05-15,1998-05-15 00:00:00,1998,Q1,2402000000.0,0.0,2402000000.0,1.0,0,324000000.0,0.0,324000000.0,2078000000.0,2402000000.0,2402000000.0,0.0,12000000.0,0.0,0.0,0.0,0.0,0.0,0.0,0.0,0.0,29000000.0,50000000.0,0.0208159867,0.3,0.3,164857524,167189454,https://www.sec.gov/Archives/edgar/data/49071/000004907198000040/0000049071-98-000040-index.html,https://www.sec.gov/Archives/edgar/data/49071/,14.57015695565099,0.3032921930818274,-1.88041159710733,-1.88041159710733,11.464444898493078,9.63256005227884,2.25042807266716,9.63256005227884,5.210559877145795,4090115170.44,4937115170.44,20.4505758522,1.7027956579683596,-13.19391990464516,-13.19391990464516,2.575639276095718,2.575639276095718,2.0554184722897584,0.0,-15.926177969161287,-15.926177969161287,0.0122245946425565,-0.0757924867838504,0.533375314861461,0.1678557273087594,0.0,0.0,0.0,-6.2,0.0,0.0,0.13488759367194,0.0,0.2411811335711454,0.0,0.0,0.0,0.0,8.107607903881462,0.0,0.0130582397492817,-8.0326937337722,0.0,371000000.0,-3458000000.0,1638000000.0,338000000.0,235500000.0,0.0,12.177352206494588,0.0,0.0,7.390769230769231,0.0,0.0,0.0314861460957178,0.0,1998-04-29,0.3,bmo,2402000000.0,2025-04-14,1998-03-31,0.0,23.054426229508195,603714.7540983607
1997-12-31,HUM,USD,49071,1998-03-31,1998-03-31 00:00:00,1997,Q4,2411000000.0,0.0,2411000000.0,1.0,0,323000000.0,0.0,323000000.0,1818000000.0,2141000000.0,2141000000.0,0.0,13000000.0,33000000.0,303000000.0,0.1256739942,270000000.0,0.1119867275,0.0,270000000.0,0.1119867275,28000000.0,48000000.0,0.0199087516,0.29,0.29,163961287,166299941,https://www.sec.gov/Archives/edgar/data/49071/000095013198002266/0000950131-98-002266-index.html,https://www.sec.gov/Archives/edgar/data/49071/,14.704690626147622,0.292752032374569,1.366176151081322,1.2137011342195674,16.137955784648117,9.15460001237975,1.689423186828242,9.15460001237975,9.14240201103081,3402196705.25,4261196705.25,17.71977450651042,1.4111143530692658,15.1883781484375,17.096465855527637,2.2666200567954697,2.2666200567954697,1.76739805277893,14.063355462871288,19.023199577008928,21.413048770100502,0.0141085316807021,0.0584916209262442,0.9900066622251832,0.2653571428571428,2.834983498349835,0.0,20.76923076923077,4.666666666666667,0.0,0.0,0.1339693073413521,0.0,0.2185714285714285,0.1116071428571428,0.0103691414350891,0.7575757575757576,0.0,7.765347679403003,1.5921052631578947,0.0109689213893967,-7.256286052450906,0.0,277000000.0,-4099000000.0,1644000000.0,321000000.0,235500000.0,0.0,13.10244711737868,0.0,0.0,6.868945868945869,0.0,0.0,0.0319786808794137,0.1524750168617547,1998-02-10,0.3,bmo,2491366666.0,2025-04-14,1997-12-31,-0.0333333333333333,22.07546875,556531.25
1997-09-30,HUM,USD,49071,1997-11-14,1997-11-14 00:00:00,1997,Q3,1968000000.0,0.0,1968000000.0,1.0,0,274000000.0,0.0,274000000.0,1694000000.0,1968000000.0,1968000000.0,0.0,3000000.0,26000000.0,26000000.0,0.0132113821,0.0,0.0,0.0,0.0,0.0,25000000.0,44000000.0,0.0223577236,0.27,0.27,163705428,166284347,https://www.sec.gov/Archives/edgar/data/49071/000004907197000079/0000049071-97-000079-index.html,https://www.sec.gov/Archives/edgar/data/49071/,12.021592833195488,0.2687754495226633,0.3054266471848447,0.2137986530293913,12.88289597825675,8.881806900135285,2.846576351762753,8.881806900135285,3.7811818921483775,3897826240.68,4513826240.68,22.14674000386363,1.9806027645731707,77.95652481359998,111.36646401942856,2.6807608257771665,2.6807608257771665,2.2936108946544715,173.6087015646154,90.2765248136,128.96646401942857,0.0112883431130896,0.0089793638399576,0.4236588720770289,0.1301225179552175,23.692307692307693,0.0,0.0,1.1363636363636365,0.0,0.0,0.1392276422764227,0.0,0.2087029995775242,0.3,0.0076219512195121,0.5769230769230769,0.0,7.328864983647909,0.0,0.0117458622530699,-5.819904762107216,0.0,466000000.0,-3280000000.0,1409000000.0,273500000.0,0.0,0.0,13.307926829268292,0.0,0.0,6.762886597938144,0.0,0.0,0.030261348005502,0.0916279941554534,1997-10-28,0.28,bmo,2034142857.0,2025-04-14,1997-09-30,-0.0357142857142857,23.771875,459648.4375
1997-06-30,HUM,USD,49071,1997-08-14,1997-08-14 00:00:00,1997,Q2,1836000000.0,0.0,1836000000.0,1.0,0,258000000.0,0.0,258000000.0,1578000000.0,1836000000.0,1836000000.0,0.0,1000000.0,25000000.0,25000000.0,0.0136165577,0.0,0.0,0.0,0.0,0.0,23000000.0,42000000.0,0.022875817,0.26,0.25,163158146,165768820,https://www.sec.gov/Archives/edgar/data/49071/000004907197000060/0000049071-97-000060-index.html,https://www.sec.gov/Archives/edgar/data/49071/,11.252885896362171,0.2574189584135137,-0.3003221181490993,-0.4045155060783787,8.690954357865772,8.482567582007214,5.405798126683788,8.482567582007214,0.0245160912774774,3773847916.98,3776847916.98,22.463380458214285,2.055472721666667,-77.01730442816327,-57.17951389363636,2.7267687261416187,2.7267687261416187,2.0571067085947714,151.0739166792,-77.07852891795919,-57.22496843909091,0.011129224315327,-0.0174887810669424,0.0021676300578034,0.0010141987829614,0.12,0.0,0.0,-1.1666666666666667,0.0,0.0,0.1405228758169934,0.0,0.169709263015551,-0.3469387755102041,0.0092592592592592,0.68,0.0,7.009308704268348,0.0,0.017100977198697,0.2206448214972974,0.0,882000000.0,-1574000000.0,877000000.0,232500000.0,0.0,0.0,12.549019607843135,0.0,0.0,7.171875,0.0,0.0,0.0303468208092485,0.1041933879292793,1997-07-31,0.26,bmo,1902461538.0,2025-04-14,1997-06-30,-0.0384615384615384,22.03390625,635706.25
1997-03-31,HUM,USD,49071,1997-05-15,1997-05-15 00:00:00,1997,Q1,1832000000.0,0.0,1832000000.0,1.0,0,261000000.0,0.0,261000000.0,1571000000.0,1832000000.0,1832000000.0,0.0,3000000.0,24000000.0,24000000.0,0.0131004367,0.0,0.0,0.0,0.0,0.0,21000000.0,39000000.0,0.0212882096,0.24,0.24,162800971,165016800,https://www.sec.gov/Archives/edgar/data/49071/000004907197000048/0000049071-97-000048-index.html,https://www.sec.gov/Archives/edgar/data/49071/,11.25300413595199,0.2395563107544364,0.3931180484175368,0.2948385363131526,8.439753101963992,8.132629626637792,5.012255117323594,8.132629626637792,1.2653487183439465,3581621362.0,3784621362.0,22.959111294871796,1.955033494541485,55.96283378125,74.61711170833334,2.705152086102719,2.705152086102719,2.065841354803493,157.69255675,59.13470878125,78.846278375,0.0108889232161107,0.0134017516505978,0.1533232628398791,0.0637362637362637,8.458333333333334,0.0,0.0,1.641025641025641,0.0,0.0,0.1424672489082969,0.0,0.1594976452119309,0.25,0.0087336244541484,0.6666666666666666,0.0,6.620801452771072,0.0,0.0145685468808367,-2.028550554529555,0.0,816000000.0,-1861000000.0,881000000.0,210000000.0,734000000.0,0.0,10.267467248908297,0.0,0.0,8.76555023923445,0.0,0.0,0.0294561933534743,0.0982795121043842,1997-04-29,0.23,bmo,1749478260.0,2025-04-14,1997-03-31,0.0434782608695651,19.838360655737706,826813.1147540984
1996-12-31,HUM,USD,49071,1997-03-28,1997-03-28 00:00:00,1996,Q4,1819000000.0,0.0,1819000000.0,1.0,0,260000000.0,0.0,260000000.0,1541000000.0,1801000000.0,1801000000.0,0.0,1000000.0,24000000.0,42000000.0,0.0230896097,18000000.0,0.009895547,0.0,18000000.0,0.009895547,13000000.0,22000000.0,0.0120945574,0.13,0.13,162713094,173702270,https://www.sec.gov/Archives/edgar/data/49071/000095013197002198/0000950131-97-002198-index.html,https://www.sec.gov/Archives/edgar/data/49071/,11.179186353619455,0.1352073115885805,0.4302050823273018,0.3195809183002813,10.613773959703575,7.9403566623839135,4.941212659873581,7.9403566623839135,1.388947837228146,3091548786.0,2994548786.0,35.13123620454545,1.6995870181418362,44.16498265714286,59.452861269230766,2.3928396176470588,2.3928396176470588,1.6462610148433203,71.29878061904762,42.77926837142857,57.58747665384615,0.0071161742941358,0.0168200483315937,0.1741486068111455,0.071360608943863,-2.3095238095238093,0.0,18.0,3.1818181818181817,0.0,0.0,0.1429356789444749,0.0,0.1547732318426895,0.2571428571428571,0.0098955470038482,0.75,0.0,4.914862280974572,0.0,0.0082551594746716,0.1490353320919581,0.0,804000000.0,-1861000000.0,859000000.0,200500000.0,734000000.0,0.0,10.439802089059922,0.0,0.0,8.62085308056872,0.0,0.0,0.0170278637770897,0.1106241640270204,1997-02-11,0.21,bmo,2210526.32,2025-04-14,1996-12-31,-0.0952380952380951,19.40421875,652175.0
1996-09-30,HUM,USD,49071,1996-11-14,1996-11-14 00:00:00,1996,Q3,1781000000.0,0.0,1781000000.0,1.0,0,249000000.0,0.0,249000000.0,1532000000.0,1781000000.0,1781000000.0,0.0,2000000.0,25000000.0,25000000.0,0.0140370578,0.0,0.0,0.0,0.0,0.0,16000000.0,32000000.0,0.017967434,0.2,0.2,162578998,162578998,https://www.sec.gov/Archives/edgar/data/49071/000004907196000038/0000049071-96-000038-index.html,https://www.sec.gov/Archives/edgar/data/49071/,10.954674477696068,0.1968273909524279,0.5228227572173867,0.4551633415774896,8.420521819183557,7.799285366489957,4.7792150865636405,7.799285366489957,1.2609254732889914,3292224709.5,3495224709.5,25.720505542968752,1.8485259458169567,38.73205540588235,44.48952310135135,2.596391726735016,2.596391726735016,1.9625068554183045,139.80898838,41.1202907,47.232766344594594,0.0097198711581445,0.0224772020532093,0.1600946372239747,0.0668202764976958,8.12,0.0,0.0,2.65625,0.0,0.0,0.1398090960134755,0.0,0.1616194865042791,0.1294117647058823,0.0061763054463784,0.44,0.0,5.877077698528628,0.0,0.0125638005496662,-1.589996267537582,0.0,777000000.0,-1770000000.0,864000000.0,165500000.0,0.0,0.0,9.601347557551938,0.0,0.0,9.373684210526315,0.0,0.0,0.0252365930599369,0.0676594156398971,1996-11-06,0.22,bmo,,2025-04-14,1996-09-30,0.0,18.4475,811707.8125
1996-06-30,HUM,USD,49071,1996-08-14,1996-08-14 00:00:00,1996,Q2,1603000000.0,0.0,1603000000.0,1.0,0,228000000.0,0.0,228000000.0,1375000000.0,1603000000.0,1603000000.0,0.0,3000000.0,24000000.0,24000000.0,0.0149719276,0.0,0.0,0.0,0.0,0.0,-51000000.0,-95000000.0,-0.0592638802,-0.58,-0.58,162454998,162454998,https://www.sec.gov/Archives/edgar/data/49071/000004907196000025/0000049071-96-000025-index.html,https://www.sec.gov/Archives/edgar/data/49071/,9.867348002429573,-0.5847773301502242,0.1477332202484776,-0.0369333050621194,8.23612702885263,7.595949741109227,4.548952073484375,7.595949741109227,1.1079991518635826,2924189964.0,3101189964.0,-7.695236747368421,1.8241983555832813,121.8412485,-487.364994,2.3696839254457047,2.3696839254457047,1.934616321896444,129.2162485,129.2162485,-516.864994,-0.0324876294527902,-0.0020518502812288,0.1434359805510534,0.060845651426607,7.375,0.0,0.0,-0.2526315789473684,0.0,0.0,0.1422333125389893,0.0,0.1701615675489859,1.25,0.0187149095446038,1.25,0.0,,0.0,-0.0393537696768848,-1.4234711326025191,0.0,739000000.0,-1675000000.0,873000000.0,138000000.0,0.0,0.0,7.916406737367436,0.0,0.0,11.368794326241137,0.0,0.0,-0.0769854132901134,0.1846665253105971,1996-08-14,0.19,bmo,,2025-04-14,1996-06-30,0.1578947368421052,22.637777777777774,837396.8412698413
1996-03-31,HUM,USD,49071,1996-05-15,1996-05-15 00:00:00,1996,Q1,1585000000.0,0.0,1585000000.0,1.0,0,203000000.0,0.0,203000000.0,1382000000.0,1585000000.0,1585000000.0,0.0,5000000.0,25000000.0,25000000.0,0.0157728707,0.0,0.0,0.0,0.0,0.0,28000000.0,53000000.0,0.0334384858,0.32,0.32,162378998,162378998,https://www.sec.gov/Archives/edgar/data/49071/000004907196000015/0000049071-96-000015-index.html,https://www.sec.gov/Archives/edgar/data/49071/,9.761114550047909,0.3263968903170594,0.997665966629502,0.917606352023431,8.276932463889203,8.203031281175907,4.920587082326989,8.203031281175907,1.4472314948020557,4202368468.24,4432368468.24,19.82249277471698,2.651336573022082,25.940546100246912,28.203815223087247,3.1549312824624622,3.1549312824624622,2.796446983116719,177.2947387296,27.360299186666666,29.747439384161076,0.0126119354836576,0.0354561959823582,0.1726726726726726,0.0763105507631055,9.2,0.0,0.0,3.056603773584906,0.0,0.0,0.1280757097791798,0.0,0.176841406768414,0.0802469135802469,0.0082018927444794,0.52,0.0,7.761603428439322,0.0,0.0213623538895606,-1.4580087506144113,0.0,799000000.0,-1682000000.0,914000000.0,133000000.0,578500000.0,0.0,7.665615141955835,0.0,0.0,11.74074074074074,0.0,0.0,0.0397897897897897,0.0800596146060711,1996-05-01,0.32,bmo,,2025-04-14,1996-03-31,0.0,26.133333333333333,751974.6031746032
1995-12-31,HUM,USD,49071,1996-03-29,1996-03-29 00:00:00,1995,Q4,1499000000.0,0.0,1499000000.0,1.0,0,195000000.0,0.0,195000000.0,1016000000.0,1211000000.0,1211000000.0,0.0,5000000.0,24000000.0,312000000.0,0.2081387592,288000000.0,0.1921280854,0.0,288000000.0,0.1921280854,26000000.0,49000000.0,0.032688459,0.3,0.29,162445258,171747806,https://www.sec.gov/Archives/edgar/data/49071/000095012396001406/0000950123-96-001406-index.html,https://www.sec.gov/Archives/edgar/data/49071/,9.227723963478208,0.3016400761910822,-0.6586834316825672,-0.7694899902833728,9.34468644200128,7.922668939957608,4.623095861622504,7.922668939957608,1.5697595801780806,4447751164.04,4515751164.04,22.69260797979592,2.967145539719813,-41.567767888224296,-35.58200931232,3.45590611036519,3.45590611036519,3.012509115436958,14.473561423205128,-42.20328190691589,-36.12600931232,0.0110168033670957,-0.028104090222183,0.1942501942501942,0.0868658790826963,0.2179487179487179,0.0,57.6,-2.183673469387755,0.0,0.0,0.1300867244829886,0.0,0.1862404447533009,-0.1682242990654205,0.0120080053368912,0.75,0.0,7.332828609099254,0.0,0.0209222886421861,0.1554369780372413,0.0,751000000.0,-1591000000.0,918000000.0,109500000.0,578500000.0,0.0,7.865243495663775,0.0,0.0,11.442748091603054,0.0,0.0,0.038073038073038,0.1108065586008057,1996-02-14,0.29,bmo,,2025-04-14,1995-12-31,0.0344827586206896,23.41920634920635,1016415.9047619049
1995-09-30,HUM,USD,49071,1995-11-13,1995-11-13 00:00:00,1995,Q3,1092000000.0,0.0,1092000000.0,1.0,0,126000000.0,0.0,126000000.0,966000000.0,1092000000.0,1092000000.0,0.0,2000000.0,16000000.0,16000000.0,0.0146520147,0.0,0.0,0.0,0.0,0.0,22000000.0,43000000.0,0.0393772894,0.27,0.27,162333998,162333998,https://www.sec.gov/Archives/edgar/data/49071/000004907195000027/0000049071-95-000027-index.html,https://www.sec.gov/Archives/edgar/data/49071/,6.726871841103796,0.2648859790910836,0.369608342917791,0.3018468133828627,4.878830126514841,7.540010195522936,6.56670822583942,7.540010195522936,0.5913733486684656,3267783379.74,3361783379.74,18.99874057988372,2.992475622472527,54.463056329,66.68945672938776,2.6697576631862745,2.6697576631862745,3.0785562085531133,210.11146123375,56.02972299566666,68.60782407632652,0.013158766969254,0.0149948739882197,0.076797385620915,0.0424954792043399,5.875,0.0,0.0,1.3953488372093024,0.0,0.0,0.1153846153846153,0.0,0.0714285714285714,0.1833333333333333,0.01007326007326,0.6875,0.0,6.703578679888193,0.0,0.0209347614410905,-0.8008180763218805,0.0,1066000000.0,-988000000.0,477000000.0,84000000.0,0.0,0.0,7.252747252747253,0.0,0.0,12.409090909090908,0.0,0.0,0.0351307189542483,0.0677615295349283,1995-11-01,0.27,bmo,,2025-04-14,1995-09-30,0.0,19.02634920634921,1305671.4285714286
1995-06-30,HUM,USD,49071,1995-08-14,1995-08-14 00:00:00,1995,Q2,1067000000.0,0.0,1067000000.0,1.0,0,125000000.0,0.0,125000000.0,942000000.0,1067000000.0,1067000000.0,0.0,2000000.0,15000000.0,15000000.0,0.0140581068,0.0,0.0,0.0,0.0,0.0,23000000.0,45000000.0,0.0421743205,0.28,0.28,162254998,162254998,https://www.sec.gov/Archives/edgar/data/49071/000004907195000010/0000049071-95-000010-index.html,https://www.sec.gov/Archives/edgar/data/49071/,6.576068615156003,0.2773412255689035,0.1417521819574396,0.0616313834597563,5.645434724913682,7.247850694867347,6.267911697857221,7.247850694867347,0.5546824511378071,2880026214.5,2968026214.5,16.000145636111114,2.6991810820056235,125.2185310652174,288.00262145,2.449001883078231,2.449001883078231,2.781655308809747,197.8684143,129.04461802173913,296.80262145,0.0156248577785297,0.003472190617451,0.0748299319727891,0.0406842348589921,5.866666666666666,0.0,0.0,0.5111111111111111,0.0,0.0,0.1171508903467666,0.0,0.073509015256588,0.5652173913043478,0.0121836925960637,0.8666666666666667,0.0,6.725167312062663,0.0,0.0224550898203592,-0.0677945218057319,0.0,1017000000.0,-987000000.0,479000000.0,79500000.0,0.0,0.0,6.747891283973758,0.0,0.0,13.3375,0.0,0.0,0.0382653061224489,0.0801207984976832,1995-08-03,0.3,bmo,,2025-04-14,1995-06-30,-0.0666666666666665,21.4568253968254,2017784.1587301588
1995-03-31,HUM,USD,49071,1995-05-12,1995-05-12 00:00:00,1995,Q1,1044000000.0,0.0,1044000000.0,1.0,0,125000000.0,0.0,125000000.0,919000000.0,1044000000.0,1044000000.0,0.0,2000000.0,15000000.0,15000000.0,0.0143678161,0.0,0.0,0.0,0.0,0.0,27000000.0,53000000.0,0.0507662835,0.32,0.32,162039998,162039998,https://www.sec.gov/Archives/edgar/data/49071/000004907195000004/0000049071-95-000004-index.html,https://www.sec.gov/Archives/edgar/data/49071/,6.442853695912783,0.3270797374361853,1.0738089493187972,0.9997531597106044,5.6837818524288055,6.93038764416672,5.980005010861578,6.93038764416672,0.5430757904600814,4153085148.74,4239085148.74,19.590024286509436,3.978050908754789,23.868305452528737,25.636328078641977,3.6982058314692794,3.6982058314692794,4.060426387681992,282.60567658266666,24.362558326091957,26.16719227617284,0.0127615972468273,0.0390071463016232,0.076580587711487,0.0400558919422449,5.733333333333333,0.0,0.0,3.2830188679245285,0.0,0.0,0.1197318007662835,0.0,0.071727992547741,0.0689655172413793,0.0114942528735632,0.8,0.0,7.141621723891799,0.0,0.0265930757651781,-0.2699950662798699,0.0,969000000.0,-1024000000.0,472000000.0,76500000.0,380000000.0,0.0,6.810344827586207,0.0,0.0,13.21518987341772,0.0,0.0,0.0471950133570792,0.0740557896081929,1995-04-27,0.31,bmo,,2025-04-14,1995-03-31,0.032258064516129,23.679523809523808,609495.2380952381
1994-12-31,HUM,USD,49071,1995-03-30,1995-03-30 00:00:00,1994,Q4,953000000.0,0.0,953000000.0,1.0,0,112000000.0,0.0,112000000.0,584000000.0,696000000.0,696000000.0,0.0,0.0,13000000.0,270000000.0,0.2833158447,257000000.0,0.2696747114,0.0,257000000.0,0.2696747114,25000000.0,48000000.0,0.0503672613,0.3,0.3,157630000,160789998,https://www.sec.gov/Archives/edgar/data/49071/000095012395000798/0000950123-95-000798-index.html,https://www.sec.gov/Archives/edgar/data/49071/,6.045803463807651,0.304510562710144,-0.3489183531053733,-0.494829664403984,5.5890376197424345,6.711920319736091,5.728604960984584,6.711920319736091,0.5265495146862906,3567166900.0,3378166900.0,18.578994270833338,3.7430922350472193,-64.85758,-45.73290897435898,3.371613327032136,3.371613327032136,3.544771143756558,12.511729259259258,-61.42121636363636,-43.30983205128205,0.0134560566818446,-0.0218660921079975,0.0784499054820415,0.0424118548799182,-0.7,0.0,0.0,-1.1458333333333333,0.0,0.0,0.117523609653725,0.0,0.0792028615227388,-0.4181818181818181,0.0241343126967471,1.7692307692307692,0.0,6.781344944193663,0.0,0.0266370699223085,0.2378988771173,0.0,903000000.0,-899000000.0,472000000.0,65500000.0,380000000.0,0.0,6.988457502623295,0.0,0.0,12.87837837837838,0.0,0.0,0.0453686200378071,0.1459113112986106,1995-02-13,0.28,bmo,,2025-04-14,1994-12-31,0.0714285714285712,22.64920634920635,622736.5079365079
1994-09-30,HUM,USD,49071,1994-11-10,1994-11-10 00:00:00,1994,Q3,923000000.0,0.0,923000000.0,1.0,0,111000000.0,0.0,111000000.0,812000000.0,923000000.0,923000000.0,0.0,1000000.0,13000000.0,13000000.0,0.014084507,0.0,0.0,0.0,0.0,0.0,23000000.0,42000000.0,0.045503792,0.27,0.27,161052998,161052998,https://www.sec.gov/Archives/edgar/data/49071/000004907194000034/0000049071-94-000034-index.html,https://www.sec.gov/Archives/edgar/data/49071/,5.731032712598123,0.2607837203999145,1.3722191001995503,1.3411734191995606,5.699987031598132,6.314691515397931,5.718614440198127,6.314691515397931,0.5215674407998291,3805682342.74,3888682342.74,22.65287108773809,4.123166135146262,17.22028209384615,17.618899734907405,3.742067200334316,3.742067200334316,4.213090295492957,299.12941098,17.595847704705882,18.003158994166665,0.0110361286669451,0.0567572331442894,0.0816125860373647,0.0413140866102538,6.384615384615385,0.0,0.0,5.261904761904762,0.0,0.0,0.1202600216684723,0.0,0.0477849676455948,0.0226244343891402,0.0054171180931744,0.3846153846153846,0.0,6.087059782659692,0.0,0.021955044432828,-0.1940355062499364,0.0,921000000.0,-992000000.0,410000000.0,54000000.0,0.0,0.0,5.557963163596966,0.0,0.0,16.19298245614035,0.0,0.0,0.0412979351032448,0.0310456809999898,1994-10-20,0.25,bmo,,2025-04-14,1994-09-30,0.08,19.9675,841150.0
1994-06-30,HUM,USD,49071,1994-08-15,1994-08-15 00:00:00,1994,Q2,912000000.0,0.0,912000000.0,1.0,0,111000000.0,0.0,111000000.0,801000000.0,912000000.0,912000000.0,0.0,28000000.0,12000000.0,12000000.0,0.0131578947,0.0,0.0,0.0,0.0,0.0,14000000.0,54000000.0,0.0592105263,0.33,0.33,160835998,160835998,https://www.sec.gov/Archives/edgar/data/49071/000004907194000027/0000049071-94-000027-index.html,https://www.sec.gov/Archives/edgar/data/49071/,5.670372375219134,0.3357457327432382,-0.0994802171091076,-0.0808276764011499,5.390584264599769,6.043423189378288,5.421671832446366,6.043423189378288,0.5533587076694112,2594284647.74,2655284647.74,12.01057707287037,2.844610359364035,-162.14279048375,-199.56035751846156,2.6690171273045267,2.6690171273045267,2.911496324276316,221.273720645,-165.95529048375,-204.2526652107692,0.0208149865308889,-0.0050110152759547,0.0627572016460905,0.0334980779791323,5.083333333333333,0.0,0.0,-0.2962962962962963,0.0,0.0,0.1217105263157894,0.0,0.0549148819330038,-0.1875,0.0032894736842105,0.25,0.0,6.756752534124218,0.0,0.031377106333527,0.3497351382742065,0.0,872000000.0,-849000000.0,417000000.0,51000000.0,0.0,0.0,5.032894736842105,0.0,0.0,17.88235294117647,0.0,0.0,0.0555555555555555,0.0186525407079576,1994-07-19,0.22,bmo,,2025-04-14,1994-06-30,0.0454545454545455,19.36774193548387,660227.4193548387
1994-03-31,HUM,USD,49071,1994-05-12,1994-05-12 00:00:00,1994,Q1,866000000.0,0.0,866000000.0,1.0,0,102000000.0,0.0,102000000.0,764000000.0,866000000.0,866000000.0,0.0,1000000.0,12000000.0,12000000.0,0.0138568129,0.0,0.0,0.0,0.0,0.0,19000000.0,32000000.0,0.0369515012,0.2,0.2,160481998,160481998,https://www.sec.gov/Archives/edgar/data/49071/000004907194000015/0000049071-94-000015-index.html,https://www.sec.gov/Archives/edgar/data/49071/,5.396243882756245,0.1993993120648959,0.9222218183001436,0.8349846192717516,5.19684457069135,5.720267764861701,5.090913686156873,5.720267764861701,0.4112610811338478,2968916963.0,3033916963.0,23.1946637734375,3.428310580831409,20.06024975,22.15609673880597,3.2341143387799565,3.2341143387799565,3.503368317551963,252.82641358333333,20.49943893918919,22.64117136567164,0.010778341192697,0.045134303744419,0.0708061002178649,0.0338718082334549,5.416666666666667,0.0,0.0,4.625,0.0,0.0,0.1177829099307159,0.0,0.0526315789473684,0.0945945945945946,0.0161662817551963,1.1666666666666667,0.0,5.065954281836692,0.0,0.0176017601760176,-0.8022706696361046,0.0,817000000.0,-1001000000.0,445000000.0,44000000.0,77000000.0,0.0,5.300230946882217,0.0,0.0,16.980392156862745,0.0,0.0,0.0348583877995642,0.0872371990283919,1994-04-19,0.18,bmo,,2025-04-14,1994-03-31,0.1111111111111112,19.79793650793651,901649.2063492064
1993-12-31,HUM,USD,49071,1994-03-29,1994-03-29 00:00:00,1993,Q4,791000000.0,0.0,791000000.0,1.0,0,0.0,0.0,93000000.0,698000000.0,791000000.0,791000000.0,0.0,2000000.0,11000000.0,0.0,0.0,0.0,0.0,0.0,0.0,0.0,17000000.0,29000000.0,0.0366624526,0.18,0.17,162030074,173588515,https://www.sec.gov/Archives/edgar/data/49071/000095012394000626/0000950123-94-000626-index.html,https://www.sec.gov/Archives/edgar/data/49071/,4.881809780571969,0.178979119641703,0.6541995407593284,0.6233410718555865,2.2958700864383976,5.486635771085311,5.116334144240408,5.486635771085311,0.4505336459946318,2876033813.5,2575033813.5,24.79339494396552,3.6359466668773694,27.132394466981133,28.475582311881187,3.23513364848144,3.23513364848144,3.255415693426043,0.0,24.292771825471696,25.49538429207921,0.0100833306840396,0.0351178068651034,0.0798650168728909,0.0410167533217793,0.0,0.0,0.0,3.655172413793104,0.0,0.0,0.0,0.0,0.0346620450606585,0.0471698113207547,0.0063211125158027,0.4545454545454545,0.0,4.700515705997516,0.0,0.0173548773189706,-2.729431574535972,0.0,829000000.0,-842000000.0,360000000.0,40500000.0,179000000.0,0.0,4.209860935524652,0.0,0.0,21.37837837837838,0.0,0.0,0.0326209223847019,0.0308584689037419,1994-02-01,0.16,bmo,,2025-04-14,1993-12-31,0.1249999999999999,15.66078125,947326.5625
1993-09-30,HUM,USD,49071,1993-09-30,1993-09-30 00:00:00,1993,Q3,782000000.0,0.0,782000000.0,1.0,0,0.0,0.0,91000000.0,691000000.0,782000000.0,782000000.0,0.0,1000000.0,12000000.0,0.0,0.0,0.0,0.0,0.0,0.0,0.0,15000000.0,23000000.0,0.0294117647,0.15,0.15,153333332,153333332,,,5.100000044347826,0.1500000013043478,0.6717391362759925,0.6326087011531192,2.6673913275425334,5.543478309073724,5.543478309073724,5.543478309073724,0.1043478269943289,1974933316.16,1580933316.16,21.46666648,2.525490174117647,19.17410986563107,20.36013728,2.3234509601882354,2.3234509601882354,2.021653856982097,0.0,15.348867147184468,16.298281609896907,0.0116459628341884,0.0491155823876645,0.0176470588235294,0.0091575091575091,0.0,0.0,0.0,4.478260869565218,0.0,0.0,0.0,0.0,0.0,0.058252427184466,0.0076726342710997,0.5,0.0,4.325417835979879,,0.014041514041514,-2.256521758752363,0.0,850000000.0,-788000000.0,306000000.0,41500000.0,182000000.0,0.0,5.063938618925832,0.0,0.0,17.772727272727273,0.0,0.0,0.0270588235294117,0.0391304351228733,1993-10-19,0.12,bmo,,2025-04-14,1993-09-30,0.25,12.275625,1374336.0
1993-06-30,HUM,USD,49071,1993-06-30,1993-06-30 00:00:00,1993,Q2,778000000.0,0.0,778000000.0,1.0,0,0.0,0.0,91000000.0,687000000.0,778000000.0,778000000.0,0.0,2000000.0,12000000.0,0.0,0.0,0.0,0.0,0.0,0.0,0.0,11000000.0,19000000.0,0.0244215938,0.12,0.12,158333332,158333332,,,4.9136842519047095,0.1200000010105263,0.2526315810747923,0.195789475332964,1.97052633238338,3.637894767477008,3.637894767477008,3.637894767477008,0.1073684219567867,1781249985.0,1484249985.0,23.43749980263157,2.2895244023136248,44.531249625,57.45967693548387,3.0924478906250004,3.0924478906250004,1.90777633033419,0.0,37.106249625,47.87903177419355,0.0106666667564912,0.0174035089184856,0.0260416666666666,0.0115207373271889,0.0,0.0,0.0,2.1052631578947367,0.0,0.0,0.0,0.0,0.0,0.225,0.0115681233933161,0.75,0.0,3.134057426867313,,0.0145929339477726,-2.430000020463158,0.0,576000000.0,-726000000.0,304000000.0,77500000.0,368000000.0,0.0,4.5115681233933165,0.0,0.0,19.94871794871795,0.0,0.0,0.0329861111111111,0.0568421057418282,1993-06-30,,bmo,,2025-04-14,1993-06-30,,9.698571428571428,1732012.746031746
1993-03-31,HUM,USD,49071,1993-03-31,1993-03-31 00:00:00,1993,Q1,786000000.0,0.0,786000000.0,1.0,0,0.0,0.0,93000000.0,693000000.0,786000000.0,786000000.0,0.0,2000000.0,12000000.0,0.0,0.0,0.0,0.0,0.0,0.0,0.0,11000000.0,18000000.0,0.0229007634,0.11,0.11,163636362,163636362,,,4.803333381366667,0.1100000011,-0.3911111150222223,-0.4400000044,1.8333333516666668,3.391666700583334,3.391666700583334,3.391666700583334,0.1344444457888889,1289454532.56,1009454532.56,17.90909073,1.640527395114504,-20.14772707125,-17.90909073,2.323341500108108,2.323341500108108,1.2842932984223918,0.0,-15.77272707125,-14.02020184111111,0.013959391002538,-0.0558375640101522,0.036036036036036,0.0157109190887666,0.0,0.0,0.0,-3.555555555555556,1.760786802030457,126.136362375,0.0,0.0,0.0,-0.125,0.010178117048346,0.6666666666666666,0.0,2.897304811007551,,0.01413982717989,-2.022777798005556,0.0,555000000.0,-718000000.0,312000000.0,375000000.0,349500000.0,0.0,13.282442748091604,0.0,0.0,6.775862068965517,0.0,0.0,0.0324324324324324,0.0488888893777777,1993-07-20,0.1,bmo,,2025-04-14,1993-03-31,0.1999999999999999,16.37338709677419,822038.7096774194
1992-11-30,HUM,USD,49071,1992-11-30,1992-11-30 00:00:00,1992,Q4,974000000.0,0.0,974000000.0,1.0,0,0.0,0.0,55000000.0,919000000.0,974000000.0,974000000.0,0.0,17000000.0,58000000.0,0.0,0.0,0.0,0.0,0.0,0.0,0.0,33000000.0,64000000.0,0.0657084189,0.4,0.4,159999998,159999998,,,6.087500076093751,0.400000005,0.7812500097656251,0.350000004375,0.181250002265625,12.4250001553125,12.4250001553125,12.4250001553125,4.418750055234376,3300799958.74,3961799958.74,12.893749838828125,3.3889116619507185,26.40639966992,58.94285640607143,1.6603621522837022,1.6603621522837022,4.067556425811088,0.0,31.69439966992,70.74642783464286,0.0193892392147358,0.0169655843128938,0.3470824949698189,0.1823949246629659,0.0,0.0,0.0,1.953125,0.0109064470582889,0.5625,0.0,0.0,0.0,0.552,0.0708418891170431,1.1896551724137931,0.0,10.574734171392915,,0.0169177901136664,-8.065625100820315,0.0,1988000000.0,-1795000000.0,2154000000.0,635000000.0,127000000.0,0.0,58.58316221765914,0.0,0.0,1.5362776025236593,0.0,0.0,0.0321931589537223,0.4312500053906251,1992-11-30,,bmo,,2025-04-14,1992-11-30,,21.2759375,541615.65625
1992-08-31,HUM,USD,49071,1992-08-31,1992-08-31 00:00:00,1992,Q3,-772000000.0,0.0,-772000000.0,1.0,0,0.0,0.0,186000000.0,-958000000.0,-772000000.0,-772000000.0,0.0,16000000.0,24000000.0,0.0,0.0,0.0,0.0,0.0,0.0,0.0,-25000000.0,-114300000.0,0.1480569948,-0.7,-0.7,163402596,163402596,,,-4.724527142763387,-0.6994992906967035,1.5605627220267664,1.4136862305418942,0.0,12.337625284729258,12.337625284729258,12.337625284729258,4.400174890734294,3349753218.0,4052753218.0,-7.326669330708662,-4.33905857253886,13.136287129411764,14.501096181818182,1.6615839375,1.6615839375,-5.249680334196891,0.0,15.893149874509804,17.544386225108227,-0.0341219166193513,0.0689603039288728,0.3487103174603174,0.186769394261424,0.0,0.0,0.0,-1.5426497277676952,0.0107470603525516,-0.3149606299212598,0.0,0.0,0.0,0.0941176470588235,-0.0310880829015544,1.0,0.0,,,-0.0303666312433581,-7.778334194886353,0.0,2016000000.0,-1748000000.0,2175000000.0,696500000.0,137500000.0,0.0,-74.14507772020725,0.0,0.0,-1.2138364779874211,0.0,0.0,-0.0566964285714285,0.1468764914848721,1993-03-20,0.48,bmo,,2025-04-14,1992-08-31,-0.75,22.3346875,489160.9375
1992-05-31,HUM,USD,49071,1992-05-31,1992-05-31 00:00:00,1992,Q2,1627000000.0,0.0,1627000000.0,1.0,0,0.0,0.0,60000000.0,1567000000.0,1627000000.0,1627000000.0,0.0,19000000.0,73000000.0,0.0,0.0,0.0,0.0,0.0,0.0,0.0,43000000.0,75000000.0,0.0460971112,0.48,0.48,156249998,156249998,,,10.412800133283842,0.480000006144,0.5888000075366401,0.160000002048,0.5824000074547201,13.542400173342722,13.542400173342722,13.542400173342722,5.190400066437121,3203124959.0,3904124959.0,10.677083196666668,1.9687307676705592,34.81657564130435,128.12499836,1.5137641583175805,1.5137641583175805,2.3995851007990168,0.0,42.43614085869565,156.16499836,0.0234146344460487,0.0078048781486829,0.3742911153119093,0.1758827448367755,0.0,0.0,0.0,1.2266666666666666,0.0112390245341034,0.48,0.0,0.0,0.0,0.7282608695652174,0.0411800860479409,0.9178082191780822,0.0,12.09371422451361,,0.0166555629580279,-11.06080014157824,0.0,2116000000.0,-2387000000.0,2627000000.0,764000000.0,143500000.0,0.0,41.87461585740627,0.0,0.0,2.1492734478203435,0.0,0.0,0.0354442344045368,0.42880000548864,1992-05-31,,bmo,,2025-04-14,1992-05-31,,22.71238095238095,495285.7142857143
1992-02-29,HUM,USD,49071,1992-02-29,1992-02-29 00:00:00,1992,Q1,1624000000.0,0.0,1624000000.0,1.0,0,0.0,0.0,64000000.0,1560000000.0,1624000000.0,1624000000.0,0.0,17000000.0,71000000.0,0.0,0.0,0.0,0.0,0.0,0.0,0.0,48000000.0,86000000.0,0.052955665,0.54,0.54,159259258,159259258,,,10.19720938295468,0.5400000042697675,1.3060465219547863,0.7409302384166577,0.4206976777450514,13.230000104609305,13.230000104609305,13.230000104609305,4.966744225318442,4021296264.5,4728296264.5,11.68981472238372,2.476167650554187,19.33315511778846,34.078781902542374,1.908541179164689,1.908541179164689,2.911512478140394,0.0,22.732193579326925,40.070307326271184,0.021386138782961,0.0293437718184814,0.3673469387755102,0.1726137377341659,0.0,0.0,0.0,2.4186046511627906,0.0087036611326004,0.4069767441860465,0.0,0.0,0.0,0.4326923076923077,0.0554187192118226,1.267605633802817,0.0,12.678505532672457,,0.0191793041926851,-10.873779155746162,0.0,2107000000.0,-2377000000.0,2643000000.0,791500000.0,152000000.0,0.0,42.72783251231528,0.0,0.0,2.106355382619974,0.0,0.0,0.0408163265306122,0.5651162835381287,1992-02-29,,bmo,,2025-04-14,1992-02-29,,26.45015873015873,578320.6349206349
1991-11-30,HUM,USD,49071,1991-11-30,1991-11-30 00:00:00,1991,Q4,1564000000.0,0.0,1564000000.0,1.0,0,0.0,0.0,61000000.0,1503000000.0,1564000000.0,1564000000.0,0.0,19000000.0,70000000.0,0.0,0.0,0.0,0.0,0.0,0.0,0.0,43000000.0,76000000.0,0.0485933504,0.48,0.48,158333332,158333332,,,9.877894820024377,0.4800000040421053,0.7515789536975069,-0.0252631581074792,0.031578947634349,12.74526326522327,12.74526326522327,12.74526326522327,5.393684255946815,3820583301.16,4650583301.16,12.5677082275,2.4428281976726343,32.10574202655462,-955.14582529,1.8932523791674924,1.8932523791674924,2.9735187347570333,0.0,39.080531942521006,-1162.64582529,0.0198922504783301,-0.001046960551491,0.4137760158572844,0.1862176628010704,0.0,0.0,0.0,1.5657894736842106,0.0094226449634195,0.4736842105263157,0.0,0.0,0.0,1.0336134453781514,0.0786445012787723,1.7571428571428571,0.0,11.732384430436955,,0.0169491525423728,-11.696842203762882,0.0,2018000000.0,-2466000000.0,2647000000.0,800500000.0,168000000.0,0.0,46.72634271099745,0.0,0.0,1.9261083743842364,0.0,0.0,0.0376610505450941,0.7768421118049862,1991-11-30,,bmo,,2025-04-14,1991-11-30,,26.420625,758096.90625
1991-08-31,HUM,USD,49071,1991-08-31,1991-08-31 00:00:00,1991,Q3,0.0,0.0,0.0,0.0,0,0.0,0.0,0.0,0.0,0.0,0.0,0.0,0.0,0.0,0.0,0.0,0.0,0.0,0.0,0.0,0.0,0.0,88600000.0,,0.55,0.55,160950161,160950161,,,0.0,0.5504809653467821,,,0.4597696550300437,12.482124823721051,12.482124823721051,12.482124823721051,5.256285515613743,5230880232.5,6002880232.5,14.759820069130924,0.0,0.0,0.0,2.603723361124937,2.603723361124937,0.0,0.0,0.0,0.0,0.016937875856824,,0.4211050273768044,0.1911000677659814,0.0,0.0,0.0,0.0,0.006912923076923,0.4081340030685101,0.0,0.0,0.0,0.0,0.0,0.0,0.0,12.433880036302924,,0.0200135531962954,-10.886910513870191,0.0,2009000000.0,-2418000000.0,2573000000.0,,,,0.0,0.0,0.0,0.0,0.0,0.0,0.0441015430562468,,1991-08-31,,bmo,,2025-04-14,1991-08-31,,32.101875,325575.78125
1991-05-31,HUM,USD,49071,1991-05-31,1991-05-31 00:00:00,1991,Q2,0.0,0.0,0.0,0.0,0,0.0,0.0,0.0,0.0,0.0,0.0,0.0,0.0,0.0,0.0,0.0,0.0,0.0,0.0,0.0,0.0,0.0,88800000.0,,0.57,0.57,155789472,155789472,,,0.0,0.5700000061621622,,,,,,,,5374736784.0,,15.131578783783786,0.0,0.0,0.0,0.0,0.0,0.0,0.0,0.0,0.0,0.0165217393090481,,0.0,0.0,0.0,0.0,0.0,0.0,0.0057971014492753,0.3508771891891892,0.0,0.0,0.0,0.0,0.0,0.0,0.0,,0.0,0.0,,,,,,,,,0.0,0.0,0.0,0.0,0.0,0.0,0.0,,1991-05-31,,bmo,,2025-04-14,1991-05-31,,33.238125,342890.625
1991-02-28,HUM,USD,49071,1991-02-28,1991-02-28 00:00:00,1991,Q1,0.0,0.0,0.0,0.0,0,0.0,0.0,0.0,0.0,0.0,0.0,0.0,0.0,0.0,0.0,0.0,0.0,0.0,0.0,0.0,0.0,0.0,88800000.0,,0.56,0.56,158571427,158571427,,,0.0,0.5600000055495497,,,,,,,,4796785666.75,,13.50446415188626,0.0,0.0,0.0,0.0,0.0,0.0,0.0,0.0,0.0,0.018512396877671,,0.0,0.0,0.0,0.0,0.0,0.0,0.0066115702479338,0.3571428536036036,0.0,0.0,0.0,0.0,0.0,0.0,0.0,,0.0,0.0,,,,,,,,,0.0,0.0,0.0,0.0,0.0,0.0,0.0,,1991-02-28,,bmo,,2025-04-14,1991-02-28,,29.70229508196721,707886.8852459016
1990-11-30,HUM,USD,49071,1990-11-30,1990-11-30 00:00:00,1990,Q4,1330000000.0,0.0,1330000000.0,1.0,0,0.0,0.0,52000000.0,1278000000.0,1330000000.0,1330000000.0,0.0,25000000.0,59000000.0,0.0,0.0,0.0,0.0,0.0,0.0,0.0,44000000.0,75000000.0,0.0563909774,0.72,0.72,104166666,104166666,,,12.7680000817152,0.7200000046080001,1.04640000669696,-0.24960000159744,1.0560000067584,16.98240010868736,16.98240010868736,16.98240010868736,8.563200054804481,2994791647.5,3751791647.5,9.982638825,2.2517230432330826,27.475152729357795,-115.1842941346154,1.6929291393442625,1.6929291393442625,2.82089597556391,0.0,34.42010685779817,-144.29967875,0.0250434784211478,-0.0086817391859979,0.4901074053137366,0.2084635729742726,0.0,0.0,0.0,1.4533333333333334,0.0103513044140744,0.4133333333333333,0.0,0.0,0.0,1.238532110091743,0.1015037593984962,2.288135593220339,0.0,16.586587458590465,,0.0180331810531377,-16.5960001062144,0.0,1769000000.0,-2390000000.0,2370000000.0,707450000.0,152050000.0,0.0,49.73684210526316,0.0,0.0,1.809523809523809,0.0,0.0,0.0423968343697004,1.2960000082944,1990-11-30,,bmo,,2025-04-14,1990-11-30,,28.7940625,475732.03125
1990-08-31,HUM,USD,49071,1990-08-31,1990-08-31 00:00:00,1990,Q3,1280300000.0,0.0,1280300000.0,1.0,0,0.0,0.0,75100000.0,1205200000.0,1280300000.0,1280300000.0,0.0,18200000.0,61600000.0,0.0,0.0,0.0,0.0,0.0,0.0,0.0,48300000.0,85100000.0,0.0664687964,0.78,0.78,101126125,101126125,,,12.660427757911222,0.8415233946717527,3.462013401581441,3.5688107301649303,0.9839198327830716,17.301167230525248,17.301167230525248,17.301167230525248,7.613265118187807,3101538253.75,3753738253.75,9.111451979289072,2.4225089851987813,8.859006723079121,8.59389928996952,1.7727127650605854,1.7727127650605854,2.931920841794892,0.0,10.721903038417596,10.401048084649489,0.0274379978699625,0.116361614938537,0.4296410608139003,0.1909855433318936,0.0,0.0,0.0,4.113983548766157,0.0100917665491166,0.3678025851938895,0.0,0.0,0.0,0.0308483290488431,0.0084355229243146,0.1753246753246753,0.0,18.099311645511385,,0.0216214842856779,-15.593151621304584,0.0,1749600000.0,-2186300000.0,2277600000.0,703000000.0,138550000.0,0.0,47.79426696867922,0.0,0.0,1.8830710398588029,0.0,0.0,0.0486396890717878,0.1067973285834891,1990-08-31,,bmo,,2025-04-14,1990-08-31,,30.78809523809524,319680.9523809524
1990-05-31,HUM,USD,49071,1990-05-31,1990-05-31 00:00:00,1990,Q2,1271700000.0,0.0,1271700000.0,1.0,0,0.0,0.0,58000000.0,1213700000.0,1271700000.0,1271700000.0,0.0,29100000.0,58800000.0,0.0,0.0,0.0,0.0,0.0,0.0,0.0,48400000.0,85300000.0,0.0670755681,0.84,0.84,101547618,101547618,,,12.523188874799605,0.8400000086658852,1.8346072873910249,-0.1477139522859118,1.2673857106131234,14.358780921872537,14.358780921872537,14.358780921872537,11.895896957425432,3046428540.0,4096628540.0,8.928571336459555,2.395555980184006,16.35227342995169,-203.095236,2.089313860503395,2.089313860503395,3.2213796807423134,0.0,21.98941782071927,-273.1085693333333,0.0280000002888628,-0.0049237984095303,0.8085179342980591,0.2947176320591985,0.0,0.0,0.0,2.184056271981243,0.0084032826189318,0.3001172332942555,0.0,0.0,0.0,1.0805152979066022,0.1582920500117952,3.423469387755102,0.0,16.473644473009024,,0.0213244668883277,-18.40245036569937,0.0,1458100000.0,-2542000000.0,2238000000.0,733750000.0,126300000.0,0.0,51.38711960368011,0.0,0.0,1.7514116512877014,0.0,0.0,0.0585007886976201,1.9823212396769363,1990-05-31,,bmo,,2025-04-14,1990-05-31,,28.844444444444445,415247.6190476191
1990-02-28,HUM,USD,49071,1990-02-28,1990-02-28 00:00:00,1990,Q1,1192500000.0,0.0,1192500000.0,1.0,0,0.0,0.0,52600000.0,1139900000.0,1192500000.0,1192500000.0,0.0,30700000.0,56000000.0,0.0,0.0,0.0,0.0,0.0,0.0,0.0,43000000.0,75900000.0,0.0636477987,0.75,0.75,101199999,101199999,,,11.78359695438337,0.7500000074110673,,,1.3339921080434003,14.062253103381948,14.062253103381948,14.062253103381948,12.109683914127311,2572503974.5800004,3632303974.58,8.473333249604742,2.1572360373836483,0.0,0.0,1.807676181982995,1.807676181982995,3.045957211387841,0.0,0.0,0.0,0.0295043275928822,,0.8395755744501441,0.3051150437958068,0.0,0.0,0.0,0.0,0.0068186467348544,0.2311066643830039,0.0,0.0,0.0,0.0,,0.0,,15.404561774501644,,0.0193825174289435,-17.803853930868122,0.0,1423100000.0,-2492800000.0,2097700000.0,,,,55.95471698113207,0.0,0.0,1.608443485298085,0.0,0.0,0.0533342702550769,,1990-02-28,,bmo,,2025-04-14,1990-02-28,,26.26761904761905,338342.8571428572
