date,symbol,reportedCurrency,cik,fillingDate,acceptedDate,calendarYear,period,revenue,costOfRevenue,grossProfit,grossProfitRatio,researchAndDevelopmentExpenses,generalAndAdministrativeExpenses,sellingAndMarketingExpenses,sellingGeneralAndAdministrativeExpenses,otherExpenses,operatingExpenses,costAndExpenses,interestIncome,interestExpense,depreciationAndAmortization,ebitda,ebitdaratio,operatingIncome,operatingIncomeRatio,totalOtherIncomeExpensesNet,incomeBeforeTax,incomeBeforeTaxRatio,incomeTaxExpense,netIncome,netIncomeRatio,eps,epsdiluted,weightedAverageShsOut,weightedAverageShsOutDil,link,finalLink,revenuePerShare,netIncomePerShare,operatingCashFlowPerShare,freeCashFlowPerShare,cashPerShare,bookValuePerShare,tangibleBookValuePerShare,shareholdersEquityPerShare,interestDebtPerShare,marketCap,enterpriseValue,peRatio,priceToSalesRatio,pocfratio,pfcfRatio,pbRatio,ptbRatio,evToSales,enterpriseValueOverEBITDA,evToOperatingCashFlow,evToFreeCashFlow,earningsYield,freeCashFlowYield,debtToEquity,debtToAssets,netDebtToEBITDA,currentRatio,interestCoverage,incomeQuality,dividendYield,payoutRatio,salesGeneralAndAdministrativeToRevenue,researchAndDdevelopementToRevenue,intangiblesToTotalAssets,capexToOperatingCashFlow,capexToRevenue,capexToDepreciation,stockBasedCompensationToRevenue,grahamNumber,roic,returnOnTangibleAssets,grahamNetNet,workingCapital,tangibleAssetValue,netCurrentAssetValue,investedCapital,averageReceivables,averagePayables,averageInventory,daysSalesOutstanding,daysPayablesOutstanding,daysOfInventoryOnHand,receivablesTurnover,payablesTurnover,inventoryTurnover,roe,capexPerShare,report_date,epsEstimated,time,revenueEstimated,updatedFromDate,fiscalDateEnding,surprise(%),QuarterAvgPrice,QuarterAvgVolume
2025-03-31,HWM,USD,4281,2025-05-01,2025-05-01 16:42:19,2025,Q1,1942000000.0,1290000000.0,652000000.0,0.3357363543,8000000,0.0,0.0,85000000.0,0.0,158000000.0,1448000000.0,0.0,39000000.0,69000000.0,554000000.0,0.2852729145,494000000.0,0.254376931,-48000000.0,446000000.0,0.2296601442,102000000.0,344000000.0,0.1771369722,0.85,0.84,405000000,407000000,https://www.sec.gov/Archives/edgar/data/4281/000000428125000019/0000004281-25-000019-index.htm,https://www.sec.gov/Archives/edgar/data/4281/000000428125000019/hwm-20250331.htm,4.795061728395062,0.8493827160493828,0.6246913580246913,0.3308641975308642,1.3234567901234568,11.832098765432098,0.725925925925926,11.832098765432098,8.696296296296296,52540649999.99999,55487649999.99999,38.18361191860465,27.054917610710604,207.6705533596838,392.09440298507457,10.964242487479131,10.964242487479131,28.572425334706484,100.15821299638988,219.3187747035573,414.0869402985074,0.0065473114626484,0.0025504062092874,0.7268363939899833,0.3233382844411437,5.319494584837545,2.295865633074935,12.666666666666666,0.7354651162790697,0.0007993810506721,0.1220930232558139,0.0,0.0041194644696189,0.4175640549572967,0.4703557312252964,0.0612770339855818,1.7246376811594204,0.0072090628218331,15.037438418288318,0.041276397088578,0.05482945489321,-9.425308641975308,2006000000.0,294000000.0,-2426000000.0,8944000000.0,805000000.0,969500000.0,1871000000.0,41.75592173017508,69.13953488372093,132.69767441860463,2.155382907880133,1.301715438950555,0.6782334384858044,0.0717863105175292,0.2938271604938272,2025-05-01,0.776,bmo,1941251500.0,2025-05-11,2025-03-31,0.1082474226804123,127.00583333333334,2890582.35
2024-12-31,HWM,USD,4281,2025-02-14,2025-02-13 17:35:08,2024,Q4,1891000000.0,1350000000.0,541000000.0,0.2860920148,7000000,92000000.0,-15000000.0,77000000.0,0.0,84000000.0,1446000000.0,5000000.0,40000000.0,73000000.0,505000000.0,0.2670544685,445000000.0,0.2353252247,-53000000.0,392000000.0,0.2072977261,78000000.0,314000000.0,0.1660497091,0.77,0.77,406000000,408000000,https://www.sec.gov/Archives/edgar/data/4281/000000428125000011/0000004281-25-000011-index.htm,https://www.sec.gov/Archives/edgar/data/4281/000000428125000011/hwm-20241231.htm,4.657635467980295,0.7733990147783252,1.1822660098522169,0.9310344827586208,1.3891625615763548,11.216748768472906,0.1699507389162561,11.216748768472906,8.647783251231527,44404220000.0,47311220000.0,35.35367834394904,23.4818720253834,92.50879166666668,117.47148148148148,9.750597277119017,9.750597277119017,25.019153886832363,93.68558415841584,98.56504166666669,125.16195767195768,0.0070713999705433,0.0085127044231381,0.7621870882740448,0.3299743321608518,5.756435643564356,2.170432537120723,11.125,1.5286624203821657,0.0007431726083692,0.1050955414012738,0.0486515071390798,0.0037017451084082,0.4263713280730107,0.2125,0.0539397144368059,1.3972602739726028,0.0047593865679534,13.970970082547636,0.039548882906097,0.0520384487901889,-9.727216748768472,1813000000.0,69000000.0,-2603000000.0,8839000000.0,742000000.0,932500000.0,1871000000.0,33.74405076679005,63.2,122.66666666666669,2.667136812411848,1.4240506329113924,0.7336956521739131,0.0689503732981993,0.2512315270935961,2025-02-13,0.71,bmo,1879664403.0,2025-05-11,2024-12-31,0.0422535211267606,109.5059375,2254597.984375
2024-09-30,HWM,USD,4281,2024-11-07,2024-11-06 17:42:04,2024,Q3,1835000000.0,1253000000.0,582000000.0,0.3171662125,9000000,85000000.0,0.0,85000000.0,67000000.0,94000000.0,1347000000.0,4000000.0,44000000.0,68000000.0,466000000.0,0.2539509537,421000000.0,0.2294277929,-67000000.0,354000000.0,0.1929155313,22000000.0,332000000.0,0.1809264305,0.81,0.81,408000000,410000000,https://www.sec.gov/Archives/edgar/data/4281/000000428124000034/0000004281-24-000034-index.htm,https://www.sec.gov/Archives/edgar/data/4281/000000428124000034/hwm-20240930.htm,4.497549019607843,0.8137254901960784,0.5980392156862745,0.3970588235294117,1.16421568627451,11.036764705882351,-0.0686274509803921,11.036764705882351,8.426470588235293,40902000000.0,43821000000.0,30.799698795180724,22.28991825613079,167.63114754098362,252.4814814814815,9.08327781479014,9.08327781479014,23.88065395095368,94.03648068669528,179.59426229508196,270.5,0.0081169624957214,0.0039606865189966,0.7537197423939596,0.3214623981814737,6.263948497854077,2.2353328938694794,9.568181818181818,0.7349397590361446,0.0008312551953449,0.1024096385542168,0.0463215258855585,0.0049046321525885,0.4291532487213487,0.3360655737704918,0.0446866485013624,1.2058823529411764,0.0087193460490463,14.215139019216103,0.0436669053519232,0.0550854488136718,-9.920955882352942,1874000000.0,-28000000.0,-2664000000.0,8763000000.0,771500000.0,944000000.0,1875000000.0,38.01089918256131,65.8659217877095,136.61612130885874,2.367741935483871,1.366412213740458,0.6587802313354364,0.0737286253608705,0.2009803921568627,2024-11-06,0.66,bmo,1852345850.0,2025-04-24,2024-09-30,0.0757575757575756,90.289375,2695223.15625
2024-06-30,HWM,USD,4281,2024-07-30,2024-07-30 17:18:07,2024,Q2,1880000000.0,1356000000.0,524000000.0,0.2787234043,7000000,106000000.0,-9000000.0,97000000.0,-2000000.0,104000000.0,1460000000.0,6000000.0,49000000.0,69000000.0,452000000.0,0.2404255319,420000000.0,0.2234042553,-64000000.0,334000000.0,0.1776595745,68000000.0,266000000.0,0.1414893617,0.65,0.65,408000000,411000000,https://www.sec.gov/Archives/edgar/data/4281/000000428124000026/0000004281-24-000026-index.htm,https://www.sec.gov/Archives/edgar/data/4281/000000428124000026/hwm-20240630.htm,4.607843137254902,0.6519607843137255,0.9730392156862744,0.8382352941176471,1.8455882352941173,10.482843137254902,-0.5588235294117647,10.482843137254902,9.47549019607843,31538400000.0,34602400000.0,29.641353383458643,16.775744680851062,79.44181360201512,92.21754385964913,7.373953705868599,7.373953705868599,18.40553191489362,76.55398230088495,87.15969773299749,101.1766081871345,0.0084341627983664,0.0108439235978997,0.8924479775543606,0.3574304710178855,6.778761061946903,1.5279898218829515,8.571428571428571,1.4924812030075187,0.0006658549577657,0.0789473684210526,0.0563829787234042,0.0037234042553191,0.4218559790242532,0.1385390428211587,0.0292553191489361,0.7971014492753623,0.0122340425531914,12.40056689252775,0.0365963914621522,0.0430839002267573,-10.169117647058824,1245000000.0,-228000000.0,-2799000000.0,8214000000.0,785500000.0,967500000.0,1815500000.0,36.765957446808514,64.44690265486726,122.65486725663716,2.4479166666666665,1.396498455200824,0.7337662337662337,0.0621931260229132,0.1348039215686274,2024-07-30,0.6,bmo,1834009444.0,2025-04-24,2024-06-30,0.1166666666666667,75.71920634920636,3147256.301587302
2024-03-31,HWM,USD,4281,2024-05-02,2024-05-02 16:31:49,2024,Q1,1824000000.0,1357000000.0,467000000.0,0.2560307018,10000000,88000000.0,0.0,88000000.0,-12000000.0,98000000.0,1455000000.0,5000000.0,49000000.0,67000000.0,419000000.0,0.2297149123,369000000.0,0.2023026316,-66000000.0,303000000.0,0.1661184211,60000000.0,243000000.0,0.1332236842,0.59,0.59,410000000,412000000,https://www.sec.gov/Archives/edgar/data/4281/000000428124000014/0000004281-24-000014-index.htm,https://www.sec.gov/Archives/edgar/data/4281/000000428124000014/hwm-20240331.htm,4.4487804878048784,0.5926829268292683,0.4317073170731707,0.2317073170731707,1.302439024390244,9.965853658536586,-1.053658536585366,9.965853658536586,9.482926829268292,27105100000.0,30410100000.0,27.88590534979424,14.860252192982456,153.1361581920904,285.3168421052632,6.633651492902594,6.633651492902594,16.67220394736842,72.57780429594273,171.80847457627118,320.1063157894737,0.008965102508384,0.0035048754662406,0.9395496818404308,0.3687800192122958,7.88782816229117,1.967020023557126,7.530612244897959,0.7283950617283951,0.0007747619451689,0.0864197530864197,0.0482456140350877,0.0054824561403508,0.4340057636887608,0.4632768361581921,0.0449561403508771,1.2238805970149254,0.0082236842105263,11.528152695926906,0.0330538024203403,0.0412423625254582,-10.478658536585366,1642000000.0,-432000000.0,-2984000000.0,8600000000.0,747500000.0,973000000.0,1774000000.0,39.62171052631579,63.93515106853353,118.25350036845984,2.27148194271482,1.407676348547718,0.7610768367919237,0.0594713656387665,0.2,2024-05-02,0.52,bmo,1736423188.0,2025-04-24,2024-03-31,0.096153846153846,61.312295081967214,3375761.5081967213
2023-12-31,HWM,USD,4281,2024-02-13,2024-02-13 17:05:19,2023,Q4,1731000000.0,1230000000.0,501000000.0,0.2894280763,9000000,93000000.0,0.0,93000000.0,0.0,170000000.0,1400000000.0,8000000.0,52000000.0,68000000.0,390000000.0,0.2253032929,326000000.0,0.1883304448,-56000000.0,270000000.0,0.1559792028,34000000.0,236000000.0,0.1363373772,0.57,0.57,411218336,413941353,https://www.sec.gov/Archives/edgar/data/4281/000000428124000007/0000004281-24-000007-index.htm,https://www.sec.gov/Archives/edgar/data/4281/000000428124000007/hwm-20231231.htm,4.209442645086721,0.5739043698673981,1.113763565251137,0.9800146654939044,1.48339688821658,9.817169242180874,-1.2231944832343271,9.817169242180874,9.45239951557024,22255136344.32,25480136344.32,23.575356296949156,12.856808979965338,48.59200075179039,55.22366338540943,5.512790771444141,5.512790771444141,14.719893901975736,65.33368293415384,55.6334854679476,63.2261447749876,0.0106042936043495,0.0181081793328511,0.9499628436958136,0.3677598772535481,8.26923076923077,1.858744394618834,6.269230769230769,1.9406779661016949,0.0009436023969972,0.0889830508474576,0.0537261698440207,0.0051993067590987,0.4353663214422708,0.1200873362445414,0.0317735413056037,0.8088235294117647,0.0063547082611207,11.25911263714183,0.0320815298523022,0.0400815217391304,-10.650060117941823,1532000000.0,-503000000.0,-3075000000.0,8528000000.0,709500000.0,938000000.0,1756500000.0,35.97920277296361,71.85365853658537,129.14634146341464,2.5014450867052025,1.2525458248472503,0.6968838526912181,0.0584592519197423,0.1337488997572326,2024-02-13,0.47,bmo,1652929177.0,2025-04-24,2023-12-31,0.1276595744680852,49.32888888888888,2351507.53968254
2023-09-30,HWM,USD,4281,2023-11-02,2023-11-02 16:26:11,2023,Q3,1658000000.0,1183000000.0,475000000.0,0.2864897467,9000000,94000000.0,-7000000.0,87000000.0,-11000000.0,164000000.0,1347000000.0,5000000.0,54000000.0,68000000.0,364000000.0,0.2195416164,307000000.0,0.1851628468,-65000000.0,242000000.0,0.1459589867,54000000.0,188000000.0,0.1133896261,0.45,0.45,412000000,415000000,https://www.sec.gov/Archives/edgar/data/4281/000000428123000020/0000004281-23-000020-index.htm,https://www.sec.gov/Archives/edgar/data/4281/000000428123000020/hwm-20230930.htm,4.024271844660194,0.4563106796116505,0.4635922330097087,0.3203883495145631,1.029126213592233,9.398058252427184,-1.558252427184466,9.398058252427184,9.33980582524272,19055000000.0,22425000000.0,25.33909574468085,11.49276236429433,99.76439790575915,144.3560606060606,4.921229338842975,4.921229338842975,13.525331724969844,61.60714285714285,117.4083769633508,169.88636363636363,0.0098661768564681,0.0069273156651797,0.9798553719008264,0.3732048003147747,9.25824175824176,2.139614855570839,5.685185185185185,1.0159574468085106,0.0008921542902125,0.0904255319148936,0.0566948130277442,0.0054282267792521,0.4440291166633878,0.3089005235602094,0.0355850422195416,0.8676470588235294,0.0078407720144752,9.82292078937756,0.02727537371553,0.0332625619249823,-10.802791262135925,1657000000.0,-642000000.0,-3183000000.0,8467000000.0,699000000.0,887500000.0,1731500000.0,39.46320868516284,68.01352493660187,132.98393913778528,2.2806052269601103,1.3232662192393736,0.6767734553775744,0.0485537190082644,0.1432038834951456,2023-11-02,0.43,bmo,1593980000.0,2025-04-24,2023-09-30,0.0697674418604651,48.72634920634921,2534932.26984127
2023-06-30,HWM,USD,4281,2023-08-01,2023-08-01 16:51:48,2023,Q2,1648000000.0,1196000000.0,452000000.0,0.2742718447,9000000,99000000.0,-11000000.0,88000000.0,13000000.0,164000000.0,1360000000.0,5000000.0,55000000.0,67000000.0,365000000.0,0.2214805825,285000000.0,0.1729368932,-42000000.0,243000000.0,0.1474514563,50000000.0,193000000.0,0.1171116505,0.47,0.46,413000000,417000000,https://www.sec.gov/Archives/edgar/data/4281/000000428123000016/0000004281-23-000016-index.htm,https://www.sec.gov/Archives/edgar/data/4281/000000428123000016/hwm-20230630.htm,3.990314769975787,0.4673123486682808,0.5544794188861986,0.4552058111380145,1.2953995157384988,9.14043583535109,-1.849878934624697,9.14043583535109,9.79176755447942,20468280000.0,23922280000.0,26.51331606217617,12.42007281553398,89.38113537117904,108.87382978723404,5.422060927152318,5.422060927152318,14.515946601941748,65.54049315068494,104.46410480349346,127.24617021276596,0.009429224145849,0.0091849437275628,1.0566887417218542,0.3898172578911365,9.463013698630135,2.218439716312057,5.181818181818182,1.1865284974093264,0.0008794095058304,0.0932642487046632,0.0600728155339805,0.0054611650485436,0.4435649369686309,0.1790393013100436,0.024878640776699,0.6119402985074627,0.0072815533980582,9.803436494748505,0.0255569633839175,0.0338953284158763,-11.046610169491526,1718000000.0,-764000000.0,-3330000000.0,8576000000.0,671000000.0,879000000.0,1688500000.0,36.64441747572816,66.29598662207358,129.0551839464883,2.456035767511177,1.3575482406356414,0.6973760932944606,0.0511258278145695,0.099273607748184,2023-08-01,0.43,bmo,1609470000.0,2025-04-24,2023-06-30,0.0232558139534883,44.53032258064516,2763823.14516129
2023-03-31,HWM,USD,4281,2023-05-02,2023-05-02 16:24:00,2023,Q1,1603000000.0,1164000000.0,439000000.0,0.2738615097,9000000,78000000.0,-3000000.0,75000000.0,69000000.0,153000000.0,1317000000.0,5000000.0,57000000.0,69000000.0,346000000.0,0.2158452901,285000000.0,0.1777916407,-65000000.0,220000000.0,0.13724267,72000000.0,148000000.0,0.0923268871,0.36,0.35,412000000,418000000,https://www.sec.gov/Archives/edgar/data/4281/000000428123000008/0000004281-23-000008-index.htm,https://www.sec.gov/Archives/edgar/data/4281/000000428123000008/hwm-20230331.htm,3.8907766990291264,0.3592233009708738,0.0558252427184466,-0.0995145631067961,1.3033980582524272,9.12864077669903,-1.895631067961165,9.12864077669903,9.817961165048544,17456440000.0,20907440000.0,29.487229729729727,10.889856519026823,758.975652173913,-425.7668292682927,4.641435788354161,4.641435788354161,13.042694946974423,60.42612716763006,909.0191304347826,-509.93756097560976,0.0084782464236694,-0.0023487034011516,1.060356288221218,0.3919795557302929,9.97398843930636,2.178902352102637,5.0,0.1554054054054054,0.0009738526297458,0.1148648648648648,0.04865876481597,0.0056144728633811,0.4464320817770788,2.782608695652174,0.0399251403618215,0.927536231884058,0.0087336244541484,8.589671742658203,0.0217772913138655,0.026278409090909,-11.02366504854369,1654000000.0,-781000000.0,-3356000000.0,8517000000.0,604000000.0,919500000.0,1635500000.0,37.67311291328758,67.80927835051546,128.50515463917526,2.3889716840536512,1.3272519954389963,0.7003610108303249,0.0393512363733049,0.1553398058252427,2023-05-02,0.38,bmo,1487880000.0,2025-04-24,2023-03-31,0.1052631578947368,40.97548387096774,3030777.870967742
2022-12-31,HWM,USD,4281,2023-02-14,2023-02-14 17:10:40,2022,Q4,1513000000.0,1110000000.0,403000000.0,0.2663582287,9000000,0.0,0.0,63000000.0,67000000.0,139000000.0,1249000000.0,3000000.0,57000000.0,67000000.0,272000000.0,0.1797752809,220000000.0,0.1454064772,-72000000.0,148000000.0,0.0978189028,37000000.0,111000000.0,0.0733641771,0.27,0.26,413657108,419082115,https://www.sec.gov/Archives/edgar/data/4281/000000428123000004/0000004281-23-000004-index.htm,https://www.sec.gov/Archives/edgar/data/4281/000000428123000004/hwm-20221231.htm,3.657618763799896,0.2683381908670115,1.0999448364368491,0.9911590833826552,1.91221179257483,8.705277705514492,-2.255491279990286,8.705277705514492,10.19926871412542,16302226626.28,19673226626.28,36.71672663576576,10.774769746384663,35.82906950830768,39.76152835678049,4.527138746537072,4.527138746537072,13.002793540171844,72.32803906720588,43.2378607170989,47.98347957629268,0.0068088858377825,0.0251499386800978,1.155790058317134,0.4058508044856168,12.393382352941176,2.120782726045884,3.8596491228070176,4.099099099099099,0.0010428023355162,0.1531531531531531,0.0,0.0059484467944481,0.4421257922964408,0.0989010989010989,0.0297422339722405,0.6716417910447762,0.007270323859881,7.249763139998816,0.0187393526405451,0.0194022024121657,-11.255094884045846,1661000000.0,-933000000.0,-3511000000.0,8527000000.0,568500000.0,887000000.0,1610500000.0,31.943159286186383,78.0,130.45945945945945,2.817504655493482,1.1538461538461535,0.689869484151647,0.030824770896973,0.1087857530541938,2023-02-14,0.38,bmo,1466780300.0,2025-04-24,2022-12-31,0.0,36.44857142857144,3009398.6825396824
2022-09-30,HWM,USD,4281,2022-10-31,2022-10-31 16:38:42,2022,Q3,1433000000.0,1056000000.0,377000000.0,0.2630844382,7000000,0.0,0.0,73000000.0,65000000.0,145000000.0,1201000000.0,2000000.0,57000000.0,65000000.0,226000000.0,0.1577110956,161000000.0,0.1123517097,-124000000.0,104000000.0,0.0725750174,24000000.0,80000000.0,0.0558269365,0.19,0.19,415000000,420000000,https://www.sec.gov/Archives/edgar/data/4281/000000428122000020/0000004281-22-000020-index.htm,https://www.sec.gov/Archives/edgar/data/4281/000000428122000020/hwm-20220930.htm,3.4530120481927717,0.1927710843373494,0.1566265060240964,0.0554216867469879,1.091566265060241,7.886746987951807,-2.927710843373494,7.886746987951807,10.455421686746988,12835950000.0,16664950000.0,40.11234375,8.957397069085834,197.47615384615384,558.0847826086956,3.921769019248396,3.921769019248396,11.629413817166784,73.73871681415929,256.3838461538461,724.5630434782609,0.0062324954522259,0.0017918424425149,1.3082798655667582,0.4312619599153993,16.942477876106196,2.060825488776249,2.824561403508772,0.8125,0.0007011557383754,0.1125,0.0,0.0048848569434752,0.4520092657870883,0.6461538461538462,0.0293091416608513,0.6461538461538462,0.0097697138869504,5.848724416241577,0.0144342836650528,0.0147031795625804,-11.920481927710844,1465000000.0,-1215000000.0,-3810000000.0,8241000000.0,575000000.0,813000000.0,1587500000.0,37.68318213538032,69.20454545454545,137.38636363636363,2.388333333333333,1.3004926108374384,0.6550868486352357,0.0244424075771463,0.1012048192771084,2022-10-31,0.36,bmo,1444271972.0,2025-04-24,2022-09-30,0.0,35.09140625,2862963.796875
2022-06-30,HWM,USD,4281,2022-08-04,2022-08-04 16:14:45,2022,Q2,1393000000.0,987000000.0,406000000.0,0.2914572864,9000000,83000000.0,0.0,83000000.0,67000000.0,159000000.0,1146000000.0,1000000.0,57000000.0,67000000.0,307000000.0,0.2203876525,241000000.0,0.1730078966,-58000000.0,183000000.0,0.1313711414,36000000.0,147000000.0,0.1055276382,0.35,0.35,417000000,422000000,https://www.sec.gov/Archives/edgar/data/4281/000000428122000017/0000004281-22-000017-index.htm,https://www.sec.gov/Archives/edgar/data/4281/000000428122000017/hwm-20220630.htm,3.34052757793765,0.3525179856115107,0.3788968824940047,0.2733812949640288,1.287769784172662,8.203836930455635,-2.697841726618705,8.203836930455635,10.410071942446043,13114650000.0,16861650000.0,22.303826530612245,9.414680545585068,83.00411392405064,115.0407894736842,3.833572054954692,3.833572054954692,12.104558506819814,54.923941368078175,106.71930379746836,147.9092105263158,0.0112088389701593,0.0086925689972664,1.252265419467992,0.426183844011142,12.205211726384364,2.145990922844176,4.228070175438597,1.0748299319727892,0.0006862554471526,0.0612244897959183,0.059583632447954,0.0064608758076094,0.4522483087942698,0.2784810126582278,0.0315865039483129,0.6567164179104478,0.0129217516152189,8.066597892092716,0.022091768108459,0.0266981474754812,-11.750599520383693,1515000000.0,-1125000000.0,-3794000000.0,8401000000.0,539500000.0,795500000.0,1523000000.0,35.534816941852114,74.22492401215806,142.52279635258358,2.5327272727272727,1.2125307125307123,0.6314779270633397,0.0429698918444899,0.105515587529976,2022-08-04,0.33,bmo,1367523273.0,2025-04-24,2022-06-30,0.0606060606060604,34.24903225806452,2524092.1129032257
2022-03-31,HWM,USD,4281,2022-05-03,2022-05-03 16:28:45,2022,Q1,1324000000.0,950000000.0,374000000.0,0.2824773414,7000000,67000000.0,0.0,67000000.0,66000000.0,140000000.0,1090000000.0,0.0,58000000.0,66000000.0,295000000.0,0.2228096677,230000000.0,0.1737160121,-59000000.0,171000000.0,0.1291540785,40000000.0,131000000.0,0.0989425982,0.31,0.31,419000000,425000000,https://www.sec.gov/Archives/edgar/data/4281/000000428122000008/0000004281-22-000008-index.htm,https://www.sec.gov/Archives/edgar/data/4281/000000428122000008/hwm-20220331.htm,3.159904534606205,0.3126491646778043,0.1312649164677804,-0.0167064439140811,1.2410501193317425,8.250596658711217,-2.7183770883054894,8.250596658711217,10.498806682577566,15058860000.0,18879860000.0,28.73828244274809,11.373761329305136,273.7974545454545,-2151.2657142857142,4.3560485970494645,4.3560485970494645,14.259712990936556,63.99952542372881,343.2701818181818,-2697.122857142858,0.0086991976816306,-0.0004648426242092,1.255713045993636,0.4285714285714285,12.952542372881355,2.216733067729084,3.9655172413793114,0.4198473282442748,0.0005976548025547,0.0687022900763358,0.0506042296072507,0.0052870090634441,0.453746667983019,1.1272727272727272,0.0468277945619335,0.9393939393939394,0.0083081570996978,7.618378991123358,0.0197776215522905,0.0236761250677751,-11.96599045346062,1527000000.0,-1139000000.0,-3890000000.0,8523000000.0,474500000.0,754500000.0,1442500000.0,35.95921450151057,73.61052631578947,140.49473684210523,2.502835538752363,1.2226512226512227,0.6405933917734322,0.037894127856523,0.1479713603818615,2022-05-03,0.29,bmo,1306261818.0,2025-04-24,2022-03-31,0.0689655172413793,34.1283870967742,3281312.3225806453
2021-12-31,HWM,USD,4281,2022-02-14,2022-02-14 16:36:50,2021,Q4,1285000000.0,938000000.0,347000000.0,0.2700389105,4000000,64000000.0,-3000000.0,61000000.0,-6000000.0,132000000.0,1070000000.0,0.0,58000000.0,67000000.0,203000000.0,0.1579766537,147000000.0,0.1143968872,-69000000.0,78000000.0,0.0607003891,1000000.0,77000000.0,0.059922179,0.18,0.18,425660650,431460887,https://www.sec.gov/Archives/edgar/data/4281/000000428122000004/0000004281-22-000004-index.htm,https://www.sec.gov/Archives/edgar/data/4281/000000428122000004/hwm-20211231.htm,3.018836718874531,0.1808952742049329,0.7118346504427882,0.568528004644075,1.6914882782798928,8.241306778063699,-2.603012517130724,8.241306778063699,10.078450991417697,13548778489.5,17060778489.5,43.98954055032467,10.543796489883269,44.71544055940594,55.9866879731405,3.862251564851768,3.862251564851768,13.276870419844355,84.04324379064039,56.30619963531353,70.49908466735538,0.0056831691550403,0.0178613887729838,1.2063854047890537,0.4141305411488404,17.300492610837438,2.184357541899441,2.534482758620689,3.935064935064935,0.0005904591329912,0.1038961038961039,0.0498054474708171,0.003112840466926,0.4517076034837068,0.2013201320132013,0.0474708171206225,0.9104477611940298,0.0101167315175097,5.791658019259953,0.0161167686156579,0.0137426378725682,-11.68771414505898,1484000000.0,-1108000000.0,-3974000000.0,8567000000.0,442500000.0,689000000.0,1411000000.0,29.41634241245136,70.23454157782515,134.52025586353946,3.0595238095238093,1.2814207650273224,0.6690442225392297,0.0219498289623717,0.1433066457987131,2022-02-02,0.29,bmo,1310330545.0,2025-04-24,2021-12-31,0.0344827586206896,30.81984375,2699791.984375
2021-09-30,HWM,USD,4281,2021-11-04,2021-11-04 16:50:34,2021,Q3,1283000000.0,928000000.0,355000000.0,0.2766952455,4000000,69000000.0,0.0,69000000.0,-3000000.0,141000000.0,1069000000.0,1000000.0,63000000.0,68000000.0,154000000.0,0.1200311769,205000000.0,0.1597817615,-182000000.0,23000000.0,0.0179267342,-4000000.0,27000000.0,0.0210444271,0.06,0.06,429000000,434000000,https://www.sec.gov/Archives/edgar/data/4281/000000428121000073/0000004281-21-000073-index.htm,https://www.sec.gov/Archives/edgar/data/4281/000000428121000073/hwm-20210930.htm,2.9906759906759905,0.0629370629370629,0.1561771561771562,0.0466200466200466,1.6876456876456876,8.342657342657343,-2.452214452214452,8.342657342657343,10.137529137529135,13384800000.0,16946800000.0,123.93333333333332,10.432424006235388,199.7731343283582,669.24,3.739815590947192,3.739815590947192,13.208729540140297,110.04415584415584,252.93731343283585,847.34,0.002017213555675,0.001494232263463,1.197541212629226,0.4138263976054842,23.12987012987013,2.334437086092715,3.253968253968254,2.4814814814814814,0.0007471161317315,0.3703703703703703,0.0537802026500389,0.0031176929072486,0.4471372018924399,0.7014925373134329,0.0366328916601714,0.6911764705882353,0.0109119251753702,3.4371358542158976,0.0261663775049519,0.0047153335661893,-11.643939393939394,1612000000.0,-1052000000.0,-3958000000.0,8726000000.0,440500000.0,639000000.0,1438000000.0,32.61886204208885,62.65086206896551,137.7155172413793,2.7591397849462367,1.436532507739938,0.6535211267605634,0.0075440067057837,0.1095571095571095,2021-11-04,0.25,bmo,1294410000.0,2025-04-24,2021-09-30,0.08,32.191875,2577061.09375
2021-06-30,HWM,USD,4281,2021-08-04,2021-08-04 16:52:54,2021,Q2,1195000000.0,857000000.0,338000000.0,0.2828451883,4000000,55000000.0,0.0,55000000.0,-8000000.0,126000000.0,983000000.0,1000000.0,89000000.0,67000000.0,266000000.0,0.2225941423,207000000.0,0.1732217573,-97000000.0,110000000.0,0.0920502092,36000000.0,74000000.0,0.0619246862,0.17,0.17,432000000,437000000,https://www.sec.gov/Archives/edgar/data/4281/000000428121000068/0000004281-21-000068-index.htm,https://www.sec.gov/Archives/edgar/data/4281/000000428121000068/hwm-20210630.htm,2.766203703703704,0.1712962962962963,0.1967592592592592,0.1134259259259259,1.6550925925925926,8.328703703703704,-2.428240740740741,8.328703703703704,10.020833333333334,14891040000.0,18416040000.0,50.30756756756756,12.461121338912134,175.1887058823529,303.8987755102041,4.13869927737632,4.13869927737632,15.410912133891213,69.23323308270676,216.65929411764705,375.83755102040817,0.0049694312821669,0.0032905693625159,1.1784324624791551,0.4085171981886502,13.25187969924812,2.281173594132029,2.3258426966292136,1.148648648648649,6.715447678604046e-05,0.0135135135135135,0.0460251046025104,0.003347280334728,0.4477309952789286,0.4235294117647059,0.0301255230125523,0.5373134328358209,0.006694560669456,5.66570491566213,0.0151347185582594,0.0129099790648988,-11.63425925925926,1572000000.0,-1049000000.0,-3982000000.0,8734000000.0,425500000.0,614000000.0,1454500000.0,31.330543933054397,66.3710618436406,152.90548424737457,2.8725961538461537,1.356012658227848,0.5885989010989011,0.0205669816564758,0.0833333333333333,2021-08-04,0.22,bmo,1195000000.0,2025-04-24,2021-06-30,0.0,33.35619047619048,3200641.73015873
2021-03-31,HWM,USD,4281,2021-05-06,2021-05-06 16:35:01,2021,Q1,1209000000.0,873000000.0,336000000.0,0.2779156328,5000000,67000000.0,0.0,67000000.0,2000000.0,140000000.0,1013000000.0,0.0,72000000.0,68000000.0,253000000.0,0.2092638544,189000000.0,0.1563275434,-76000000.0,113000000.0,0.0934656741,33000000.0,80000000.0,0.0661703888,0.18,0.18,434000000,439000000,https://www.sec.gov/Archives/edgar/data/4281/000000428121000064/0000004281-21-000064-index.htm,https://www.sec.gov/Archives/edgar/data/4281/000000428121000064/hwm-20210331.htm,2.7857142857142856,0.184331797235023,-0.0138248847926267,-0.140552995391705,2.8525345622119818,8.43778801843318,-2.274193548387097,8.43778801843318,11.025345622119817,13944420000.000002,17419420000.0,43.5763125,11.533846153846156,-2324.07,-228.5970491803279,3.8078700163844896,3.8078700163844896,14.40812241521919,68.85146245059289,-2903.2366666666667,-285.564262295082,0.0057370618498295,-0.004374509660495,1.2870016384489351,0.4295870932458299,13.735177865612648,1.980952380952381,2.625,-0.075,7.171327312286922e-05,0.0125,0.0554177005789909,0.0041356492969396,0.4237535320390119,-9.166666666666666,0.0454921422663358,0.8088235294117647,0.0049627791563275,5.915693888110968,0.0136299592273111,0.012654223347042,-11.56278801843318,1648000000.0,-987000000.0,-3981000000.0,8821000000.0,396000000.0,597500000.0,1470500000.0,32.38213399503722,61.44329896907217,149.79381443298968,2.779310344827586,1.4647651006711409,0.6008258774948383,0.0218459858001092,0.1267281105990783,2021-05-06,0.19,bmo,1223250000.0,2025-04-24,2021-03-31,0.1578947368421052,28.78803278688525,3602186.0655737706
2020-12-31,HWM,USD,4281,2021-02-16,2021-02-16 16:44:06,2020,Q4,1238000000.0,872000000.0,366000000.0,0.295638126,4000000,0.0,0.0,-10000000.0,-57000000.0,61000000.0,933000000.0,0.0,76000000.0,67000000.0,329000000.0,0.2657512116,221000000.0,0.1785137318,-150000000.0,71000000.0,0.0573505654,-35000000.0,106000000.0,0.0856219709,0.24,0.24,432000000,433598864,https://www.sec.gov/Archives/edgar/data/4281/000000428121000049/0000004281-21-000049-index.htm,https://www.sec.gov/Archives/edgar/data/4281/000000428121000049/arnc-20201231.htm,2.865740740740741,0.2453703703703703,0.349537037037037,0.2407407407407407,3.726851851851851,8.287037037037036,-2.530092592592593,8.287037037037036,11.92361111111111,12329280000.0,15794280000.0,29.078490566037733,9.95903069466882,81.65086092715232,118.55076923076923,3.443932960893855,3.443932960893855,12.757899838449111,48.00693009118541,104.597880794702,151.86807692307693,0.0085974201251005,0.008435204651042,1.4175977653631284,0.4433863358378472,10.53191489361702,2.212048192771084,2.9078947368421053,1.4245283018867925,8.11077370292507e-05,0.0094339622641509,0.0,0.0032310177705977,0.4082648960335488,0.3112582781456953,0.0379644588045234,0.7014925373134329,0.0080775444264943,6.763974446184874,0.0323474178403755,0.0156503764949062,-12.139467592592592,2012000000.0,-1093000000.0,-4194000000.0,9277000000.0,393500000.0,560000000.0,1540000000.0,25.95315024232633,61.82339449541285,153.57798165137615,3.4677871148459385,1.4557595993322203,0.5860215053763441,0.029608938547486,0.1087962962962963,2021-02-03,0.17,bmo,1228700000.0,2025-04-24,2020-12-31,0.2352941176470586,22.24140625,3303497.1875
2020-09-30,HWM,USD,4281,2020-11-09,2020-11-09 16:44:32,2020,Q3,1134000000.0,900000000.0,234000000.0,0.2063492063,5000000,73000000.0,-7000000.0,66000000.0,-8000000.0,139000000.0,1039000000.0,1000000.0,77000000.0,68000000.0,133000000.0,0.1172839506,73000000.0,0.0643738977,-85000000.0,-12000000.0,-0.0105820106,-48000000.0,36000000.0,0.0317460317,0.08,0.08,436000000,439000000,https://www.sec.gov/Archives/edgar/data/4281/000000428120000185/0000004281-20-000185-index.htm,https://www.sec.gov/Archives/edgar/data/4281/000000428120000185/arnc-20200930.htm,2.6009174311926606,0.0825688073394495,0.2706422018348624,-0.0022935779816513,3.1307339449541285,8.029816513761467,-2.6490825688073394,8.029816513761467,11.8302752293578,7289919999.999999,11005920000.0,50.62444444444444,6.428500881834214,61.77898305084746,-7289.919999999999,2.082239360182805,2.082239360182805,9.705396825396823,82.75127819548872,93.27050847457627,-11005.92,0.0049383257978139,-0.0001371757166059,1.4512996286775206,0.4480994796719287,27.93984962406015,2.28281547241598,0.948051948051948,3.2777777777777777,0.0,0.0,0.064373897707231,0.0044091710758377,0.4106182203016139,1.0084745762711864,0.1049382716049382,1.75,0.0105820105820105,3.8623539953838737,-0.0215085444902769,0.005386802334281,-12.280963302752294,2023000000.0,-1155000000.0,-4238000000.0,9231000000.0,478500000.0,576500000.0,1632500000.0,34.12698412698413,52.1,159.2,2.637209302325582,1.727447216890595,0.5653266331658291,0.0102827763496143,0.2729357798165137,2020-11-09,0.0475,bmo,1428840000.0,2025-04-24,2020-09-30,-0.368421052631579,16.7034375,2770778.375
2020-06-30,HWM,USD,4281,2020-08-07,2020-08-07 20:42:00,2020,Q2,1253000000.0,923000000.0,330000000.0,0.263367917,4000000,74000000.0,0.0,74000000.0,-16000000.0,151000000.0,1074000000.0,0.0,144000000.0,74000000.0,131000000.0,0.1045490822,74000000.0,0.0590582602,-160000000.0,-86000000.0,-0.0686352753,-2000000.0,-96000000.0,-0.0766161213,-0.22,-0.22,436000000,436000000,https://www.sec.gov/Archives/edgar/data/4281/000000428120000160/0000004281-20-000160-index.htm,https://www.sec.gov/Archives/edgar/data/4281/000000428120000160/arnc-20200630.htm,2.873853211009174,-0.2201834862385321,0.0711009174311926,-0.0022935779816513,2.938073394495413,7.910550458715596,-2.731651376146789,7.910550458715596,11.995412844036696,6910600000.0,10715600000.0,-17.996354166666666,5.515243415802075,222.92258064516128,-6910.6,2.003653232821108,2.003653232821108,8.55195530726257,81.79847328244274,345.6645161290323,-10715.6,-0.0138917026018001,-0.0001447052354354,1.4746303276311974,0.4475930652116519,29.04580152671756,2.232810615199035,0.5138888888888888,-0.3229166666666667,0.0001447052354354,-0.0104166666666666,0.0590582601755786,0.0031923383878691,0.4083428672005632,1.032258064516129,0.0255387071029529,0.4324324324324324,0.0079808459696727,,0.0071337415877854,-0.0142793395805444,-12.388188073394495,2044000000.0,-1191000000.0,-4212000000.0,9242000000.0,1030500000.0,1215500000.0,2092500000.0,37.85315243415802,61.62513542795233,163.1310942578548,2.3776091081593926,1.4604430379746836,0.5517035265989241,-0.0278341548274862,0.073394495412844,2020-08-06,0.1627,bmo,626500000.0,2025-04-24,2020-06-30,0.9668100799016592,13.142857142857142,4242841.26984127
2020-03-31,HWM,USD,4281,2020-05-07,2020-05-07 09:14:25,2020,Q1,3209000000.0,2476000000.0,733000000.0,0.2284200686,15000000,169000000.0,0.0,169000000.0,-17000000.0,313000000.0,2789000000.0,4000000.0,91000000.0,129000000.0,511000000.0,0.1592396385,399000000.0,0.1243377999,-108000000.0,291000000.0,0.0906824556,76000000.0,215000000.0,0.0669990651,0.49,0.49,435000000,440000000,https://www.sec.gov/Archives/edgar/data/4281/000000428120000109/0000004281-20-000109-index.htm,https://www.sec.gov/Archives/edgar/data/4281/000000428120000109/arnc-20200331.htm,7.377011494252874,0.4942528735632184,-0.6689655172413793,-0.8275862068965517,5.95632183908046,11.027586206896553,-0.7057471264367816,10.995402298850577,16.57471264367816,6986099999.999999,11514100000.0,8.123372093023255,2.177033343720785,-24.00721649484536,-19.40583333333333,1.460610495504913,1.460610495504913,3.5880648177002183,22.53248532289628,-39.567353951890034,-31.98361111111111,0.0307753968594781,-0.0515308970670331,1.4883964039305877,0.385540211210398,8.86105675146771,1.691745799853908,4.384615384615385,-1.3534883720930233,0.0012882724266758,0.041860465116279,0.0526643814272358,0.0046743533811156,0.2764148388843758,-0.2371134020618556,0.0215020255531318,0.5348837209302325,0.0040511062636335,11.05786853780088,0.0186933300211153,0.0160916099094379,-19.93218390804597,2841000000.0,-307000000.0,-6720000000.0,13303000000.0,1058500000.0,1921000000.0,2470500000.0,43.0227485197881,65.39176090468497,91.30856219709209,2.091916558018253,1.376320177876598,0.9856687898089171,0.0449508676562826,0.1586206896551724,2020-05-05,0.44,bmo,1159612903.0,2025-04-24,2020-03-31,0.409090909090909,27.123548387096776,5052101.564516129
2019-12-31,HWM,USD,4281,2020-02-27,2020-02-26 17:48:56,2019,Q4,3401000000.0,2670000000.0,731000000.0,0.2149367833,15000000,181000000.0,0.0,181000000.0,-30000000.0,325000000.0,2995000000.0,4000000.0,82000000.0,129000000.0,515000000.0,0.1514260512,416000000.0,0.1223169656,-112000000.0,304000000.0,0.0893854749,-5000000.0,309000000.0,0.0908556307,0.71,0.7,432802445,441941647,https://www.sec.gov/Archives/edgar/data/4281/000000428120000038/0000004281-20-000038-index.htm,https://www.sec.gov/Archives/edgar/data/4281/000000428120000038/form10k4q19.htm,7.858088694485079,0.7139516044092589,1.1691246337575565,0.7740252021912677,3.807741890182714,10.676926744256262,-1.224577185556334,10.644579422373642,13.913969455509893,13317331232.65,17609331232.65,10.7745398322411,3.915710447706557,26.31883642816205,39.753227560149256,2.8906731566420665,2.8906731566420665,5.177692217774185,34.19287617990292,34.80104986689724,52.56516785865672,0.0232028470721241,0.0251551901914614,1.2893423051877575,0.3379224030037547,8.333980582524271,1.4158991759573436,5.073170731707317,1.6375404530744335,0.0006758110797706,0.029126213592233,0.0532196412819758,0.004410467509556,0.293036750483559,0.3379446640316205,0.0502793296089385,1.3255813953488371,0.0047044986768597,13.076451259017963,0.0290473384119776,0.0248652128430031,-22.313298160780956,1716000000.0,-530000000.0,-7115000000.0,12330000000.0,1178000000.0,2015500000.0,2492000000.0,15.427815348426934,68.86516853932584,81.87640449438202,5.833619210977702,1.3069016152716593,1.0992177850967475,0.0670718471890601,0.3950994315662888,2020-01-27,0.54,bmo,3465169811.0,2025-04-24,2019-12-31,-0.0185185185185185,29.13265625,2972792.90625
2019-09-30,HWM,USD,4281,2019-11-05,2019-11-05 16:32:48,2019,Q3,3559000000.0,2800000000.0,759000000.0,0.2132621523,16000000,167000000.0,0.0,167000000.0,-27000000.0,314000000.0,3114000000.0,5000000.0,86000000.0,131000000.0,426000000.0,0.119696544,326000000.0,0.0915987637,-117000000.0,209000000.0,0.0587243608,114000000.0,95000000.0,0.0266928913,0.22,0.21,436000000,457000000,https://www.sec.gov/Archives/edgar/data/4281/000000428119000121/0000004281-19-000121-index.htm,https://www.sec.gov/Archives/edgar/data/4281/000000428119000121/form10q3q19.htm,8.162844036697248,0.2178899082568807,0.1192660550458715,-0.1353211009174312,3.029816513761468,10.80275229357798,-0.9587155963302753,10.770642201834862,14.736238532110091,11336000000.0,16354000000.0,29.83157894736842,3.185164372014611,218.0,-192.135593220339,2.41396933560477,2.41396933560477,4.595110986232088,38.38967136150234,314.5,-277.1864406779661,0.0083803810868031,-0.0052046577275935,1.3498722316865417,0.3625600549073438,11.779342723004694,1.3246636771300448,3.7906976744186047,0.5473684210526316,0.0007939308398023,0.0947368421052631,0.0469232930598482,0.0044956448440573,0.2932967284374285,2.1346153846153846,0.0311885361056476,0.8473282442748091,0.0047766226468109,7.266589325644696,0.01019693216225,0.0076885723535124,-20.28841743119266,1448000000.0,-418000000.0,-6866000000.0,11953000000.0,1784000000.0,2041500000.0,2580500000.0,44.83562798538915,63.9,82.125,2.0073322053017484,1.408450704225352,1.095890410958904,0.0202299829642248,0.2545871559633027,2019-11-05,0.52,bmo,3190827586.0,2025-04-24,2019-09-30,0.1153846153846152,25.68828125,3119136.75
2019-06-30,HWM,USD,4281,2019-08-02,2019-08-02 16:29:50,2019,Q2,3691000000.0,2939000000.0,752000000.0,0.2037388242,17000000,0.0,0.0,178000000.0,-37000000.0,336000000.0,3275000000.0,6000000.0,85000000.0,139000000.0,29000000.0,0.0078569493,-81000000.0,-0.0219452723,-114000000.0,-195000000.0,-0.0528312111,-74000000.0,-121000000.0,-0.0327824438,-0.27,-0.27,445000000,445000000,https://www.sec.gov/Archives/edgar/data/4281/000000428119000096/0000004281-19-000096-index.htm,https://www.sec.gov/Archives/edgar/data/4281/000000428119000096/form10q2q19.htm,8.413308831571545,-0.2758088237930525,0.2416176472897815,-0.0683823530065419,3.093161767662581,11.091617657661104,-0.7294117654031141,11.064264716458489,14.63382354339998,11441548376.16,16419548376.16,-23.63956276066116,3.099850548946085,107.93913562415094,-381.384945872,2.3571381079851665,2.3571381079851665,4.448536541901923,566.1913233158621,154.90139977509435,-547.3182792053333,-0.0105754917098563,-0.0026220227379809,1.3051091882983106,0.3536537710042985,171.6551724137931,1.6619718309859155,-0.9529411764705882,-0.8760330578512396,0.0008740075793269,-0.0826446280991735,0.0,0.0046057978867515,0.2895104114330374,1.2830188679245282,0.0368463830940124,0.9784172661870504,0.0046057978867515,,-0.0033953616470673,-0.0095073465859982,-20.60759193146314,2397000000.0,-320000000.0,-7029000000.0,13100000000.0,1805500000.0,2144000000.0,2609000000.0,43.768626388512594,64.15447431099014,79.80265396393331,2.056267409470752,1.4028639618138423,1.1277820414428243,-0.0249278945199835,0.3100000002963235,2019-08-02,0.5,bmo,1567241379.0,2025-04-24,2019-06-30,0.1599999999999999,22.004444444444445,4070487.095238095
2019-03-31,HWM,USD,4281,2019-05-01,2019-05-01 09:22:34,2019,Q1,3541000000.0,2818000000.0,723000000.0,0.2041796103,22000000,178000000.0,0.0,178000000.0,-32000000.0,337000000.0,3155000000.0,10000000.0,85000000.0,137000000.0,479000000.0,0.1352725219,374000000.0,0.1056198814,-117000000.0,257000000.0,0.0725783677,70000000.0,187000000.0,0.0528099407,0.4,0.39,471000000,489000000,https://www.sec.gov/Archives/edgar/data/4281/000000428119000059/0000004281-19-000059-index.htm,https://www.sec.gov/Archives/edgar/data/4281/000000428119000059/form10q_1q19.htm,7.518046709129512,0.3970276008492569,-0.5477707006369427,-0.9044585987261148,2.800424628450106,10.993630573248408,-0.5159235668789809,10.968152866242038,13.628450106157112,9259860000.0,14274860000.0,12.379491978609623,2.615040948884496,-35.89093023255814,-21.736760563380283,1.7924622531939605,1.7924622531939605,4.031307540242869,29.801377870563677,-55.32891472868217,-33.50906103286385,0.0201946897685278,-0.0460050151946141,1.2260936895083236,0.3449703175208322,10.46972860125261,1.654277124897513,4.4,-1.3796791443850267,0.003131796809023,0.1550802139037433,0.0502682857949731,0.0062129341993787,0.2952453570066989,-0.6511627906976745,0.0474442247952555,1.2262773722627738,0.0028240609997175,9.898476494401525,0.017867001229062,0.0144513137557959,-19.524416135881104,2394000000.0,-243000000.0,-7130000000.0,13542000000.0,1657000000.0,2161000000.0,2552000000.0,46.15645297938435,70.03903477643719,83.42086586231369,1.9498898678414096,1.28499772001824,1.0788667687595712,0.0361982191250483,0.3566878980891719,2019-04-30,0.39,bmo,3211604651.0,2025-04-24,2019-03-31,0.1025641025641025,18.68950819672131,5921270.180327869
2018-12-31,HWM,USD,4281,2019-02-21,2019-02-21 17:24:56,2018,Q4,3472000000.0,2845000000.0,627000000.0,0.1805875576,26000000,140000000.0,0.0,140000000.0,-10000000.0,315000000.0,3160000000.0,7000000.0,87000000.0,149000000.0,336000000.0,0.0967741935,323000000.0,0.0930299539,-97000000.0,226000000.0,0.0650921659,8000000.0,218000000.0,0.0627880184,0.45,0.44,483239287,503018904,https://www.sec.gov/Archives/edgar/data/4281/000000428119000031/0000004281-19-000031-index.htm,https://www.sec.gov/Archives/edgar/data/4281/000000428119000031/form10k_4q18.htm,7.184846293343695,0.4511222615060269,0.8815508412915939,0.3207520666671292,4.711951327748731,11.557421240876884,0.3435151165596352,11.53258882281233,13.279135560019151,8147414378.82,12200414378.82,9.343365113325689,2.3466055238536865,19.125385865774646,52.56396373432258,1.4619440837645792,1.4619440837645792,3.513944233531106,36.31075707982143,28.639470372816906,78.71235083109677,0.0267569550122198,0.0190244404903398,1.1358334828638077,0.3386294334777724,12.0625,1.8696022727272728,3.7126436781609193,1.9541284403669723,0.0036821497723238,0.1376146788990825,0.0403225806451612,0.0074884792626728,0.2898946129567217,0.636150234741784,0.078052995391705,1.8187919463087248,0.002016129032258,10.81936550321876,0.0199632454463648,0.0164230827180955,-17.509958787767186,3061000000.0,166000000.0,-6527000000.0,14184000000.0,1578000000.0,2095000000.0,2557000000.0,38.83064516129033,67.34973637961336,78.83304042179262,2.317757009345794,1.3363081258806953,1.141653290529695,0.0391171720796698,0.5607987746244647,2019-02-08,0.3,bmo,3156363636.0,2025-04-24,2018-12-31,0.1,20.37619047619048,4715193.825396826
2018-09-30,HWM,USD,4281,2018-11-01,2018-11-01 10:08:59,2018,Q3,3524000000.0,2881000000.0,643000000.0,0.1824631101,25000000,134000000.0,0.0,134000000.0,-6000000.0,300000000.0,3181000000.0,6000000.0,88000000.0,141000000.0,478000000.0,0.1356413167,345000000.0,0.0979001135,-96000000.0,249000000.0,0.0706583428,88000000.0,161000000.0,0.0456867196,0.33,0.32,483000000,502000000,https://www.sec.gov/Archives/edgar/data/4281/000000428118000127/0000004281-18-000127-index.htm,https://www.sec.gov/Archives/edgar/data/4281/000000428118000127/form10q_3q18.htm,7.296066252587992,0.3333333333333333,0.1055900621118012,-0.3271221532091097,3.1780538302277432,11.128364389233957,-0.1987577639751552,11.099378881987578,13.34368530020704,10693620000.0,15515620000.0,16.605,3.034511918274688,209.67882352941177,-67.68113924050633,1.9947062115277,1.9947062115277,4.402843359818388,32.459456066945606,304.2278431372549,-98.20012658227849,0.0150557061126166,-0.0147751650049281,1.1857862339115837,0.3468652807333443,10.087866108786612,2.0345056403450563,3.9204545454545454,0.3167701863354037,0.0027118973743222,0.1801242236024844,0.0380249716231555,0.007094211123723,0.2985213073607246,4.098039215686274,0.0593076049943246,1.482269503546099,0.0039727582292849,9.123888513945513,0.0145276645494383,0.0125233354075917,-18.34886128364389,3118000000.0,-96000000.0,-6820000000.0,14234000000.0,1647500000.0,2042500000.0,2640500000.0,42.3439273552781,64.38389448108296,81.90905935439083,2.1254523522316044,1.3978651140223193,1.0987795575896262,0.030031710501772,0.432712215320911,2018-10-30,0.3,bmo,3303750000.0,2025-04-24,2018-09-30,0.0666666666666667,20.756349206349206,3278853.222222222
2018-06-30,HWM,USD,4281,2018-08-02,2018-08-02 17:12:40,2018,Q2,3573000000.0,2903000000.0,670000000.0,0.1875174923,29000000,158000000.0,0.0,158000000.0,-26000000.0,331000000.0,3234000000.0,4000000.0,89000000.0,144000000.0,427000000.0,0.1195074167,324000000.0,0.0906801008,-130000000.0,194000000.0,0.0542961097,74000000.0,120000000.0,0.0335852225,0.25,0.24,483000000,502000000,https://www.sec.gov/Archives/edgar/data/4281/000000428118000109/0000004281-18-000109-index.htm,https://www.sec.gov/Archives/edgar/data/4281/000000428118000109/form10q_2q18.htm,7.39751552795031,0.2484472049689441,0.3643892339544513,0.010351966873706,3.012422360248447,10.803312629399588,-0.5445134575569358,10.77432712215321,13.34575569358178,8215830000.000001,13117830000.0,17.116312500000003,2.299420654911839,46.68085227272728,1643.1660000000002,1.5787528823981554,1.5787528823981554,3.671376994122586,30.720913348946137,74.533125,2623.566,0.0146059497336239,0.0006085812389009,1.2215603382013835,0.3489214556232504,11.480093676814988,2.0406449445750754,3.640449438202247,1.4666666666666666,0.0036514874334059,0.25,0.0442205429610971,0.0081164287713406,0.300839782644492,0.9715909090909092,0.0478589420654911,1.1875,0.0039182759585782,7.76074466953405,0.0131099869911703,0.0094206311822892,-18.61024844720497,3098000000.0,-263000000.0,-6926000000.0,14161000000.0,1650000000.0,1949000000.0,2653500000.0,41.23425692695214,62.74888046848088,82.4354116431278,2.182651191203421,1.4342885375494072,1.0917638209853329,0.0230591852421214,0.3540372670807453,2018-07-31,0.29,bmo,2800459459.0,2025-04-24,2018-06-30,0.2758620689655173,19.34765625,4524612.296875
2018-03-31,HWM,USD,4281,2018-05-01,2018-05-01 16:36:26,2018,Q1,3445000000.0,2768000000.0,677000000.0,0.1965166909,23000000,172000000.0,0.0,172000000.0,-20000000.0,337000000.0,3105000000.0,6000000.0,114000000.0,142000000.0,455000000.0,0.1320754717,333000000.0,0.0966618287,-134000000.0,199000000.0,0.0577648766,56000000.0,143000000.0,0.041509434,0.3,0.29,482000000,503000000,https://www.sec.gov/Archives/edgar/data/4281/000000428118000060/0000004281-18-000060-index.htm,https://www.sec.gov/Archives/edgar/data/4281/000000428118000060/form10q_1q18.htm,7.147302904564316,0.2966804979253112,-0.9045643153526972,-1.1473029045643153,2.5,10.95850622406639,-0.58298755186722,10.929460580912863,13.41908713692946,11105280000.0,16254280000.0,19.41482517482517,3.2235936139332364,-25.470825688073397,-20.081880650994577,2.108063781321184,2.108063781321184,4.71822351233672,35.72369230769231,-37.28045871559633,-29.392911392405065,0.0128767577224527,-0.0497961330106039,1.2061503416856492,0.3487567923596246,11.316483516483515,2.1038543897216275,2.921052631578948,-3.0489510489510487,0.002701417704011,0.2097902097902098,0.0499274310595065,0.0066763425253991,0.3053405785169328,-0.268348623853211,0.0339622641509433,0.823943661971831,0.0043541364296081,8.541519224470932,0.0154760999409152,0.0112989886219974,-19.005705394190876,3093000000.0,-281000000.0,-7042000000.0,14284000000.0,1518500000.0,1856500000.0,2564000000.0,43.4455732946299,60.93208092485549,86.09826589595376,2.0715574263379435,1.4770544290288157,1.0453172205438066,0.0271450265755504,0.2427385892116182,2018-04-30,0.33,bmo,3343676470.0,2025-04-24,2018-03-31,0.0303030303030303,26.52377049180328,4014098.049180328
2017-12-31,HWM,USD,4281,2018-02-26,2018-02-23 17:34:24,2017,Q4,3271000000.0,2656000000.0,615000000.0,0.1880158973,28000000,151000000.0,0.0,151000000.0,114000000.0,320000000.0,2976000000.0,19000000.0,98000000.0,141000000.0,-216000000.0,-0.0660348517,-471000000.0,-0.1439926628,-22000000.0,-455000000.0,-0.1391011923,272000000.0,-727000000.0,-0.2222561908,-1.51,-1.51,481339090,481339090,https://www.sec.gov/Archives/edgar/data/4281/000000428118000042/0000004281-18-000042-index.htm,https://www.sec.gov/Archives/edgar/data/4281/000000428118000042/form10k.htm,6.795625096644447,-1.5103697478631957,1.2714529376785084,0.7811540924299334,4.466705581713715,10.22979455086434,-1.2423674129603728,10.200709026146203,14.42226518523563,13116490202.5,17810490202.5,-4.510484938961485,4.009932804188321,21.432173533496737,34.884282453457445,2.6713829332993893,2.6713829332993893,5.444967961632528,-82.45597315972222,29.10210817401961,47.36832500664894,-0.0554264127656218,0.0286662052267865,1.3938900203665987,0.365637354418207,-21.73148148148148,2.258498583569405,-4.806122448979592,-0.8418156808803301,0.0022871972255414,-0.0412654745529573,0.0461632528278813,0.0085600733720574,0.2950101506571215,0.3856209150326797,0.0721491898501987,0.2579234972677595,0.0024457352491592,,-0.0472360554333941,-0.05509245225826,-19.47379756753186,3554000000.0,-598000000.0,-7416000000.0,14670000000.0,1448500000.0,1747500000.0,2466500000.0,37.80495261387954,62.31551204819277,84.03614457831326,2.380640465793304,1.44426318651441,1.070967741935484,-0.1480651731160896,0.4902988452485752,2018-02-05,0.24,bmo,2532387096.0,2025-04-24,2017-12-31,0.2916666666666667,25.367619047619048,3635430.238095238
2017-09-30,HWM,USD,4281,2017-11-06,2017-11-06 09:01:25,2017,Q3,3236000000.0,2626000000.0,610000000.0,0.1885043263,25000000,155000000.0,0.0,155000000.0,1000000.0,320000000.0,2946000000.0,5000000.0,100000000.0,140000000.0,412000000.0,0.1273176761,271000000.0,0.0837453646,-99000000.0,172000000.0,0.0531520396,53000000.0,119000000.0,0.0367737948,0.23,0.22,442000000,462000000,https://www.sec.gov/Archives/edgar/data/4281/000119312517333678/0001193125-17-333678-index.htm,https://www.sec.gov/Archives/edgar/data/4281/000119312517333678/d435123d10q.htm,7.321266968325792,0.2692307692307692,0.3891402714932127,0.0927601809954751,4.106334841628959,13.486425339366516,1.6176470588235294,13.457013574660634,15.739819004524886,10996960000.0,16038960000.0,23.102857142857143,3.39831891223733,63.93581395348837,268.2185365853658,1.848850033624748,1.848850033624748,4.956415327564895,38.9295145631068,93.24976744186048,391.1941463414634,0.010821172396735,0.0037283030946734,1.1528244788164088,0.3564485106825388,12.237864077669904,2.2966006723944714,2.71,1.4453781512605042,0.0040011057601373,0.3697478991596639,0.0478986402966625,0.0077255871446229,0.2727036440193377,0.7616279069767442,0.0404820766378244,0.9632352941176472,0.0033992583436341,9.0287567037623,0.0112846335267235,0.008505467800729,-20.570701357466064,3471000000.0,715000000.0,-7128000000.0,14243000000.0,1525000000.0,1661500000.0,2434500000.0,42.35784919653894,56.75552170601676,84.07083015993908,2.124753775443204,1.5857487922705311,1.0705258866693843,0.0200067249495628,0.2963800904977375,2017-10-23,0.27,bmo,3360461538.0,2025-04-24,2017-09-30,-0.037037037037037,24.9584126984127,3445958.9523809524
2017-06-30,HWM,USD,4281,2017-08-02,2017-08-02 08:52:07,2017,Q2,3261000000.0,2583000000.0,678000000.0,0.2079116835,30000000,204000000.0,0.0,204000000.0,171000000.0,371000000.0,2954000000.0,4000000.0,183000000.0,137000000.0,589000000.0,0.1806194419,281000000.0,0.0861698865,-51000000.0,269000000.0,0.0824900337,57000000.0,212000000.0,0.0650107329,0.44,0.43,441000000,462000000,https://www.sec.gov/Archives/edgar/data/4281/000119312517245098/0001193125-17-245098-index.htm,https://www.sec.gov/Archives/edgar/data/4281/000119312517245098/d366625d10q.htm,7.394557823129252,0.4807256235827664,0.492063492063492,0.2063492063492063,4.047619047619048,13.045351473922905,1.219954648526077,13.015873015873016,15.934240362811792,9988650000.0,15047650000.0,11.779068396226414,3.0630634774609016,46.03064516129032,109.76538461538462,1.740182926829268,1.740182926829268,4.614428089543085,25.547792869269948,69.34400921658987,165.35879120879122,0.0212240893414024,0.009110340236168,1.1923344947735193,0.358212079974877,8.589134125636672,2.269751693002257,1.53551912568306,1.0235849056603774,0.0043048860456618,0.2028301886792453,0.062557497700092,0.0091996320147194,0.27295090547472,0.5806451612903226,0.0386384544618215,-0.9473684210526316,0.0061330880098129,11.86524052097838,0.0134249059814883,0.0152616802246058,-20.895124716553287,3375000000.0,538000000.0,-7320000000.0,14097000000.0,1518500000.0,1632000000.0,2372000000.0,42.14351425942962,58.08362369337979,84.18118466898954,2.135559921414538,1.549490101979604,1.0691225165562914,0.0369337979094076,0.2857142857142857,2017-07-24,0.26,bmo,2649562500.0,2025-04-24,2017-06-30,0.2307692307692307,26.569206349206347,4135366.6666666665
2017-03-31,HWM,USD,4281,2017-05-02,2017-05-01 20:25:06,2017,Q1,3192000000.0,2492000000.0,700000000.0,0.2192982456,28000000,221000000.0,0.0,221000000.0,354000000.0,382000000.0,2874000000.0,0.0,115000000.0,133000000.0,732000000.0,0.2293233083,318000000.0,0.0996240602,166000000.0,484000000.0,0.1516290727,162000000.0,322000000.0,0.100877193,0.69,0.65,440000000,499000000,https://www.sec.gov/Archives/edgar/data/4281/000119312517152478/0001193125-17-152478-index.htm,https://www.sec.gov/Archives/edgar/data/4281/000119312517152478/d337194d10q.htm,7.254545454545455,0.7318181818181818,-0.6818181818181818,-0.9159090909090908,5.802272727272728,12.488636363636363,0.7386363636363636,12.459090909090907,18.654545454545456,11589600000.0,17129600000.0,8.998136645962733,3.630827067669173,-38.632000000000005,-28.758312655086847,2.114118934695367,2.114118934695367,5.36641604010025,23.401092896174863,-57.09866666666667,-42.50521091811415,0.0277835300614343,-0.0347725547042175,1.4762860269974465,0.401498238825222,7.5683060109289615,2.5937379203710864,2.765217391304348,-0.9316770186335404,0.0038827914682128,0.139751552795031,0.069235588972431,0.0087719298245614,0.2564865803442973,-0.3433333333333333,0.0322681704260651,0.7744360902255639,0.0087719298245614,14.323067348318334,0.0120089676716282,0.021485287248949,-22.301136363636363,4123000000.0,325000000.0,-7952000000.0,14766000000.0,1242000000.0,1670500000.0,2290500000.0,42.57518796992481,57.67656500802568,84.07704654895666,2.113907284768212,1.5604257983719474,1.070446735395189,0.0587376869755563,0.2340909090909091,2017-04-25,0.24,bmo,2321454545.0,2025-04-24,2017-03-31,0.3750000000000001,25.620645161290323,5043448.0322580645
2016-12-31,HWM,USD,4281,2017-02-28,2017-02-28 17:15:08,2016,Q4,2967000000.0,2375000000.0,592000000.0,0.1995281429,39000000,269000000.0,0.0,269000000.0,54000000.0,441000000.0,2816000000.0,16000000.0,128000000.0,133000000.0,216000000.0,0.0728008089,151000000.0,0.0508931581,-74000000.0,-45000000.0,-0.0151668352,1236000000.0,-1248000000.0,-0.4206268959,-2.85,-2.85,438486935,438486935,https://www.sec.gov/Archives/edgar/data/4281/000119312517062657/0001193125-17-062657-index.htm,https://www.sec.gov/Archives/edgar/data/4281/000119312517062657/d293282d10k.htm,6.766450179410705,-2.846150934918961,1.5097371145163083,0.800479950445958,4.248701275443931,11.77230058177218,0.0319279752314627,11.713005770628037,18.72803804291227,8129547774.9,14350547774.9,-1.6285151792668269,2.739989138827098,12.280283647885197,23.16110477179487,1.5828558751752335,1.5828558751752335,4.836719843242332,66.4377211800926,21.677564614652567,40.88475149544159,-0.1535140741595988,0.0431758333573871,1.57398753894081,0.4033730851753904,28.800925925925927,2.155254485536433,1.1796875,-0.5283320031923384,0.0070114601178662,-0.0456730769230769,0.0906639703404112,0.0131445904954499,0.2568734095105034,0.4697885196374622,0.1048196831816649,1.2054263565891472,0.0043815301651499,,0.2477502401536983,-0.083797757335661,-25.44887682913517,3155000000.0,14000000.0,-8993000000.0,13797000000.0,1324500000.0,2241500000.0,2854000000.0,29.54499494438827,66.08842105263157,85.37684210526317,3.046201232032854,1.3618119266055049,1.054150022192632,-0.2429906542056074,0.7092571640703502,2017-01-31,0.13,bmo,3316083333.0,2025-04-24,2016-12-31,-0.0769230769230769,19.99695202242381,6507096.047619048
2016-09-30,HWM,USD,4281,2016-11-09,2016-11-09 08:32:06,2016,Q3,3138000000.0,2503000000.0,635000000.0,0.2023581899,30000000,229000000.0,0.0,229000000.0,11000000.0,395000000.0,2898000000.0,0.0,126000000.0,316000000.0,783000000.0,0.2495219885,237000000.0,0.0755258126,-115000000.0,122000000.0,0.0388782664,56000000.0,166000000.0,0.0528999363,0.38,0.37,438503358,453000000,https://www.sec.gov/Archives/edgar/data/4281/000119312516763784/0001193125-16-763784-index.htm,https://www.sec.gov/Archives/edgar/data/4281/000119312516763784/d249051d10q.htm,7.164380879090264,0.3789952918830414,0.6986298753988595,0.0456620833594025,7.598170671004589,26.883551577848262,14.591318737497094,26.883551577848262,23.74428334688934,9642238475.335316,18053238475.33532,14.521443486950778,3.072733739749941,31.51058325272979,482.1119237667658,0.8188737558671182,0.8188737558671182,5.753103401955167,23.05649869136056,58.99751135730495,902.6619237667658,0.0172159193557206,0.0020742071512916,0.8725265392781316,0.2743537705618457,10.742017879948914,1.7032727272727273,1.880952380952381,1.6451612903225807,0.0059114903811812,0.3433734939759036,0.072976418100701,0.0095602294455066,0.1437726981414227,0.934640522875817,0.0911408540471638,1.0141843971631206,0.005736137667304,15.140892914050232,0.0039183739724977,0.0051771457085828,-44.20375057211166,3868000000.0,6391000000.0,-16305000000.0,24374000000.0,1635000000.0,2702000000.0,3446500000.0,48.04015296367113,98.4858170195765,124.23092289252897,1.873432835820896,0.913837166849215,0.7244573082489146,0.0140976645435244,0.6529677920394569,2016-10-11,0.35,bmo,16903906250.0,2025-04-24,2016-09-30,-0.0857142857142856,22.00900418434375,5521527.671875
2016-06-30,HWM,USD,4281,2016-07-29,2016-07-29 17:23:26,2016,Q2,3234000000.0,2533000000.0,701000000.0,0.216759431,32000000,239000000.0,0.0,239000000.0,17000000.0,404000000.0,2937000000.0,0.0,124000000.0,313000000.0,648000000.0,0.2003710575,283000000.0,0.0875077304,-107000000.0,176000000.0,0.0544217687,123000000.0,135000000.0,0.0417439703,0.31,0.3,438503358,452000000,https://www.sec.gov/Archives/edgar/data/4281/000119312516664835/0001193125-16-664835-index.htm,https://www.sec.gov/Archives/edgar/data/4281/000119312516664835/d209057d10q.htm,7.38349150066636,0.3082162500278165,0.7579836667350747,0.1255695833446659,7.751067917366201,-18.54091975167332,-30.86043741945182,28.161832919208276,2.125550583525164,8789695731.206585,7667695731.206585,16.277214317049232,2.7179022050731554,26.474987142188507,159.81264965830155,0.7125817374306108,0.7125817374306108,2.370963429562952,11.83286378272621,23.09546906989935,139.41264965830155,0.0153588934279831,0.0062573269521412,0.0654235914065666,0.0598265253169249,-1.7314814814814814,1.4746720116618075,2.282258064516129,1.8651685393258424,0.0064848661140373,0.4222222222222222,0.0739022881880024,0.0098948670377241,0.4000296537919786,0.8343373493975904,0.0856524427952999,0.7213541666666666,0.0089672232529375,13.974924939549282,0.0106076164935388,0.0166810824169034,-34.930604232319155,2605000000.0,-13517000000.0,-13517000000.0,42442000000.0,797500000.0,2661000000.0,3493500000.0,44.38775510204081,94.69009080142123,122.15554678247138,2.027586206896552,0.95046904315197,0.7367655613728912,0.0109444669639237,0.6324140833904087,2016-07-11,0.28,bmo,,2025-04-24,2016-06-30,0.607142857142857,21.055549400826564,7943790.046875
2016-03-31,HWM,USD,4281,2016-05-05,2016-05-05 17:12:59,2016,Q1,3055000000.0,2400000000.0,655000000.0,0.2144026187,31000000,205000000.0,0.0,205000000.0,12000000.0,369000000.0,2769000000.0,0.0,121000000.0,309000000.0,613000000.0,0.2006546645,286000000.0,0.0936170213,-125000000.0,161000000.0,0.052700491,51000000.0,16000000.0,0.0052373159,0.0365,0.0365,438503358,438519780,https://www.sec.gov/Archives/edgar/data/4281/000119312516580169/0001193125-16-580169-index.htm,https://www.sec.gov/Archives/edgar/data/4281/000119312516580169/d259828d10q.htm,6.973369566733341,0.0365217391383742,-0.981521739343809,-1.554456522077056,3.108913044154112,-19.8860869608448,-32.216739137438424,32.255543485272945,2.129673913506451,9058982605.994465,11232982605.994465,141.5466032186635,2.965297088705226,-21.067401409289456,-13.3024707870697,0.6410715877145613,0.6410715877145613,3.676917383304244,18.324604577478738,-26.123215362777824,-16.494834957407438,0.0017662027510034,-0.0751740045895851,0.0574623168919397,0.0621412719063289,3.546492659053833,0.2451845184518452,2.363636363636364,-39.09090909090909,0.0062920973004498,3.5625,0.0671031096563011,0.0101472995090016,0.4134078212290503,-0.5837209302325581,0.0821603927986906,0.8122977346278317,0.0085106382978723,5.148363066164973,-0.0411983400185693,0.0020874103065883,-42.55353261794642,-4193000000.0,-14114000000.0,-20417000000.0,35630000000.0,670000000.0,2773000000.0,3495500000.0,0.0,99.6375,133.0875,0.0,0.9032743695897628,0.6762468300929839,0.0011322624018116,0.5729347827332467,2016-04-11,0.07,bmo,,2025-04-24,2016-03-31,2.0,18.256294270332788,11489740.426229509
2015-12-31,HWM,USD,4281,2016-02-19,2016-02-19 17:27:57,2015,Q4,2991000000.0,2437000000.0,554000000.0,0.1852223337,46000000,262000000.0,-52000000.0,210000000.0,0.0,450000000.0,2887000000.0,0.0,129000000.0,137000000.0,298000000.0,0.09963223,161000000.0,0.0538281511,-316000000.0,-18000000.0,-0.0060180542,175000000.0,-210000000.0,-0.0702106319,-0.48,-0.48,436703925,436703833,https://www.sec.gov/Archives/edgar/data/4281/000119312516470162/0001193125-16-470162-index.htm,https://www.sec.gov/Archives/edgar/data/4281/000119312516470162/d216801d10k.htm,6.849033930711752,-0.4808750001502734,1.9807470244285077,1.0693744050960845,8.252730954959931,27.583905961000923,15.21625893332651,27.583905961000923,21.05316548276959,9266748536.732944,16412748536.732944,-11.031843496110646,3.098210811345016,10.713004088708605,19.843144618271825,0.7692801375338654,0.7692801375338654,5.487378313852538,55.07633737158706,18.974275765009185,35.14507181313264,-0.0226616702900235,0.0503952382163856,0.7525319608168687,0.2481657906263688,23.97986577181208,1.5261945883707542,1.248062015503876,-1.2339514978601998,0.0,0.0,0.0875961216984286,0.015379471748579,0.14785917652212,0.4601156069364162,0.133065864259445,1.2398753894080996,0.0,,0.0550857673679806,-0.006746554438269,-41.5659190606084,2742000000.0,6645000000.0,-16529000000.0,22958000000.0,1432500000.0,2811500000.0,3500500000.0,40.320962888666,106.69265490356996,127.11530570373412,2.232089552238806,0.8435444790584977,0.7080185938407902,-0.0174331728374564,0.911372619332423,2016-01-11,0.05,bmo,2185416666.0,2025-04-24,2015-12-31,1.3999999999999997,19.94035299518125,10180887.4375
2015-09-30,HWM,USD,4281,2015-10-23,2015-10-22 18:58:47,2015,Q3,5573000000.0,4559000000.0,1014000000.0,0.1819486811,55000000,261000000.0,0.0,261000000.0,0.0,316000000.0,5367000000.0,0.0,123000000.0,318000000.0,585000000.0,0.104970393,44000000.0,0.007895209,100000000.0,144000000.0,0.025838866,100000000.0,44000000.0,0.007895209,0.1,0.1,419662470,419662470,https://www.sec.gov/Archives/edgar/data/4281/000119312515350979/0001193125-15-350979-index.htm,https://www.sec.gov/Archives/edgar/data/4281/000119312515350979/d17884d10q.htm,4.426528991262907,0.0349483717235901,0.3335980937251787,0.1207307386814932,2.6894360603653693,10.003177124702145,5.679904686258936,10.003177124702145,7.426528991262907,26063888054.2852,33551888054.2852,148.09027303571136,4.676814651764795,62.05687631972667,171.47294772556054,2.0695480430590125,2.0695480430590125,6.020435681730702,57.35365479364992,79.8854477482981,220.7361056202974,0.0016881594913375,0.0058318236973477,0.7326504684770526,0.2521934020280427,12.8,1.66932193510783,0.3577235772357723,9.545454545454543,0.0,0.0,0.0468329445541001,0.0098690113045038,0.1487686883319211,0.638095238095238,0.0480890005383097,0.8427672955974843,0.0,2.804617965578841,0.0004257804802522,0.0014127921911122,-14.045869737887212,3445000000.0,7151000000.0,-15401000000.0,23640000000.0,1541500000.0,2871500000.0,3359500000.0,24.627669118966445,53.97236236016671,70.25882869050231,3.654426229508197,1.6675201170446232,1.2809778027535823,0.003493727171669,0.2128673550436854,2015-10-08,0.38,bmo,10084476190.0,2025-04-24,2015-09-30,-0.4473684210526316,20.850711966,9065752.8125
2015-06-30,HWM,USD,4281,2015-07-22,2015-07-22 17:18:36,2015,Q2,5897000000.0,4663000000.0,1234000000.0,0.2092589452,68000000,224000000.0,0.0,224000000.0,0.0,292000000.0,5615000000.0,0.0,124000000.0,320000000.0,658000000.0,0.1115821604,140000000.0,0.0237408852,75000000.0,215000000.0,0.0364592166,75000000.0,140000000.0,0.0237408852,0.34,0.34,407329260,412662540,https://www.sec.gov/Archives/edgar/data/4281/000119312515259994/0001193125-15-259994-index.htm,https://www.sec.gov/Archives/edgar/data/4281/000119312515259994/d943108d10q.htm,4.82569558101473,0.1145662847790507,0.3862520458265139,0.1677577741407528,2.650572831423895,10.076923076923077,5.795417348608838,10.076923076923077,7.252864157119476,29110491914.0386,36538491914.038605,51.98302127506893,4.936491760901917,61.67477100431907,142.0023995806761,2.3640159098618323,2.3640159098618323,6.196115298293811,55.529622969663535,77.4120591399123,178.23654592213953,0.0048092625989767,0.0070421345199301,0.7096800389800227,0.2388553311285429,11.288753799392095,1.5038417210910489,1.1290322580645162,3.371428571428571,0.0,0.0,0.0379854163133796,0.0115312870951331,0.1430016125946374,0.565677966101695,0.0452772596235373,0.834375,0.0,5.09663632956733,0.0029026265067556,0.0044649976080369,-14.963584288052374,2623000000.0,7082000000.0,-16444000000.0,23129000000.0,1513500000.0,2971500000.0,3166500000.0,23.778192301170087,58.07634570019301,60.99077846879691,3.784980744544288,1.5496842804918578,1.4756329113924052,0.0113691732986844,0.218494271685761,2015-07-08,0.67,bmo,6931561403.0,2025-04-24,2015-06-30,-0.1492537313432837,27.52918170393016,6912203.142857143
2015-03-31,HWM,USD,4281,2015-04-23,2015-04-23 15:10:08,2015,Q1,5819000000.0,4443000000.0,1376000000.0,0.2364667469,55000000,232000000.0,0.0,232000000.0,0.0,287000000.0,5338000000.0,0.0,122000000.0,321000000.0,864000000.0,0.1484791201,195000000.0,0.0335109125,226000000.0,421000000.0,0.0723492009,226000000.0,195000000.0,0.0335109125,0.48,0.47,406995930,412662540,https://www.sec.gov/Archives/edgar/data/4281/000119312515143962/0001193125-15-143962-index.htm,https://www.sec.gov/Archives/edgar/data/4281/000119312515143962/d897461d10q.htm,4.7657657657657655,0.1597051597051597,-0.1433251433251433,-0.3456183456183456,2.556920556920557,9.47911547911548,5.343161343161343,9.47911547911548,7.255528255528255,33630426159.650097,41176426159.6501,43.11593097391039,5.779416765707182,-192.17386376942915,-79.69295298495284,2.9056874165932345,2.9056874165932345,7.076203155121172,47.65790064774317,-235.29386376942915,-97.57446957263058,0.0057983208144403,-0.0125481609420197,0.7548816312424399,0.2447750322183,8.733796296296296,1.5248815165876777,1.598360655737705,-0.8974358974358975,0.0016056888409219,0.2769230769230769,0.0398693933665578,0.0094517958412098,0.1414803608449599,-1.4114285714285717,0.0424471558687059,0.7694704049844237,0.0044681216703901,5.836260117382984,0.0029462638662296,0.0063633990340686,-14.995700245700244,2658000000.0,6524000000.0,-16398000000.0,22996000000.0,1432000000.0,3043000000.0,3127500000.0,22.720398693933667,59.43281566509116,64.27413909520594,3.961198093941457,1.514314928425358,1.4002521273242987,0.01684810782789,0.2022932022932023,2015-04-08,0.77,bmo,5334083333.0,2025-04-24,2015-03-31,0.0909090909090908,31.84473593100164,7892550.491803279
2014-12-31,HWM,USD,4281,2015-02-19,2015-02-19 17:17:46,2014,Q4,23906000000.0,19137000000.0,4769000000.0,0.1994896679,218000000,995000000.0,0.0,995000000.0,0.0,1213000000.0,23409000000.0,0.0,473000000.0,1372000000.0,2433000000.0,0.1017736133,268000000.0,0.0112105748,229000000.0,497000000.0,0.0207897599,320000000.0,268000000.0,0.0112105748,0.69,0.68,387329460,393329400,https://www.sec.gov/Archives/edgar/data/4281/000119312515054376/0001193125-15-054376-index.htm,https://www.sec.gov/Archives/edgar/data/4281/000119312515054376/d836461d10k.htm,20.57314974182444,0.2306368330464716,1.4406196213425129,0.3915662650602409,3.2882960413080893,10.590361445783133,6.07487091222031,10.590361445783133,7.978485370051635,39043586229.2784,45964586229.2784,36.42125581089403,1.6332128431890904,23.32352821342796,85.81007962478769,3.172727631178157,3.172727631178157,1.9227217530861875,18.892143949559557,27.45793681557849,101.0210686357767,0.0068641235573547,0.0116536426067029,0.714935803673005,0.2352469317361426,2.844636251541307,1.4923299043493954,0.5665961945031712,6.246268656716418,0.0,0.0,0.0416213502886304,0.0091190496109763,0.1402978689269766,0.7281959378733572,0.0509913829164226,0.8884839650145773,0.0,7.413289894179214,0.0029932156680794,0.0083354068176163,-16.079819277108435,2728000000.0,7059000000.0,-16824000000.0,24401000000.0,1437500000.0,3065500000.0,3110000000.0,5.251819626871916,14.823640068976328,14.494434864398809,17.136917562724015,6.071383248730965,6.209279688513952,0.0217779944742402,1.049053356282272,2015-01-12,0.84,bmo,20283878787.0,2025-04-24,2014-12-31,0.1785714285714286,34.30364218621875,6231700.6875
2014-09-30,HWM,USD,4281,2014-10-23,2014-10-23 17:25:11,2014,Q3,6239000000.0,14164000000.0,-7925000000.0,-1.2702356147,158000000,724000000.0,0.0,724000000.0,0.0,882000000.0,17266000000.0,0.0,126000000.0,346000000.0,821000000.0,0.1315916012,263000000.0,0.0421541914,0.0,263000000.0,0.0421541914,200000000.0,63000000.0,0.0100977721,0.16,0.16,387329460,393329400,https://www.sec.gov/Archives/edgar/data/4281/000119312514380409/0001193125-14-380409-index.htm,https://www.sec.gov/Archives/edgar/data/4281/000119312514380409/d786672d10q.htm,5.369191049913941,0.0542168674698795,0.0,0.0,4.490533562822719,-7.666953528399311,-10.583476764199656,10.667814113597244,0.1876075731497418,39712120046.7096,36532120046.7096,157.58777796313333,6.365141857142106,0.0,0.0,3.203623753364764,3.203623753364764,5.855444790304472,44.49710115311766,0.0,0.0,0.0015864174444955,0.0,0.0074217489512746,0.0070347147881939,-3.87332521315469,1.809675009338812,2.087301587301587,0.0,0.0,0.0,0.1160442378586311,0.0253245712453918,0.2591374827955345,0.0,0.0,0.0,0.0,3.607415687133904,0.008096645675363,0.0065022190112498,-12.12564543889845,4335000000.0,-12298000000.0,-12298000000.0,44471000000.0,1430500000.0,3001000000.0,3182500000.0,21.3495752524443,18.9289748658571,19.93928268850607,4.21554054054054,4.754615642833166,4.51370299553856,0.005082284607938,0.0,2014-10-08,0.68,bmo,,2025-04-24,2014-09-30,0.3676470588235294,34.624827350809376,5669218.5625
2014-06-30,HWM,USD,4281,2014-07-24,2014-07-24 17:06:17,2014,Q2,5836000000.0,9260000000.0,-3424000000.0,-0.5867032214,101000000,481000000.0,0.0,481000000.0,0.0,582000000.0,11357000000.0,0.0,105000000.0,350000000.0,670000000.0,0.1148046607,-67000000.0,-0.0114804661,0.0,-67000000.0,-0.0114804661,1000000.0,-68000000.0,-0.0116518163,-0.18,-0.17,387329460,393329400,https://www.sec.gov/Archives/edgar/data/4281/000119312514279047/0001193125-14-279047-index.htm,https://www.sec.gov/Archives/edgar/data/4281/000119312514279047/d739676d10q.htm,5.022375215146299,-0.0585197934595524,0.0,0.0,2.721170395869191,-9.277969018932874,-12.23407917383821,10.049053356282272,0.2796901893287435,36683430315.9828,35720430315.9828,-134.8655526322897,6.285714584644071,0.0,0.0,3.1415115454297164,3.1415115454297164,6.120704303629677,53.31407509848179,0.0,0.0,-0.0018536979615663,0.0,0.0188404555964716,0.0203289595268896,-1.4373134328358208,1.264464224580623,-0.638095238095238,0.0,0.0,0.0,0.0824194653872515,0.0173063742289239,0.3174089817039364,0.0,0.0,0.0,0.0,,-0.0132994328183062,-0.0092053607689183,-13.59014629948365,1545000000.0,-14216000000.0,-14216000000.0,42877000000.0,1380000000.0,2938000000.0,3147000000.0,21.297121315969843,29.38120950323973,31.36393088552916,4.225923244026068,3.063182269268938,2.869538270839789,-0.0058234135480003,0.0,2014-07-08,0.37,bmo,,2025-04-24,2014-06-30,0.4594594594594596,28.904805724544445,5718227.920634921
2014-03-31,HWM,USD,4281,2014-04-24,2014-04-24 16:11:14,2014,Q1,5454000000.0,4495000000.0,959000000.0,0.1758342501,51000000,236000000.0,0.0,236000000.0,0.0,287000000.0,5728000000.0,0.0,120000000.0,340000000.0,66000000.0,0.0121012101,-274000000.0,-0.0502383572,0.0,-274000000.0,-0.0502383572,-77000000.0,-197000000.0,-0.0361202787,-0.51,-0.5,387329460,393329400,https://www.sec.gov/Archives/edgar/data/4281/000119312514157120/0001193125-14-157120-index.htm,https://www.sec.gov/Archives/edgar/data/4281/000119312514157120/d701633d10q.htm,4.693631669535284,-0.1695352839931153,-0.657487091222031,-0.8373493975903614,2.249569707401033,-9.503442340791738,-12.449225473321858,9.802925989672978,0.2220309810671256,31635434890.3978,31108434890.3978,-40.14649097766218,5.800409770883352,-41.4076372910966,-32.51329382363597,2.777230698832218,2.777230698832218,5.703783441583755,471.3399225817848,-40.717846715180364,-31.971669979853857,-0.0062271943054525,-0.0307566500467275,0.012114827495391,0.0135453474676089,-7.984848484848484,1.2844123789633568,-2.283333333333333,3.878172588832488,0.0010431340714717,-0.1675126903553299,0.0432709937660432,0.0093509350935093,0.3359835100117785,-0.2735602094240837,0.0383204987165383,0.6147058823529412,0.0045837917125045,,-0.0396059509449135,-0.029120473022912,-13.811746987951809,1498000000.0,-14466000000.0,-14466000000.0,42326000000.0,1300000000.0,2906500000.0,2886000000.0,22.75577557755776,57.12347052280311,61.40823136818687,3.9550398839738943,1.5755345250613388,1.4656015650472776,-0.0172943551926959,0.1798623063683304,2014-04-08,0.15,bmo,,2025-04-24,2014-03-31,0.8000000000000002,24.44184833431148,9679795.524590164
