date,symbol,reportedCurrency,cik,fillingDate,acceptedDate,calendarYear,period,revenue,costOfRevenue,grossProfit,grossProfitRatio,researchAndDevelopmentExpenses,generalAndAdministrativeExpenses,sellingAndMarketingExpenses,sellingGeneralAndAdministrativeExpenses,otherExpenses,operatingExpenses,costAndExpenses,interestIncome,interestExpense,depreciationAndAmortization,ebitda,ebitdaratio,operatingIncome,operatingIncomeRatio,totalOtherIncomeExpensesNet,incomeBeforeTax,incomeBeforeTaxRatio,incomeTaxExpense,netIncome,netIncomeRatio,eps,epsdiluted,weightedAverageShsOut,weightedAverageShsOutDil,link,finalLink,revenuePerShare,netIncomePerShare,operatingCashFlowPerShare,freeCashFlowPerShare,cashPerShare,bookValuePerShare,tangibleBookValuePerShare,shareholdersEquityPerShare,interestDebtPerShare,marketCap,enterpriseValue,peRatio,priceToSalesRatio,pocfratio,pfcfRatio,pbRatio,ptbRatio,evToSales,enterpriseValueOverEBITDA,evToOperatingCashFlow,evToFreeCashFlow,earningsYield,freeCashFlowYield,debtToEquity,debtToAssets,netDebtToEBITDA,currentRatio,interestCoverage,incomeQuality,dividendYield,payoutRatio,salesGeneralAndAdministrativeToRevenue,researchAndDdevelopementToRevenue,intangiblesToTotalAssets,capexToOperatingCashFlow,capexToRevenue,capexToDepreciation,stockBasedCompensationToRevenue,grahamNumber,roic,returnOnTangibleAssets,grahamNetNet,workingCapital,tangibleAssetValue,netCurrentAssetValue,investedCapital,averageReceivables,averagePayables,averageInventory,daysSalesOutstanding,daysPayablesOutstanding,daysOfInventoryOnHand,receivablesTurnover,payablesTurnover,inventoryTurnover,roe,capexPerShare,report_date,epsEstimated,time,revenueEstimated,updatedFromDate,fiscalDateEnding,surprise(%),QuarterAvgPrice,QuarterAvgVolume
2025-03-31,IBM,USD,51143,2025-04-24,2025-04-24 16:16:05,2025,Q1,14541000000.0,6510000000.0,8031000000.0,0.552300392,1950000000,4023000000.0,238000000.0,4261000000.0,55000000.0,6266000000.0,12776000000.0,191000000.0,455000000.0,1177000000.0,2790000000.0,0.1918712606,1765000000.0,0.1213809229,-607000000.0,1158000000.0,0.0796368888,103000000.0,1055000000.0,0.0725534695,1.14,1.12,928000000,945400000,https://www.sec.gov/Archives/edgar/data/51143/000005114325000032/0000051143-25-000032-index.htm,https://www.sec.gov/Archives/edgar/data/51143/000005114325000032/ibm-20250331.htm,15.669181034482758,1.136853448275862,4.709051724137931,4.283405172413793,18.82004310344828,29.04418103448276,-55.4989224137931,28.96551724137931,72.51077586206897,230756480000.0,286556480000.0,54.68163033175355,15.869367993948147,52.80468649885584,58.05194465408805,8.584690476190476,8.584690476190476,19.70679320541916,102.70841577060932,65.5735652173913,72.08968050314465,0.0045719192804466,0.0172259517912563,2.486421130952381,0.4588204603650792,20.0,1.0065515866233692,3.879120879120879,4.14218009478673,0.0067127042326178,1.4682464454976305,0.2766659789560552,0.134103569218073,0.5385983098436846,0.0903890160183066,0.0271645691493019,0.3355989804587935,0.0275771955161268,27.21975079848289,0.0142085453922917,0.0156968353394533,-103.59994612068964,230000000.0,-51503000000.0,-83378000000.0,87751000000.0,6330500000.0,3808500000.0,1360000000.0,36.25128945739633,49.562211981566826,19.78341013824885,2.482670309031928,1.815899581589958,4.549266247379455,0.0392485119047619,0.4256465517241379,2025-04-23,1.42,amc,14389983103.0,2025-05-11,2025-03-31,0.1267605633802818,244.58516666666668,4755052.466666667
2024-12-31,IBM,USD,51143,2025-02-25,2025-02-25 16:12:45,2024,Q4,17553000000.0,7114000000.0,10439000000.0,0.5947131544,1967000000,4325000000.0,261000000.0,4586000000.0,-15000000.0,6538000000.0,13652000000.0,150000000.0,424000000.0,1113000000.0,4843000000.0,0.2759072523,3901000000.0,0.2222412123,-595000000.0,3306000000.0,0.1883438728,379000000.0,2914000000.0,0.166011508,3.15,3.09,926000000,942400000,https://www.sec.gov/Archives/edgar/data/51143/000005114325000015/0000051143-25-000015-index.htm,https://www.sec.gov/Archives/edgar/data/51143/000005114325000015/ibm-20241231.htm,18.95572354211663,3.146868250539957,4.676025917926566,4.196544276457884,15.757019438444924,29.58207343412527,-47.48704103671706,29.489200863930886,63.52051835853132,203562580000.0,248011580000.0,17.464188400823613,11.597025009969803,47.012143187066975,52.38357694287185,7.454593327718168,7.454593327718168,14.129298695379708,51.21032004955606,57.27750115473441,63.82181677817808,0.0143150081906016,0.0190899525836231,2.138499285897389,0.4257043921997449,9.177988849886434,1.0404320801400035,9.200471698113208,1.485929993136582,0.0075947160819046,0.5305422100205902,0.2463966273571469,0.1120606164188457,0.5202551485328959,0.1025404157043879,0.0252948213980516,0.398921832884097,0.0196547598701076,45.69430132392048,0.03121138255891,0.0442796577975656,-96.59125269978402,1340000000.0,-43973000000.0,-75300000000.0,81634000000.0,9729500000.0,3653000000.0,1328000000.0,34.88634421466416,51.00927748102333,16.307281416924372,2.579805996472663,1.7643849206349207,5.519006982156711,0.1067125645438898,0.4794816414686825,2025-01-29,3.77,amc,17558118097.0,2025-04-29,2024-12-31,0.039787798408488,222.70890625,4131895.78125
2024-09-30,IBM,USD,51143,2024-10-30,2024-10-30 16:09:22,2024,Q3,14967000000.0,6548000000.0,8420000000.0,0.5625709895,1876000000,4032000000.0,279000000.0,4311000000.0,55000000.0,6242000000.0,12790000000.0,170000000.0,429000000.0,1268000000.0,895000000.0,0.0597982228,2177000000.0,0.1454533307,-2979000000.0,-802000000.0,-0.0535845527,-485000000.0,-330000000.0,-0.0220485067,-0.36,-0.36,923600000,923600000,https://www.sec.gov/Archives/edgar/data/51143/000005114324000049/0000051143-24-000049-index.htm,https://www.sec.gov/Archives/edgar/data/51143/000005114324000049/ibm-20240930.htm,16.20506712862711,-0.357297531398874,3.1193157210913816,2.660242529233434,14.835426591598097,26.559116500649637,-51.59376353399741,26.470333477695977,65.56409701169338,204189488000.0,251118488000.0,-154.68900606060606,13.642646355315026,70.874518569941,83.10520472120471,8.351991492146597,8.351991492146597,16.77814445112581,280.5793162011173,87.163654286706,102.20532682132682,-0.0016161458811239,0.0120329406967316,2.459342277486911,0.4475692092393125,52.43463687150838,1.0250927113298445,5.074592074592075,-8.73030303030303,0.0075567063471945,-4.675757575757576,0.2693926638604931,0.125342419990646,0.5373123218127275,0.1471711211384935,0.028328990445647,0.334384858044164,0.0220485067147725,,0.0077755843076535,-0.0053091365413388,-93.0405478562148,724000000.0,-47652000000.0,-80232000000.0,81875000000.0,9482000000.0,3452500000.0,1300500000.0,76.09741431148527,45.0,18.788943188759927,1.1826945871197154,2.0,4.790051207022677,-0.0134980366492146,0.4590731918579471,2024-10-23,2.22,amc,15077782623.0,2025-04-25,2024-09-30,0.0360360360360358,196.07453125,3596249.40625
2024-06-30,IBM,USD,51143,2024-07-30,2024-07-30 06:38:17,2024,Q2,15769000000.0,6820000000.0,8950000000.0,0.5675692815,1840000000,4293000000.0,354000000.0,4647000000.0,28000000.0,6515000000.0,13335000000.0,217000000.0,427000000.0,1155000000.0,3801000000.0,0.2410425518,2434000000.0,0.1543534783,-215000000.0,2219000000.0,0.1407191325,389000000.0,1834000000.0,0.116304141,1.99,1.96,920287541,934397595,https://www.sec.gov/Archives/edgar/data/51143/000005114324000039/0000051143-24-000039-index.htm,https://www.sec.gov/Archives/edgar/data/51143/000005114324000039/ibm-20240630.htm,17.134861983315712,1.9928554047435485,2.244950526826702,1.762492620771012,17.34131919536657,26.19181389091521,-49.50952606670136,26.1070577722838,65.4860544287212,161142348429.1,206503348429.1,21.965968978884952,10.218932616469022,77.99726448649564,99.34793368008631,6.706998602726213,6.706998602726213,13.095525932468767,54.32868940518285,99.95321801989353,127.3140249254624,0.0113812416033326,0.0100656346131982,2.4905935236826773,0.4470668220668221,11.933964746119443,1.0895169994603346,5.70023419203747,1.1264994547437297,0.0095319449851248,0.8375136314067612,0.2722430084342698,0.116684634409284,0.5204933954933955,0.2149080348499516,0.0281565096074576,0.3844155844155844,0.0200393176485509,34.2143362003061,0.0183607705295943,0.0285754350976145,-96.09632431175118,2654000000.0,-45563000000.0,-77442000000.0,81051000000.0,9579000000.0,3609500000.0,1223000000.0,36.00799036083455,47.91642228739003,16.284457478005866,2.4994452369630684,1.878270448912145,5.526742301458671,0.0763339715308416,0.48245790605569,2024-07-24,2.2,amc,15623212962.0,2025-04-25,2024-06-30,0.1045454545454545,173.7557142857143,3931871.380952381
2024-03-31,IBM,USD,51143,2024-04-30,2024-04-30 11:00:50,2024,Q1,14461000000.0,6719000000.0,7742000000.0,0.5353709979,1796000000,4086000000.0,279000000.0,4365000000.0,18000000.0,6179000000.0,12898000000.0,210000000.0,432000000.0,1131000000.0,2637000000.0,0.1823525344,1563000000.0,0.1080838116,-489000000.0,1074000000.0,0.0742687228,-502000000.0,1605000000.0,0.1109881751,1.75,1.72,917200000,933400000,https://www.sec.gov/Archives/edgar/data/51143/000005114324000025/0000051143-24-000025-index.htm,https://www.sec.gov/Archives/edgar/data/51143/000005114324000025/ibm-20240331.htm,15.766463148713475,1.7498909725250764,4.544265154819015,4.137592673353685,21.01722634103794,25.439380723942435,-51.18839947666812,25.360880941997383,69.01766245093764,174112076000.0,222218076000.0,27.12026105919003,12.040113131871932,41.77353071017274,45.879334914361,7.485150079532265,7.485150079532265,15.366715718138442,84.26927417519909,53.3152773512476,58.55548774703557,0.0092182003504455,0.0217963055015207,2.702850264391041,0.4583470026026289,18.24270003792188,1.0993610519492545,3.6180555555555554,2.5968847352024924,0.0087414959086467,0.9482866043613708,0.2825530737846622,0.124196113685084,0.5123825354125203,0.0894913627639155,0.0257935135882719,0.3297966401414677,0.0221284835073646,31.599406226271096,0.020512867658907,0.0239960529856771,-91.927878325338,3219000000.0,-46950000000.0,-78220000000.0,82300000000.0,10031500000.0,3860000000.0,1186500000.0,79.96749878984855,48.06072332192291,16.23455871409436,1.1254572340259943,1.8726309921962097,5.543729372937293,0.0689996130862817,0.4066724814653292,2024-04-24,1.6,amc,14550696967.0,2025-04-25,2024-03-31,0.0499999999999999,182.4304918032787,5222306.016393443
2023-12-31,IBM,USD,51143,2024-02-26,2024-02-26 06:41:57,2023,Q4,17380000000.0,7114000000.0,10267000000.0,0.5907364787,1748000000,4250000000.0,248000000.0,4498000000.0,25000000.0,6271000000.0,13385000000.0,143000000.0,405000000.0,1152000000.0,5316000000.0,0.3058688147,3995000000.0,0.2298619102,-236000000.0,3759000000.0,0.216283084,474000000.0,3288000000.0,0.1891829689,3.59,3.55,914700000,927300000,https://www.sec.gov/Archives/edgar/data/51143/000005114324000012/0000051143-24-000012-index.htm,https://www.sec.gov/Archives/edgar/data/51143/000005114324000012/ibm-20231231.htm,19.0007652782333,3.5946211872745164,4.879195364600416,4.389417295288073,14.717393680988302,24.721766699464304,-53.13326773805619,24.634306329944245,65.96698371050617,149599185000.0,196445185000.0,11.374633895985404,8.607548043728423,33.51987116289492,37.26007098381071,6.639115297563574,6.639115297563574,11.30294505178366,36.95357129420617,44.016398162670846,48.92781693648817,0.0219787293627301,0.0268383815058885,2.6598766253938666,0.4431718191968412,8.812264860797592,0.935173788171854,9.864197530864198,1.357360097323601,0.0101471141035962,0.4616788321167883,0.2445339470655926,0.1005753739930955,0.5265710842126279,0.1003809097019941,0.0257767548906789,0.3888888888888889,0.0166858457997698,44.636279952714894,0.0319754638599467,0.0513533353116653,-101.8639991253963,-2212000000.0,-48601000000.0,-80718000000.0,77723000000.0,9209000000.0,3737000000.0,1280000000.0,37.35673187571922,52.274388529659824,14.687939274669665,2.40920432492376,1.7216844143272023,6.127476313522825,0.1459193183331114,0.4897780693123428,2024-01-24,3.78,amc,17298500000.0,2025-04-25,2023-12-31,0.0238095238095238,151.10825396825396,4137819.65079365
2023-09-30,IBM,USD,51143,2023-10-31,2023-10-31 06:38:48,2023,Q3,14752000000.0,6729000000.0,8023000000.0,0.5438584599,1685000000,4155000000.0,303000000.0,4458000000.0,-249000000.0,5894000000.0,12623000000.0,156000000.0,412000000.0,1093000000.0,3378000000.0,0.2289859002,2129000000.0,0.1443194143,-256000000.0,1873000000.0,0.1269658351,159000000.0,1704000000.0,0.1155097614,1.87,1.84,912790387,923673300,https://www.sec.gov/Archives/edgar/data/51143/000005114323000032/0000051143-23-000032-index.htm,https://www.sec.gov/Archives/edgar/data/51143/000005114323000032/ibm-20230930.htm,16.16143225224391,1.866803183149649,3.347975661798901,2.917427744558401,12.026857596606131,25.368365322190886,-52.27706237883506,25.286199689129724,64.56794554301106,128064491296.1,179332491296.1,18.78880447419308,8.681161286340835,41.9059199267343,48.09030841010139,5.548481057844114,5.548481057844114,12.15648666595038,53.08836332033748,58.6820979372055,67.34227987085994,0.0133057960310024,0.0207942105813143,2.535635371084442,0.4525560427154136,15.177027827116635,0.9052146637914136,5.16747572815534,1.794480328831474,0.0118299771050286,0.8890845070422535,0.2816567245119306,0.1142218004338394,0.5480471075850016,0.1285994764397905,0.0266404555314533,0.3595608417200366,0.019454989154013,32.5898459119104,0.018251780139591,0.0291546187143908,-94.30916585671712,-2901000000.0,-47718000000.0,-78460000000.0,76454000000.0,8662000000.0,3537000000.0,1450000000.0,68.35412147505423,44.69906375390102,18.711547035220686,1.3166726169225276,2.0134649910233398,4.809864188706219,0.0738269572375547,0.4305479172405,2023-10-25,2.13,amc,13905300000.0,2025-04-25,2023-09-30,0.0328638497652583,142.28349206349208,4013662.460317461
2023-06-30,IBM,USD,51143,2023-07-25,2023-07-25 06:33:21,2023,Q2,15475000000.0,6974000000.0,8501000000.0,0.5493376414,1687000000,4276000000.0,372000000.0,4648000000.0,5000000.0,6340000000.0,13314000000.0,201000000.0,423000000.0,1077000000.0,3500000000.0,0.2261712439,2161000000.0,0.139644588,-161000000.0,2000000000.0,0.1292407108,419000000.0,1583000000.0,0.1022940226,1.74,1.72,909855943,919452496,https://www.sec.gov/Archives/edgar/data/51143/000005114323000021/0000051143-23-000021-index.htm,https://www.sec.gov/Archives/edgar/data/51143/000005114323000021/ibm-20230630.htm,17.00818697625411,1.7398358632252182,2.899360080346258,2.3487234615996786,17.912725773117252,24.47750126967077,-49.02973964527921,24.40056601355848,66.7435328275918,121747823732.83,172657823732.83002,19.227388460649085,7.867387640247496,46.15156320425701,56.97137282771643,5.483889182146299,5.483889182146299,11.157209934270114,49.33080678080858,65.45027434906369,80.7944893462003,0.0130022858024453,0.0175526751483422,2.7162740417098328,0.4561124851565277,14.545714285714286,1.0598222249561713,5.108747044917258,1.6654040404040404,0.012402685762282,0.9538850284270372,0.2763166397415186,0.1090145395799676,0.505857971606423,0.1899166034874905,0.0323747980613893,0.4651810584958217,0.0186106623586429,30.906181359901577,0.0157926069391415,0.0242300863282924,-97.052176973031,1945000000.0,-44610000000.0,-75484000000.0,76922000000.0,6169000000.0,3730000000.0,1552000000.0,35.592891760904685,48.16174361915687,19.37051907083453,2.52859477124183,1.8687031082529475,4.646235842771485,0.0713030944552047,0.5506366187465789,2023-07-19,2.01,amc,14801100000.0,2025-04-25,2023-06-30,0.0845771144278609,129.05564516129033,4535459.70967742
2023-03-31,IBM,USD,51143,2023-04-25,2023-04-25 16:18:35,2023,Q1,14252000000.0,6743000000.0,7509000000.0,0.5268734213,1655000000,4294000000.0,314000000.0,4608000000.0,69000000.0,6332000000.0,13075000000.0,170000000.0,367000000.0,1074000000.0,2499000000.0,0.1753438114,1177000000.0,0.0825849004,-119000000.0,1058000000.0,0.0742351951,124000000.0,927000000.0,0.0650435027,1.02,1.01,907526887,917845279,https://www.sec.gov/Archives/edgar/data/51143/000155837023006656/0001558370-23-006656-index.htm,https://www.sec.gov/Archives/edgar/data/51143/000155837023006656/ibm-20230331x10q.htm,15.704217918118829,1.0214573400291995,4.1585544781771295,3.6428672773856894,19.166374296081877,23.88028422126517,-50.05471534861534,23.805355311748468,68.36491666389604,118967699616.83,171306699616.83002,32.084061385337115,8.347438929050659,31.522972871444093,35.98539008373563,5.506744103722921,5.506744103722921,12.019835785632193,68.55009988668668,45.39128235740064,51.81690853503631,0.0077920309713113,0.0277890554381393,2.8548416959822256,0.4615188907263707,20.94397759103641,1.1609718323492402,3.20708446866485,4.0711974110032365,0.0125832474261629,1.6148867313915858,0.3012910468706146,0.1161240527645242,0.5020914866391792,0.1240063593004769,0.0328374964917204,0.435754189944134,0.0188043783328655,23.39045714798543,0.0095091282070551,0.0139316791656021,-98.18552075581646,4989000000.0,-45426000000.0,-75983000000.0,80220000000.0,6379500000.0,3889500000.0,1577500000.0,39.26606792029189,49.758267833308615,21.395521281328787,2.292055323255066,1.808744635193133,4.206487835308796,0.0429087206072949,0.5156872007914406,2023-04-19,1.27,amc,14345300000.0,2025-04-25,2023-03-31,0.0708661417322835,133.78129032258065,5159674.483870967
2022-12-31,IBM,USD,51143,2023-02-28,2023-02-28 16:26:11,2022,Q4,16691000000.0,7058000000.0,9632000000.0,0.5770774669,1604000000,4179000000.0,302000000.0,4481000000.0,53000000.0,6138000000.0,13196000000.0,64000000.0,313000000.0,1137000000.0,4762000000.0,0.285303457,3495000000.0,0.2093942843,-183000000.0,3312000000.0,0.1984302918,444000000.0,2711000000.0,0.1624228626,2.99,2.96,905800000,915900000,https://www.sec.gov/Archives/edgar/data/51143/000155837023002376/0001558370-23-002376-index.htm,https://www.sec.gov/Archives/edgar/data/51143/000155837023002376/ibm-20221231x10k.htm,18.42680503422389,2.9929344226098475,4.377345992492824,3.7635239567233385,9.646721130492384,24.311106204460145,-49.80348862883639,24.226098476484875,59.97571207772136,127618161999.99998,173745162000.0,11.768550534857985,7.645926667066083,32.18616948297604,37.435659137577,5.815628964637258,5.815628964637258,10.409511832724222,36.485754304913904,43.81971298865069,50.96660662951012,0.0212430578650709,0.0267124988056167,2.461401749908859,0.4244870051790668,9.686476270474593,0.924234248531979,11.166134185303514,1.46309963099631,0.0117067976578443,0.551088159350793,0.2503744532981846,0.0960996944461086,0.5275968029675503,0.1402269861286254,0.0333113654065065,0.4890061565523307,0.0148583068719669,40.39072036069263,0.0295995715405278,0.045100648810514,-100.24536321483772,-2387000000.0,-45112000000.0,-76104000000.0,72958000000.0,6294500000.0,3928500000.0,1673000000.0,35.269905937331494,51.65627656559932,19.790308869368097,2.551750496865923,1.7422858553443594,4.547680412371134,0.123541742617572,0.6138220357694856,2023-01-25,3.6,amc,16150553131.0,2025-04-25,2022-12-31,0.0,137.94,4659934.777777778
2022-09-30,IBM,USD,51143,2022-10-25,2022-10-25 16:16:44,2022,Q3,14106000000.0,6677000000.0,7430000000.0,0.5267262158,1611000000,3832000000.0,297000000.0,4129000000.0,141000000.0,5881000000.0,12558000000.0,53000000.0,295000000.0,1163000000.0,-3043000000.0,-0.2157238055,1548000000.0,0.1097405359,-6049000000.0,-4501000000.0,-0.3190840777,-1287000000.0,-3196000000.0,-0.2265702538,-3.56,-3.55,904076831,904100000,https://www.sec.gov/Archives/edgar/data/51143/000155837022015322/0001558370-22-015322-index.htm,https://www.sec.gov/Archives/edgar/data/51143/000155837022015322/ibm-20220930x10q.htm,15.602656230441548,-3.5350977819715856,2.102697397849808,1.5994215872124258,10.584277432943086,22.28461045475017,-49.81656254832173,22.20607730627708,59.863275049463134,107413368291.11,153423368291.11,-8.402172112884074,7.614729072104778,56.50361298848501,74.28310393576072,5.350337133448396,5.350337133448396,10.876461668163191,-50.41845819622412,80.70666401426091,106.10191444751727,-0.0297542107732647,0.0134620115075534,2.6811117752540348,0.427699642431466,-15.119947420308906,0.9518479616621808,5.247457627118644,-0.5948060075093867,0.013880953774386,-0.4665206508135169,0.2716574507301857,0.1142067205444491,0.5179578863726658,0.239347711730668,0.0322557776832553,0.3912295786758383,0.0177938465901035,,0.0107308134448615,-0.0526827660100552,-100.32443802334318,-1467000000.0,-45038000000.0,-76704000000.0,71608000000.0,9721500000.0,3756500000.0,1739000000.0,38.58783496384517,51.30148270181218,24.181518646098542,2.3323412698412698,1.754335260115607,3.721850613154961,-0.1591950587766487,0.5032758106373816,2022-10-19,1.78,amc,13516538653.0,2025-04-25,2022-09-30,0.0168539325842696,131.23453125,4601448.0
2022-06-30,IBM,USD,51143,2022-07-25,2022-07-25 16:43:18,2022,Q2,15535000000.0,7246000000.0,8290000000.0,0.5336337303,1673000000,4177000000.0,395000000.0,4572000000.0,112000000.0,6357000000.0,13603000000.0,28000000.0,297000000.0,1246000000.0,3265000000.0,0.2101705826,1932000000.0,0.1243643386,-210000000.0,1722000000.0,0.1108464757,257000000.0,1392000000.0,0.0896041197,1.54,1.53,901500000,910700000,https://www.sec.gov/Archives/edgar/data/51143/000155837022010985/0001558370-22-010985-index.htm,https://www.sec.gov/Archives/edgar/data/51143/000155837022010985/ibm-20220630x10q.htm,17.232390460343872,1.5440931780366056,1.4653355518580145,0.8985024958402662,8.383804769828064,21.603993344425955,-52.283971159179146,21.52967276760954,59.5363283416528,127282785000.0,173623785000.0,22.859695581896556,8.193291599613776,96.35335730507192,157.13924074074075,6.557925962182493,6.557925962182493,11.176297714837464,53.177269525268,131.43359954579864,214.35035185185183,0.010936278617725,0.0063637828163486,2.750012880622392,0.4186176011544826,14.193261868300151,0.8760206004270821,6.505050505050505,0.9489942528735632,0.0116905047292923,1.0689655172413792,0.268876729964596,0.1076923076923077,0.5224190803353647,0.3868281604844814,0.0328934663662697,0.4101123595505618,0.016350177019633,27.34933214963564,0.0158950413084739,0.0228597704169608,-99.36855241264558,-3948000000.0,-47134000000.0,-80131000000.0,70785000000.0,9937500000.0,3580000000.0,1730000000.0,77.6021886063727,46.04333425338118,20.91636765111786,1.1597611048898844,1.954680334502293,4.302850356294536,0.0717193054768406,0.5668330560177482,2022-07-18,2.29,amc,15083565248.0,2025-04-25,2022-06-30,0.0087336244541484,134.97177419354838,5269853.548387097
2022-03-31,IBM,USD,51143,2022-04-26,2022-04-26 16:19:53,2022,Q1,14197000000.0,6862000000.0,7335000000.0,0.516658449,1679000000,3965000000.0,336000000.0,4301000000.0,176000000.0,6156000000.0,13018000000.0,17000000.0,311000000.0,1256000000.0,2190000000.0,0.1542579418,1179000000.0,0.0830457139,-556000000.0,623000000.0,0.0438825104,-39000000.0,733000000.0,0.0516306262,0.82,0.81,899300000,909226136,https://www.sec.gov/Archives/edgar/data/51143/000155837022005983/0001558370-22-005983-index.htm,https://www.sec.gov/Archives/edgar/data/51143/000155837022005983/ibm-20220331x10q.htm,15.786723006783053,0.8150783943066829,3.611697987323474,3.1113087957300123,11.657956188146336,21.25208495496497,-54.82708773490493,21.18314244412321,64.33670632714333,116926986000.00002,164539986000.0,39.87959959072306,8.23603479608368,35.99968780788178,41.78948749106505,6.137899527559056,6.137899527559056,11.589771501021342,75.13241369863013,50.658862684729066,58.80628520371694,0.0062688693609189,0.0239294631266729,3.020839895013123,0.4317914087413243,21.74109589041096,0.9199553676297862,3.790996784565917,4.431105047748977,0.0126147098326813,2.0122783083219646,0.2792843558498274,0.1182644220609988,0.513359594822735,0.1385467980295566,0.0316968373600056,0.35828025477707,0.0164823554272029,19.70997815622401,0.0115130658955592,0.0113017870083414,-108.89691982653174,-2726000000.0,-49306000000.0,-82833000000.0,74359000000.0,6852500000.0,3704000000.0,1712500000.0,41.0791012185673,45.28854561352375,23.29350043719032,2.190895061728395,1.987257457283521,3.8637387387387374,0.0384776902887139,0.5003891915934616,2022-04-19,1.34,amc,13777103015.0,2025-04-25,2022-03-31,0.0447761194029849,130.41258064516128,5522402.693548387
2021-12-31,IBM,USD,51143,2022-02-22,2022-02-22 16:07:29,2021,Q4,3259000000.0,-2849000000.0,6107000000.0,1.8738876956,1581000000,2770000000.0,314000000.0,3084000000.0,130000000.0,4795000000.0,1946000000.0,13000000.0,303000000.0,1381000000.0,2745000000.0,0.8422829089,1313000000.0,0.4028843203,-252000000.0,1061000000.0,0.3255599877,-241000000.0,2332000000.0,0.7155569193,2.6,2.57,895990771,904641001,,,3.63731425086297,2.602705379874945,2.8393149598635765,2.168549122254296,8.091601202441403,21.20111123332095,-54.86440440132614,21.095083355495856,61.87898558164948,119758126451.86,168248126451.86,12.838564156503002,36.74689366427125,47.07473524051101,61.63568010903757,6.336073564989154,6.336073564989154,51.62569084131942,61.2925779423898,66.13526983170597,86.5919333257128,0.0194725825218834,0.016224368713559,2.917305962647479,0.4177241081506958,17.664845173041893,0.8786400547309557,4.333333333333333,1.0904414916416632,0.0123081417826999,0.6320754716981132,0.8499539736115372,0.4851181343970543,0.5163142703464367,0.2362421383647798,0.1844123964406259,0.4351918899348298,0.0806996011046333,35.147495730291205,0.0150418732722401,0.0365248171409776,-111.06336495959287,-4080000000.0,-49158000000.0,-83466000000.0,72990000000.0,7200000000.0,4101500000.0,1770000000.0,199.52439398588524,-124.93857493857492,-52.09196209196209,0.4510726643598616,-0.720353982300885,-1.7277137659187387,0.1233797153589757,0.6707658376092804,2022-01-24,3.3,amc,13886500000.0,2025-04-25,2021-12-31,0.0151515151515152,125.37859375,6015111.890625
2021-09-30,IBM,USD,51143,2021-11-05,2021-11-05 07:23:16,2021,Q3,13251000000.0,6145000000.0,7106000000.0,0.5362614142,1606000000,3697000000.0,342000000.0,4039000000.0,125000000.0,5770000000.0,11915000000.0,14000000.0,290000000.0,1684000000.0,2787000000.0,0.2103237492,1336000000.0,0.1008225794,-523000000.0,813000000.0,0.0613538601,-224000000.0,1130000000.0,0.0852765829,1.26,1.25,897100000,906000000,https://www.sec.gov/Archives/edgar/data/51143/000155837021014734/0001558370-21-014734-index.htm,https://www.sec.gov/Archives/edgar/data/51143/000155837021014734/ibm-20210930x10q.htm,14.77092854754208,1.2596143127856427,3.024189053617211,2.2059971017723776,8.978932114591462,24.92141344331736,-58.01582878162969,24.77761676513209,66.06621335414113,119045169999.99998,170568170000.0,26.33742699115044,8.983863104671345,43.879531883523775,60.15420414350682,5.355640183552276,5.355640183552276,12.87209795487133,61.2013527090061,62.87068558791006,86.18907023749368,0.0094921952734411,0.0166239419877345,2.653320136764441,0.4089616819448874,18.486903480444923,0.8363194909578031,4.606896551724138,2.4008849557522125,0.0123566542010902,1.3017699115044248,0.2789978114859256,0.1211984001207456,0.5159207843898651,0.2705492075193513,0.0553920458833295,0.4358669833729216,0.0197720926722511,26.49963048924932,0.0143771800838958,0.0161865608571715,-119.80297625682756,-5865000000.0,-52046000000.0,-91890000000.0,81929000000.0,7274500000.0,4231000000.0,1849000000.0,48.73217115689381,62.216436126932464,27.695687550854355,1.846829268292683,1.4465630885122411,3.2496033844526706,0.0508367824365664,0.8181919518448334,2021-10-20,2.49,amc,17765600000.0,2025-04-25,2021-09-30,0.0120481927710842,133.5578125,4203660.765625
2021-06-30,IBM,USD,51143,2021-07-27,2021-07-27 16:41:04,2021,Q2,14218000000.0,6366000000.0,7852000000.0,0.5522577015,1641000000,4202000000.0,393000000.0,4595000000.0,124000000.0,6360000000.0,12726000000.0,11000000.0,281000000.0,1680000000.0,2873000000.0,0.2020678014,1492000000.0,0.1049374033,-580000000.0,912000000.0,0.0641440428,101000000.0,1325000000.0,0.0931917288,1.48,1.47,895000000,904200000,https://www.sec.gov/Archives/edgar/data/51143/000155837021009351/0001558370-21-009351-index.htm,https://www.sec.gov/Archives/edgar/data/51143/000155837021009351/ibm-20210630x10q.htm,15.886033519553072,1.4804469273743015,2.9329608938547485,2.079329608938548,8.88268156424581,24.655865921787708,-59.348603351955305,24.516201117318435,67.11731843575419,125317900000.00002,177756900000.0,23.64488679245283,8.81403150935434,47.74015238095239,67.33901128425579,5.711325312186674,5.711325312186674,12.50224363482909,61.87152801949182,67.71691428571428,95.51687264911338,0.0105731104654642,0.0148502328877199,2.7248655546440617,0.4072431784434727,18.25234946049426,0.8404522613065326,5.309608540925267,1.981132075471698,0.0117062287191215,1.1071698113207546,0.2955408636939091,0.1154170769447179,0.5121037503235386,0.291047619047619,0.0537347024898016,0.4547619047619047,0.0171613447742298,28.576844277107497,0.0111205245571097,0.0184978361021918,-123.31061452513968,-5842000000.0,-53117000000.0,-93973000000.0,83152000000.0,7177000000.0,4177000000.0,1817500000.0,46.677451118300745,59.575871819038646,25.54665409990575,1.928125847572552,1.5106786900806837,3.522966242390703,0.0603864734299516,0.8536312849162011,2021-07-19,2.25,amc,18294000000.0,2025-04-25,2021-06-30,0.0355555555555555,136.62063492063493,5075266.777777778
2021-03-31,IBM,USD,51143,2021-04-27,2021-04-27 16:19:53,2021,Q1,13187000000.0,6160000000.0,7027000000.0,0.5328732843,1616000000,4099000000.0,345000000.0,4444000000.0,105000000.0,6165000000.0,12325000000.0,14000000.0,280000000.0,1672000000.0,2196000000.0,0.1665276409,862000000.0,0.0653674073,-618000000.0,244000000.0,0.0185030712,-160000000.0,955000000.0,0.0724198074,1.07,1.06,893630916,901746065,https://www.sec.gov/Archives/edgar/data/51143/000155837021004922/0001558370-21-004922-index.htm,https://www.sec.gov/Archives/edgar/data/51143/000155837021004922/ibm-20210331x10q.htm,14.75665150331482,1.068673859533302,5.498914498164027,4.750283281381012,12.455925372214852,24.07369711009416,-58.19628559045959,23.934937362887744,68.70845547156517,113750279297.64,164339279297.64,29.77756002556021,8.625940645911882,23.148204985274727,26.79629665433216,5.318167249410445,5.318167249410445,12.462218798638052,74.83573738508197,33.44307678014653,38.71361114196467,0.0083955837813913,0.0373185896879645,2.8575435971761185,0.4112252655941976,23.03688524590164,0.9314761096820098,3.0785714285714287,5.145549738219895,0.0128087597586253,1.52565445026178,0.3108364298172442,0.1225449306134829,0.4946477470749315,0.1361416361416361,0.0507317812997649,0.4001196172248804,0.0161522711761583,23.98998629655537,0.0118978801050312,0.0127146851284782,-122.9098031787432,-2504000000.0,-52006000000.0,-93078000000.0,84950000000.0,6597500000.0,4086500000.0,1833500000.0,47.637825130810654,60.48701298701298,26.70779220779221,1.889255014326648,1.4879227053140096,3.3698030634573306,0.0446491187058768,0.7486312167830147,2021-04-19,1.67,bmo,16206263803.0,2025-04-25,2021-03-31,0.0598802395209581,119.57196721311476,7052215.016393443
2020-12-31,IBM,USD,51143,2021-02-23,2021-02-23 17:08:23,2020,Q4,20368000000.0,9844000000.0,10523000000.0,0.5166437549,1611000000,6580000000.0,390000000.0,6970000000.0,-17000000.0,8564000000.0,18408000000.0,15000000.0,317000000.0,1699000000.0,3305000000.0,0.1622643362,1960000000.0,0.0962293794,-671000000.0,1289000000.0,0.063285546,24000000.0,1355000000.0,0.066525923,1.52,1.51,892600000,899000000,https://www.sec.gov/Archives/edgar/data/51143/000155837021001489/0001558370-21-001489-index.htm,https://www.sec.gov/Archives/edgar/data/51143/000155837021001489/ibm-20201231x10k.htm,22.81873179475689,1.518037194712077,6.565090746134887,5.645305848084249,15.47389648218687,23.219807304503696,-59.02643961460901,23.075285682276498,73.27470311449697,107326224000.0,159202224000.0,19.80188634686347,5.269355066771406,18.31505529010239,21.299111728517563,5.210769723746177,5.210769723746177,7.816291437549097,48.170113161875946,27.167615017064847,31.59401151022028,0.0126250598362614,0.0469503147711597,3.160071855124533,0.4173083457822287,15.696217851739789,0.9823421706087436,6.182965299684542,4.321533923303835,0.0135474811822318,1.0730627306273062,0.3230557737627651,0.0790946582875098,0.4706836527303152,0.1401023890784982,0.040308326787117,0.4832254267216009,0.0136979575805184,28.07411073830857,0.0154804400201129,0.016412703796119,-129.79190006721936,-704000000.0,-52687000000.0,-96080000000.0,87435000000.0,6421000000.0,4009000000.0,1894000000.0,27.462195600942657,36.87220642015441,16.81328728159285,3.277232502011263,2.4408628812298536,5.352909189777053,0.065786279555275,0.9197848980506386,2021-01-21,1.78,amc,17181944134.0,2025-04-25,2020-12-31,0.1629213483146066,115.46921875,5981413.375
2020-09-30,IBM,USD,51143,2020-10-27,2020-10-27 16:20:30,2020,Q3,17561000000.0,9130000000.0,8430000000.0,0.4800409999,1515000000,4011000000.0,361000000.0,4372000000.0,153000000.0,6040000000.0,15170000000.0,15000000.0,323000000.0,1683000000.0,3833000000.0,0.2182677524,2391000000.0,0.1361539776,-564000000.0,1827000000.0,0.1040373555,128000000.0,1697000000.0,0.096634588,1.9,1.89,891381032,897292233,https://www.sec.gov/Archives/edgar/data/51143/000155837020011799/0001558370-20-011799-index.htm,https://www.sec.gov/Archives/edgar/data/51143/000155837020011799/ibm-20200930x10q.htm,19.70089038197079,1.9037874254429952,4.807147388346042,3.805331141486529,17.493080332900778,23.93364816405472,-57.19551815637019,23.79229447188865,79.32410210855822,103587389728.72,159579389728.72,15.26036973021803,5.89871816688799,24.17442000670245,30.538735179457547,4.884354476080724,4.884354476080724,9.087147071847845,41.63302627934255,37.24139783634072,47.04581065115566,0.0163823029467601,0.0327452985241074,3.318794794417201,0.4566658880930136,14.607878945995305,1.0487458215987155,7.402476780185759,2.5235571260306244,0.0140268038783986,0.8562168532704774,0.228403849439098,0.0862707135128979,0.4692009239074016,0.2084014002333722,0.0508513182620579,0.5306001188354129,0.0126416491088206,31.924099021827008,0.0172240420993782,0.020742931879576,-124.8133469369135,1852000000.0,-50983000000.0,-92949000000.0,88842000000.0,13289500000.0,4352000000.0,1909000000.0,33.96332782871135,39.28258488499452,19.21248630887185,2.649917006186812,2.291091593475534,4.684453565931247,0.0800169747265183,1.0018162468595135,2020-10-19,2.55,amc,17559000000.0,2025-04-25,2020-09-30,0.011764705882353,117.628125,4462485.328125
2020-06-30,IBM,USD,51143,2020-07-28,2020-07-28 16:29:01,2020,Q2,18123000000.0,9423000000.0,8700000000.0,0.4800529714,1582000000,4531000000.0,363000000.0,4894000000.0,151000000.0,6627000000.0,16050000000.0,23000000.0,323000000.0,1679000000.0,3573000000.0,0.1971527893,2073000000.0,0.1143850356,-502000000.0,1571000000.0,0.0866854274,209000000.0,1361000000.0,0.0750979418,1.53,1.52,889400000,894900000,https://www.sec.gov/Archives/edgar/data/51143/000155837020008516/0001558370-20-008516-index.htm,https://www.sec.gov/Archives/edgar/data/51143/000155837020008516/ibm-20200630x10q.htm,20.37665842140769,1.5302451090622893,4.020688104340005,3.1965369912300425,15.857881718012145,23.26062514054419,-57.80863503485496,23.106588711490893,78.80368787946931,102601184000.0,160325184000.0,18.846653930933137,5.661379683275396,28.6916062639821,36.08905522335561,4.992515400710428,4.992515400710428,8.846503559013408,44.87130814441646,44.8336644295302,56.39295954977137,0.013264954135422,0.0277092318934643,3.394725317502798,0.452431906614786,16.155611530926393,1.039305967431455,6.41795665634675,2.62747979426892,0.0141323905190021,1.06539309331374,0.2500137946256138,0.0872923908845113,0.4675940337224384,0.2049776286353467,0.0404458422998399,0.4365693865396069,0.0136290901064945,28.20588144633383,0.0140702078267269,0.0165779504732207,-116.38126827074431,1511000000.0,-51415000000.0,-93559000000.0,88097000000.0,13683500000.0,4445500000.0,1827500000.0,99.08293328919054,45.07163323782235,17.851002865329512,0.9083299919807538,1.996821360457724,5.041733547351525,0.0662254878108121,0.8241511131099618,2020-07-20,2.14,amc,17291669724.0,2025-04-25,2020-06-30,0.0186915887850467,116.03936507936508,5726637.142857143
2020-03-31,IBM,USD,51143,2020-04-28,2020-04-28 16:24:43,2020,Q1,17570000000.0,9649000000.0,7922000000.0,0.4508821855,1625000000,5186000000.0,428000000.0,5614000000.0,223000000.0,7462000000.0,17111000000.0,51000000.0,326000000.0,1634000000.0,1911000000.0,0.1087649402,459000000.0,0.0261240751,-508000000.0,-49000000.0,-0.0027888446,-1226000000.0,1175000000.0,0.0668753557,1.32,1.31,888000000,895000000,https://www.sec.gov/Archives/edgar/data/51143/000155837020004491/0001558370-20-004491-index.htm,https://www.sec.gov/Archives/edgar/data/51143/000155837020004491/ibm-20200331x10q.htm,19.78603603603604,1.3231981981981982,5.04054054054054,4.158783783783784,13.361486486486486,22.666666666666668,-58.6204954954955,22.5213963963964,78.57995495495496,94092480000.0,152327480000.0,20.01967659574468,5.355291974957313,21.02155495978552,25.478602761982128,4.704859242962147,4.704859242962147,8.6697484348321,79.71087388801675,34.03205540661305,41.247625236934745,0.012487714214781,0.0392486200810096,3.472823641182059,0.4527486424646193,30.47357404500261,0.9571706045779756,1.4079754601226997,3.809361702127659,0.0153040923142848,1.225531914893617,0.2951622083096186,0.0924871940808195,0.4705449045976936,0.1749329758713136,0.0445645987478656,0.4791921664626683,0.0107569721115537,25.894132549362027,-0.0867954635387655,0.0144668800787983,-129.45467342342343,-1742000000.0,-52055000000.0,-94344000000.0,84938000000.0,7888500000.0,4534000000.0,1702500000.0,37.9823562891292,38.91387708570837,16.65872111099596,2.369521240728253,2.312799616490892,5.402575587905935,0.0587529376468823,0.8817567567567568,2020-04-20,1.78,amc,17189021739.0,2025-04-25,2020-03-31,0.0337078651685393,126.3458064516129,7120629.177419355
2019-12-31,IBM,USD,51143,2020-02-25,2020-02-25 16:54:20,2019,Q4,21777000000.0,10677000000.0,11100000000.0,0.5097120816,1596000000,4690000000.0,413000000.0,5103000000.0,135000000.0,6834000000.0,17511000000.0,48000000.0,354000000.0,1650000000.0,5997000000.0,0.2753822841,4266000000.0,0.1958947513,-273000000.0,3993000000.0,0.1833585893,324000000.0,3670000000.0,0.168526427,4.14,4.11,887100000,893700000,https://www.sec.gov/Archives/edgar/data/51143/000155837020001334/0001558370-20-001334-index.htm,https://www.sec.gov/Archives/edgar/data/51143/000155837020001334/ibm-20191231x10k2af531.htm,24.54852891444031,4.137075865178672,3.890204035621689,3.0684252057265247,9.996618194115658,23.65573216097396,-59.14891218577387,23.49340547852553,77.23142824935182,113575413000.0,173561413000.0,7.736744754768392,5.215383799421408,32.91087018255578,41.72498640705364,5.4496143659133445,5.4496143659133445,7.969941360150617,28.941372853093213,50.29307823819183,63.76245885378398,0.0323133317595772,0.0239664547818989,3.270380499976009,0.4478598557028899,10.002668000667,1.019071112172091,12.05084745762712,0.9403269754768392,0.012661191027322,0.3918256130790191,0.2153648344583735,0.073288331726133,0.4826725191541929,0.2112431179368299,0.0334756853561096,0.4418181818181818,0.0096891215502594,46.76392859792095,0.0314435577068594,0.0466150133367204,-129.9199639274039,719000000.0,-52471000000.0,-92781000000.0,89181000000.0,14917000000.0,4469000000.0,1665500000.0,34.55847912935666,41.27001966844619,13.6470918797415,2.604281272422865,2.1807598039215685,6.594811612106239,0.1760951969675159,0.821778829895164,2020-01-21,4.68,amc,21638292993.0,2025-04-25,2019-12-31,0.0064102564102564,129.85234375,3757056.40625
2019-09-30,IBM,USD,51143,2019-10-29,2019-10-29 19:37:08,2019,Q3,18027000000.0,9692000000.0,8336000000.0,0.4624174849,1553000000,4354000000.0,381000000.0,4735000000.0,123000000.0,6411000000.0,16103000000.0,63000000.0,432000000.0,1669000000.0,3623000000.0,0.2009763133,1924000000.0,0.1067287957,-402000000.0,1522000000.0,0.0844289122,-151000000.0,1672000000.0,0.0927497642,1.89,1.87,886000000,892800000,https://www.sec.gov/Archives/edgar/data/51143/000155837019009324/0001558370-19-009324-index.htm,https://www.sec.gov/Archives/edgar/data/51143/000155837019009324/ibm-20190930x10q.htm,20.346501128668173,1.887133182844244,4.084650112866817,3.237020316027088,12.212189616252822,20.423250564334086,-62.606094808126414,20.266365688487586,81.18058690744921,123065400000.0,184472400000.0,18.400927033492824,6.826726576801464,34.00536059684996,42.909832635983264,6.8537202049454224,6.8537202049454224,10.233116991179896,50.91703008556445,50.97330754352031,64.32092050209205,0.0135862720147173,0.0233046819008429,3.981621742036088,0.4778371875417725,16.949213359094674,1.0871214281640336,4.453703703703703,2.164473684210526,0.0116685924719701,0.8588516746411483,0.2415265989904033,0.0861485549453597,0.4916722363320411,0.2075158883669522,0.0416597326232872,0.4499700419412822,0.0122039163477006,29.334620360489097,0.0168065278782888,0.0219838014094877,-117.09367945823928,3055000000.0,-55469000000.0,-93404000000.0,91583000000.0,14740000000.0,4383000000.0,1728500000.0,107.1992011982027,37.53404869995872,15.897647544366489,0.8395584947839047,2.3978228599703115,5.661214953271028,0.093116507017153,0.8476297968397292,2019-10-16,2.64,amc,17960731343.0,2025-04-25,2019-09-30,0.0151515151515151,134.77546875000002,3904686.71875
2019-06-30,IBM,USD,51143,2019-07-30,2019-07-30 16:26:01,2019,Q2,19161000000.0,10151000000.0,9010000000.0,0.4702259799,1407000000,4923000000.0,421000000.0,5344000000.0,-110000000.0,6641000000.0,16792000000.0,167000000.0,348000000.0,1294000000.0,4410000000.0,0.2301550023,2369000000.0,0.1236365534,399000000.0,2768000000.0,0.1444601012,269000000.0,2498000000.0,0.1303689787,2.82,2.81,886273682,890831801,https://www.sec.gov/Archives/edgar/data/51143/000155837019006560/0001558370-19-006560-index.htm,https://www.sec.gov/Archives/edgar/data/51143/000155837019006560/ibm-20190630x10q.htm,21.61973258278474,2.818542455602332,3.3183880552147547,2.492458080234408,52.21073460692021,20.0570098842222,-22.831547873944427,19.909200011650576,88.74459616414515,118415026652.02002,151320026652.02002,11.850983451963572,6.180002434738271,40.26352487317919,53.60571600363061,6.710967789856618,6.710967789856618,7.8972927640530255,34.31293121360998,51.451896175457335,68.50159649253962,0.0210952956784846,0.0186547270431435,4.437744403513744,0.5063238755399219,7.461451247165533,1.8303463908762485,6.807471264367816,1.177341873498799,0.0121268393091689,0.5748598879103283,0.2569281352747768,0.0734304055111946,0.2457840829733854,0.2488949336960217,0.0382025990292782,0.5656877897990726,0.0070455612963832,35.53288369275847,0.0165114345401482,0.0214161401222554,-94.46799752765308,35166000000.0,-20235000000.0,-59359000000.0,88377000000.0,7761500000.0,5217500000.0,1758000000.0,37.613903240958194,41.88355827012117,15.471382129839425,2.3927322677322675,2.148814563928874,5.817191977077364,0.1415698498158118,0.825929974980347,2019-07-17,3.07,amc,18556552050.0,2025-04-25,2019-06-30,0.0325732899022801,131.2525396825397,3607459.634920635
2019-03-31,IBM,USD,51143,2019-04-30,2019-04-30 16:21:56,2019,Q1,18181000000.0,10139000000.0,8043000000.0,0.4423849073,1433000000,4141000000.0,432000000.0,4573000000.0,15000000.0,6021000000.0,16160000000.0,70000000.0,210000000.0,1446000000.0,3539000000.0,0.1946537594,2021000000.0,0.1111600022,-138000000.0,1883000000.0,0.1035696606,289000000.0,1591000000.0,0.0875089379,1.79,1.78,889600000,893900000,https://www.sec.gov/Archives/edgar/data/51143/000110465919025328/0001104659-19-025328-index.htm,https://www.sec.gov/Archives/edgar/data/51143/000110465919025328/a19-6867_110q.htm,20.437275179856115,1.7884442446043165,5.349595323741007,4.568345323741007,20.240557553956837,18.667940647482013,-25.43839928057554,18.52630395683453,61.926708633093526,121768448000.0,159514448000.0,19.133948460088,6.697566030471371,25.58698213910485,29.962708661417324,7.388413809841635,7.388413809841635,8.77368945602552,45.07331110483187,33.51848035301534,39.25060236220472,0.0130657820324687,0.0333748197234147,3.3298950306413446,0.4191680796785971,10.665724781011583,1.3558951403359831,9.623809523809523,2.9912005028284097,0.0114725942799238,0.8780641106222502,0.2277652494362246,0.0788185468346075,0.2996883735850786,0.146039083841143,0.0382267202024091,0.4806362378976487,0.0062152796875859,27.303816361843907,0.0163039269642148,0.0173521360250411,-100.93440872302158,13834000000.0,-22630000000.0,-61614000000.0,68380000000.0,7708500000.0,6134500000.0,1726500000.0,37.20092404158187,50.69434855508433,15.720485254956111,2.4192947438456422,1.775345823848713,5.725014116318464,0.0965354044050725,0.78125,2019-04-16,2.22,amc,17939573333.0,2025-04-25,2019-03-31,0.0135135135135134,127.35590163934428,4528019.918032787
2018-12-31,IBM,USD,51143,2019-02-26,2019-02-26 16:27:59,2018,Q4,21760000000.0,11073000000.0,10687000000.0,0.4911305147,1358000000,4248000000.0,335000000.0,4583000000.0,-78000000.0,5863000000.0,16936000000.0,77000000.0,193000000.0,1112000000.0,5739000000.0,0.2637408088,4824000000.0,0.2216911765,-390000000.0,4434000000.0,0.2037683824,2481000000.0,1951000000.0,0.0896599265,2.17,2.15,901300000,905200000,https://www.sec.gov/Archives/edgar/data/51143/000104746919000712/0001047469-19-000712-index.htm,https://www.sec.gov/Archives/edgar/data/51143/000104746919000712/a2237254z10-k.htm,24.142904693220903,2.164651059580606,4.570065461000777,3.534894041939421,13.310773327415957,18.78397869743704,-24.87850882059248,18.635304560079884,51.042937978475535,97854141000.0,132287141000.0,12.538972450025629,4.496973391544118,23.75677130371449,30.713791902071563,5.826038402000476,5.826038402000476,6.079372288602941,23.050556020212586,32.1163245933479,41.52138763339611,0.0199378378887409,0.0325586630002709,2.727554179566563,0.371302134833282,5.999825753615612,1.2856358071520129,24.99481865284974,2.1112250128139416,0.0144705168890093,0.725781650435674,0.1952205882352941,0.0624080882352941,0.3189525214374868,0.2265112891478514,0.0428768382352941,0.8390287769784173,0.0063878676470588,30.12683130758436,0.0222802616410923,0.0232181746777898,-97.29002551869522,10919000000.0,-22423000000.0,-57306000000.0,61064000000.0,7486500000.0,5971000000.0,1787500000.0,32.6829044117647,53.30262801408833,13.671091845028448,2.753733232093141,1.6884720951509606,6.5832342449464925,0.1161586091926649,1.035171419061356,2019-01-22,4.81,amc,21537581108.0,2025-04-25,2018-12-31,0.0124740124740125,119.9136507936508,7569992.523809524
2018-09-30,IBM,USD,51143,2018-10-30,2018-10-30 16:43:46,2018,Q3,18756000000.0,9953000000.0,8803000000.0,0.4693431435,1252000000,3926000000.0,323000000.0,4249000000.0,-165000000.0,5336000000.0,15289000000.0,70000000.0,191000000.0,1138000000.0,4325000000.0,0.2305928769,3467000000.0,0.1848475155,-471000000.0,2996000000.0,0.1597355513,304000000.0,2694000000.0,0.1436340371,2.95,2.94,911200000,915200000,https://www.sec.gov/Archives/edgar/data/51143/000110465918064673/0001104659-18-064673-index.htm,https://www.sec.gov/Archives/edgar/data/51143/000110465918064673/a18-19046_110q.htm,20.583845478489906,2.9565408252853382,4.644424934152766,3.5963564530289727,15.907594381035995,21.85908691834943,-21.665935030728708,21.712028094820017,51.70324846356453,133162767999.99998,168520768000.0,12.357346696362285,7.0997423757730855,31.46568241965973,40.63557155935306,6.7308313788920335,6.7308313788920335,8.984899125613136,38.96433942196532,39.82059735349716,51.42531827891364,0.0202308801511245,0.0246089807925891,2.371663970885564,0.3846298876957127,8.175260115606937,1.310548041931454,18.151832460732983,1.570898292501856,0.0107462470290494,0.5311804008908686,0.209319684367669,0.0667519727020686,0.3251086154602836,0.2256616257088846,0.0509170398805715,0.8391915641476274,0.0068777991042866,38.004357551427525,0.032416656549013,0.0327219725494959,-89.25290825285337,11435000000.0,-19742000000.0,-53815000000.0,62044000000.0,7258000000.0,5451000000.0,1817500000.0,33.9299424184261,48.68481864764392,17.11745202451522,2.6525243954179043,1.848625557206538,5.257791864764924,0.1361706429437929,1.0480684811237928,2018-10-16,3.4,amc,18646315789.0,2025-04-25,2018-09-30,0.0058823529411764,139.6106349206349,4488223.968253968
2018-06-30,IBM,USD,51143,2018-07-31,2018-07-31 16:10:57,2018,Q2,20003000000.0,10804000000.0,9199000000.0,0.4598810178,1364000000,4301000000.0,407000000.0,4708000000.0,-141000000.0,5931000000.0,16735000000.0,47000000.0,173000000.0,1116000000.0,4065000000.0,0.2032195171,3268000000.0,0.1633754937,-492000000.0,2776000000.0,0.1387791831,373000000.0,2403000000.0,0.1201319802,2.63,2.61,915100000,919400000,https://www.sec.gov/Archives/edgar/data/51143/000110465918048404/0001104659-18-048404-index.htm,https://www.sec.gov/Archives/edgar/data/51143/000110465918048404/a18-14112_110q.htm,21.85881324445416,2.6259425199431754,2.5068298546606926,1.3266309692929734,12.793137362036935,20.378100754015957,-23.142825920664407,20.23822533056497,49.907113976614575,122110944000.0,156866944000.0,12.704009987515606,6.104631505274209,53.23057715780297,100.58562108731466,6.593463498920086,6.593463498920086,7.842170874368844,38.589654120541205,68.3814054054054,129.21494563426688,0.0196788258389026,0.00994177884662,2.456641468682505,0.3740852806235714,8.550061500615007,1.3203261666948818,18.890173410404625,0.9542429284525792,0.0117679869873088,0.5980024968789014,0.2150177473378993,0.0681897715342698,0.3274572034664781,0.4707933740191805,0.0539919012148177,0.967741935483871,0.0062990551417287,34.57960915819807,0.0301500839932613,0.02937796469265,-92.68085455141517,11353000000.0,-21178000000.0,-56179000000.0,62203000000.0,18337000000.0,5627000000.0,1747500000.0,33.4974753786932,45.96630877452795,14.51129211403184,2.686769644056413,1.9579557810801016,6.202066590126291,0.1297516198704103,1.1801988853677194,2018-07-18,3.04,amc,19743220779.0,2025-04-25,2018-06-30,0.0131578947368421,139.34078125,4939515.140625
2018-03-31,IBM,USD,51143,2018-04-24,2018-04-24 16:17:32,2018,Q1,19071000000.0,10825000000.0,8247000000.0,0.432436684,1405000000,4921000000.0,401000000.0,5322000000.0,-208000000.0,6519000000.0,17344000000.0,71000000.0,165000000.0,1114000000.0,2415000000.0,0.1266320591,1727000000.0,0.0905563421,-591000000.0,1136000000.0,0.0595668817,-540000000.0,1679000000.0,0.0880394316,1.82,1.81,920700000,925400000,https://www.sec.gov/Archives/edgar/data/51143/000110465918026178/0001104659-18-026178-index.htm,https://www.sec.gov/Archives/edgar/data/51143/000110465918026178/a18-8695_110q.htm,20.71358748778104,1.8236124687737592,4.998370804822418,3.9165852069077873,13.948082980341043,19.865319865319865,-23.85467579015966,19.73063973063973,50.56152927120669,134928585000.00002,169366585000.0,20.090617182846938,7.075066068900425,29.31955345501956,37.417799500831954,7.427534129692834,7.427534129692834,8.880844475905826,70.13109109730848,36.80282159930465,46.96799362174154,0.0124436197118646,0.0267252487677092,2.553506550699108,0.3702518258370914,14.260041407867496,1.3746956594744355,10.466666666666669,2.7409172126265635,0.0102424552958885,0.8231089934484812,0.2580357611032458,0.0736720675370982,0.3212914554815022,0.2164276401564537,0.0522258927166902,0.8940754039497307,0.0060825336898956,28.4530036053796,0.0258815299615174,0.0197455075736193,-77.50054306505919,13389000000.0,-21963000000.0,-57873000000.0,64920000000.0,30429500000.0,6093500000.0,1668000000.0,137.93770646531382,47.68960739030023,14.57459584295612,0.6524684388791954,1.8872036262203624,6.175128351397604,0.0924254101067929,1.0817855979146302,2018-04-17,2.4,amc,18838465306.0,2025-04-25,2018-03-31,0.0208333333333334,151.16377049180326,5865865.721311475
2017-12-31,IBM,USD,51143,2018-02-27,2018-02-27 17:13:57,2017,Q4,22543000000.0,11681000000.0,10862000000.0,0.4818347159,1427000000,4662000000.0,355000000.0,5017000000.0,-234000000.0,6210000000.0,17891000000.0,42000000.0,164000000.0,1149000000.0,5782000000.0,0.2564876015,4652000000.0,0.2063611764,-183000000.0,4469000000.0,0.1982433571,5522000000.0,-1055000000.0,-0.0467994499,-1.14,-1.13,924500000,928900000,https://www.sec.gov/Archives/edgar/data/51143/000104746918001117/0001047469-18-001117-index.htm,https://www.sec.gov/Archives/edgar/data/51143/000104746918001117/a2233835z10-k.htm,24.38399134667388,-1.141157382368848,6.201189832341806,5.023255813953488,13.607355327203894,19.17252568956193,-24.66846944294213,19.03082747431044,50.82531097890752,135476230000.0,170328230000.0,-32.10337203791469,6.009680610389034,23.63094889237746,29.17231481481481,7.700138115266568,7.700138115266568,7.55570376613583,29.458358699411967,29.71013954299669,36.67705211024978,-0.0077873439495622,0.0342790761154189,2.661361827895873,0.3735281917100099,6.027672085783466,1.3311297272702942,28.365853658536587,-5.439278937381404,0.0102379583488557,-1.314691943127962,0.2068047731002972,0.0633012465066761,0.3233271642362551,0.1899529042386185,0.0483076786585636,0.9477806788511748,0.0064765115556935,,-0.0110496985079621,-0.0124373710580607,-76.2974580854516,12372000000.0,-22806000000.0,-57896000000.0,64019000000.0,29378000000.0,5946500000.0,1647000000.0,126.27866743556756,49.703792483520246,12.196729732043488,0.712709453050901,1.8107270190668112,7.379027163613392,-0.0599636239627145,1.177934018388318,2018-01-18,5.17,amc,22498482625.0,2025-04-25,2017-12-31,0.0019342359767891,145.2826984126984,5050395.253968254
2017-09-30,IBM,USD,51143,2017-10-31,2017-10-31 16:15:02,2017,Q3,19153000000.0,10172000000.0,8981000000.0,0.468908265,1291000000,4137000000.0,337000000.0,4474000000.0,-183000000.0,5582000000.0,15754000000.0,38000000.0,168000000.0,1176000000.0,4409000000.0,0.2301989245,3399000000.0,0.1774656712,-334000000.0,3065000000.0,0.1600271498,339000000.0,2726000000.0,0.1423275727,2.93,2.92,929400000,933200000,https://www.sec.gov/Archives/edgar/data/51143/000110465917064968/0001104659-17-064968-index.htm,https://www.sec.gov/Archives/edgar/data/51143/000110465917064968/a17-21131_110q.htm,20.607919087583387,2.933075102216484,3.841187863137508,2.7856681730148485,12.389713793845493,21.257800731654832,-22.60167850225952,21.11792554336131,49.27264902087368,128796252000.00002,163507252000.0,11.811835289801907,6.724599383908527,36.07738151260504,49.74749015063732,6.562197584959495,6.562197584959495,8.536900328930194,37.08488364708551,45.80035070028011,63.15459714175357,0.0211652121678199,0.0201015166186668,2.324654812248433,0.3751027656285968,7.872760263098208,1.4115531438306463,20.232142857142858,1.310091743119266,0.0108388247198373,0.5121056493030081,0.2159974938651908,0.0674045841382551,0.3351228254792989,0.2747899159663866,0.0512191301623766,0.8341836734693877,0.0064219704484937,37.331761095455,0.0320786341249913,0.033707170501898,-74.41790402410157,13045000000.0,-21006000000.0,-57137000000.0,64865000000.0,27042000000.0,5284000000.0,1657500000.0,127.46514906281,48.14982304364924,15.138615808100669,0.7060753520607536,1.8691657478868065,5.945061367621274,0.1388903041728231,1.0555196901226598,2017-10-17,3.28,amc,19036921212.0,2025-04-25,2017-09-30,0.0060975609756097,139.18809523809526,4185885.873015873
2017-06-30,IBM,USD,51143,2017-07-25,2017-07-25 16:15:58,2017,Q2,19289000000.0,10321000000.0,8968000000.0,0.4649281974,1436000000,4499000000.0,390000000.0,4889000000.0,-238000000.0,6087000000.0,16408000000.0,34000000.0,147000000.0,1117000000.0,3707000000.0,0.1921820727,2881000000.0,0.1493597387,-438000000.0,2443000000.0,0.1266524962,111000000.0,2331000000.0,0.1208460781,2.49,2.48,934900000,939600000,https://www.sec.gov/Archives/edgar/data/51143/000110465917046808/0001104659-17-046808-index.htm,https://www.sec.gov/Archives/edgar/data/51143/000110465917046808/a17-13367_110q.htm,20.63215317146219,2.493314793025992,3.7073483795058295,2.823831425820944,13.151139159268372,19.835276500160443,-23.694512782115737,19.701572360680288,49.010589367846826,137364857000.0,171341857000.0,14.732395645645646,7.1214089377365335,39.63209953837276,52.032142803030304,7.457780389814865,7.457780389814865,8.882879205764944,46.22116455354734,49.43504241200231,64.90221856060606,0.0169694057920505,0.0192188894427342,2.479667734404691,0.3790447736420598,9.165632586997573,1.2515431240616135,19.598639455782312,1.486277873070326,0.0102136749576349,0.6018876018876019,0.2332417439991705,0.0744465757685727,0.3377401551931615,0.2383150605885747,0.0428223339727305,0.7394807520143241,0.0070506506298926,33.24530028119785,0.0297022222783979,0.0292108923670722,-73.41480372232324,9047000000.0,-22152000000.0,-56938000000.0,60646000000.0,26413500000.0,5225000000.0,1606500000.0,125.78257037689876,44.699157058424575,13.987016761941671,0.7155204392017211,2.0134607881389,6.434538653366584,0.1265541017427656,0.883516953684886,2017-07-18,2.74,amc,17795239057.0,2025-04-25,2017-06-30,0.0182481751824816,150.62571428571428,4775337.396825396
2017-03-31,IBM,USD,51143,2017-04-25,2017-04-25 16:13:34,2017,Q1,18155000000.0,10211000000.0,7944000000.0,0.437565409,1484000000,4518000000.0,363000000.0,4881000000.0,-315000000.0,6050000000.0,16261000000.0,30000000.0,135000000.0,1099000000.0,2658000000.0,0.1464059488,1894000000.0,0.1043238777,-470000000.0,1424000000.0,0.0784356926,-329000000.0,1750000000.0,0.0963921785,1.86,1.85,942400000,947800000,https://www.sec.gov/Archives/edgar/data/51143/000110465917025881/0001104659-17-025881-index.htm,https://www.sec.gov/Archives/edgar/data/51143/000110465917025881/a17-8917_110q.htm,19.264643463497453,1.8569609507640068,4.196731748726656,3.2661290322580645,11.348684210526317,19.575551782682517,-23.657682512733448,19.44715619694397,45.53904923599321,156749392000.0,189434392000.0,22.39277028571429,8.633951638667034,39.63322174462706,50.925728395061725,8.552921481966498,8.552921481966498,10.43428212613605,71.26952294958616,47.89744424778761,61.544636777128005,0.0111643176261889,0.0196364398019483,2.3343154908059147,0.3641091110260011,12.29683972911964,1.1756530796853155,14.02962962962963,2.26,0.0084274649052546,0.7548571428571429,0.2488570641696502,0.0817405673368218,0.3467636920720031,0.2217446270543615,0.0483062517212889,0.7979981801637852,0.0071054805838611,28.50497706323402,0.0260935424223162,0.0228007087763185,-72.31085526315789,6408000000.0,-22295000000.0,-56158000000.0,58016000000.0,27557000000.0,5766500000.0,1581000000.0,128.2407050399339,46.92586426402899,14.181764763490357,0.7018052495264603,1.9179188580015023,6.346177750155376,0.0954875320565286,0.9306027164685908,2017-04-18,2.35,amc,17926155462.0,2025-04-25,2017-03-31,0.0127659574468084,167.5291935483871,3851106.306451613
2016-12-31,IBM,USD,51143,2017-02-28,2017-02-28 16:23:36,2016,Q4,21771000000.0,10877000000.0,10893000000.0,0.500344495,1431000000,4571000000.0,276000000.0,4847000000.0,-388000000.0,5890000000.0,16767000000.0,32000000.0,157000000.0,1127000000.0,6269000000.0,0.2879518626,5004000000.0,0.2298470442,-19000000.0,4985000000.0,0.2289743236,480000000.0,4501000000.0,0.2067429149,4.74,4.72,948600000,952700000,https://www.sec.gov/Archives/edgar/data/51143/000104746917001061/0001047469-17-001061-index.htm,https://www.sec.gov/Archives/edgar/data/51143/000104746917001061/a2230222z10-k.htm,22.95066413662239,4.744887202192705,3.855154965211891,2.679738562091503,8.989036474804976,19.388572633354418,-23.713894159814465,19.234661606578115,44.61838498840396,150400530000.0,184742530000.0,8.353728615863142,6.908296816866474,41.12675143560296,59.16621951219512,8.242931601446893,8.242931601446893,8.485716319875063,29.469218376136546,50.5175088870659,72.67605428796223,0.0299267562421488,0.0169015361847461,2.3110818809602103,0.3589682472120541,5.478066677301005,1.20986905582357,31.872611464968152,0.8124861141968451,0.0088364050312854,0.2952677182848256,0.209958201276928,0.0657296403472509,0.3480633353196561,0.3048947224500957,0.0512149189288503,0.989352262644188,0.0064765054430205,45.31546913748215,0.0509787334881644,0.0587728347022185,-71.51670883407127,7613000000.0,-22495000000.0,-55190000000.0,59330000000.0,27220500000.0,5740000000.0,1641000000.0,120.89706490285242,51.37537924059943,12.850050565413255,0.7444349461446401,1.7518118859719762,7.0038634900193175,0.246684204757207,1.175416403120388,2017-01-19,4.88,amc,21205109780.0,2025-04-25,2016-12-31,0.026639344262295,152.18650793650792,3724779.6666666665
2016-09-30,IBM,USD,51143,2016-10-25,2016-10-25 16:12:03,2016,Q3,19227000000.0,10213000000.0,9013000000.0,0.4687678785,1397000000,4287000000.0,341000000.0,4628000000.0,-391000000.0,5634000000.0,15847000000.0,22000000.0,158000000.0,1127000000.0,4548000000.0,0.2365423623,3380000000.0,0.1757944557,-117000000.0,3263000000.0,0.169709263,409000000.0,2853000000.0,0.1483850835,2.99,2.98,954000000,957300000,https://www.sec.gov/Archives/edgar/data/51143/000110465916151931/0001104659-16-151931-index.htm,https://www.sec.gov/Archives/edgar/data/51143/000110465916151931/a16-17246_110q.htm,20.154088050314467,2.990566037735849,4.315513626834382,3.357442348008386,10.448637316561843,17.98637316561845,-25.28616352201258,17.830188679245282,44.69706498951782,144750420000.0,178194420000.0,12.684053627760251,7.528497425495397,35.15919844547,45.19213862004371,8.509724867724868,8.509724867724868,9.2679263535653,39.18083113456464,43.2825892640272,55.63359975023416,0.0197097873705651,0.0221277423581914,2.4975308641975307,0.3674809265955054,7.353562005277045,1.202804308067466,21.39240506329114,1.4430424114966702,0.0092365880527324,0.4686295127935506,0.2229677016695272,0.0726582410152389,0.3570921924467588,0.2220063152781151,0.0475373173141935,0.8110026619343389,0.0073854475477193,34.63745120513194,0.0335645802217847,0.0383859856843011,-72.03092243186583,6986000000.0,-24123000000.0,-57014000000.0,59372000000.0,16989000000.0,5377500000.0,1707000000.0,117.94039631767826,46.44962302947224,15.236463331048665,0.7630973170344499,1.9375830013280213,5.906882591093117,0.1677248677248677,0.958071278825996,2016-10-17,3.23,amc,18875373860.0,2025-04-25,2016-09-30,0.0185758513931888,151.61734375,3428984.546875
2016-06-30,IBM,USD,51143,2016-07-26,2016-07-26 16:17:42,2016,Q2,20239000000.0,10536000000.0,9702000000.0,0.4793715105,1465000000,4826000000.0,361000000.0,5187000000.0,-228000000.0,6424000000.0,16960000000.0,29000000.0,167000000.0,1103000000.0,4319000000.0,0.2133998715,3279000000.0,0.1620139335,-230000000.0,3049000000.0,0.1506497357,544000000.0,2505000000.0,0.1237709373,2.62,2.61,957400000,960500000,https://www.sec.gov/Archives/edgar/data/51143/000110465916134367/0001104659-16-134367-index.htm,https://www.sec.gov/Archives/edgar/data/51143/000110465916134367/a16-12780_110q.htm,21.13954459995822,2.6164612492166284,3.611865468978483,2.5454355546271152,11.089408815542091,16.59598913724671,-26.82368915813662,16.433047837894296,46.68059327344893,138794278000.0,173302278000.0,13.851724351297404,6.857763624685014,40.13715384615384,56.95292490767337,8.821857115616856,8.821857115616856,8.562788576510696,40.12555637879139,50.11633256217467,71.11295773491999,0.0180482944693152,0.017558360727234,2.8300387720078817,0.3771515213119197,7.989812456587173,1.295935685573917,19.63473053892216,1.3809904153354633,0.0096545766821885,0.5349301397205589,0.2384505163298582,0.0723849992588566,0.3521210273090737,0.2952573742047426,0.0504471564800632,0.9256572982774252,0.0063244231434359,31.103371837686733,0.0301479844515453,0.0327510917030567,-87.86400668477125,9939000000.0,-25681000000.0,-58643000000.0,62601000000.0,17756000000.0,5393000000.0,1687500000.0,39.05232471960077,46.84510250569476,14.393507972665148,2.3046003188339785,1.9212253829321664,6.252818991097923,0.1592194749888769,1.0664299143513682,2016-07-18,2.89,amc,19826379661.0,2025-04-25,2016-06-30,0.0207612456747405,143.01796875,4038190.34375
2016-03-31,IBM,USD,51143,2016-04-26,2016-04-26 16:09:37,2016,Q1,18684000000.0,9999000000.0,8686000000.0,0.4648897452,1458000000,5468000000.0,348000000.0,5816000000.0,-119000000.0,7155000000.0,17154000000.0,24000000.0,147000000.0,1024000000.0,2205000000.0,0.1180154143,1530000000.0,0.0818882466,-496000000.0,1034000000.0,0.0553414686,-983000000.0,2013000000.0,0.1077392421,2.09,2.09,961700000,964400000,https://www.sec.gov/Archives/edgar/data/51143/000005114316000013/0000051143-16-000013-index.htm,https://www.sec.gov/Archives/edgar/data/51143/000005114316000013/ibm16q1_10q.htm,19.428096079858584,2.0931683477175835,5.750233960694604,4.606426120411771,15.461162524695853,15.6722470624935,-24.5637932827285,15.51939274201934,47.52417593844234,139119522000.0,170322522000.0,17.27763561847988,7.445917469492614,25.15723725135624,31.403955304740407,9.321241005025126,9.321241005025126,9.115956005138086,77.24377414965987,30.79973273056057,38.44752189616253,0.014469572429957,0.0318431226352258,3.052395309882747,0.3832957528437773,14.151020408163266,1.3738460650819293,10.408163265306122,2.745779543197617,0.008625676560332,0.5961251862891207,0.2926568186683793,0.0780346820809248,0.3255620246348522,0.1989150090415913,0.0588739028045386,1.07421875,0.0071183900663669,27.035269324094777,0.0325470919351963,0.0251119621761205,-70.73151710512634,12959000000.0,-23623000000.0,-56161000000.0,62564000000.0,27642000000.0,5665000000.0,1620500000.0,128.757225433526,47.722772277227726,15.211521152115212,0.6989898989898989,1.8858921161825728,5.916568047337278,0.1348743718592965,1.1438078402828324,2016-04-18,2.09,amc,16616834042.0,2025-04-25,2016-03-31,0.1244019138755982,127.62065573770492,5813028.344262295
2015-12-31,IBM,USD,51143,2016-02-23,2016-02-23 16:19:19,2015,Q4,22060000000.0,10652000000.0,11406000000.0,0.5170444243,1362000000,4708000000.0,322000000.0,5030000000.0,-111000000.0,6281000000.0,16933000000.0,20000000.0,128000000.0,990000000.0,6217000000.0,0.2818223028,5127000000.0,0.2324116047,-28000000.0,5099000000.0,0.2311423391,638000000.0,4462000000.0,0.2022665458,4.6,4.59,969400000,972800000,https://www.sec.gov/Archives/edgar/data/51143/000104746916010329/0001047469-16-010329-index.htm,https://www.sec.gov/Archives/edgar/data/51143/000104746916010329/a2226548z10-k.htm,22.75634413038993,4.602847121931092,5.445636476170828,4.337734681246132,8.452651124406849,14.879306787703737,-21.749535795337323,14.712193109139674,41.28017330307407,127427629999.99998,159630630000.0,7.139602756611384,5.776411151405258,24.13859253646524,30.30383590963139,8.934765811246669,8.934765811246669,7.23620262919311,25.67647257519704,30.23880090926312,37.962099881093934,0.0350159537613624,0.0329991227177339,2.796872808862712,0.3610027603058962,5.179829499758726,1.2403046485161515,40.0546875,1.1828366569572035,0.0102018690922839,0.291349170775437,0.213417951042611,0.0617407071622846,0.3213539074166252,0.203447622655806,0.0486854034451495,1.084848484848485,0.0044877606527651,39.03401661971523,0.0542466961911122,0.0595036472988651,-67.75943882814111,8235000000.0,-21084000000.0,-53567000000.0,54470000000.0,26833500000.0,5597000000.0,1582000000.0,116.49410698096102,50.931280510702216,13.10458129928652,0.772571268473769,1.7670869276708692,6.8678272082527405,0.3128593465152152,1.1079017949246956,2016-01-19,4.81,amc,21922270661.0,2025-04-25,2015-12-31,0.0062370062370062,134.2271875,4968833.9375
2015-09-30,IBM,USD,51143,2015-10-27,2015-10-27 13:36:47,2015,Q3,19280000000.0,9844000000.0,9436000000.0,0.4894190871,1287000000,4318000000.0,315000000.0,4633000000.0,-115000000.0,5805000000.0,15649000000.0,16000000.0,117000000.0,936000000.0,4674000000.0,0.2424273859,3631000000.0,0.1883298755,-10000000.0,3621000000.0,0.1878112033,659000000.0,2950000000.0,0.1530082988,3.03,3.01,975100000,979000000,https://www.sec.gov/Archives/edgar/data/51143/000005114315000009/0000051143-15-000009-index.htm,https://www.sec.gov/Archives/edgar/data/51143/000005114315000009/ibm15q3_10q.htm,19.772331042969952,3.025330735309199,4.343144292893037,3.250948620654292,9.812326940826582,13.79448261716747,-20.099476976720336,13.633473489898472,40.79273920623526,135022097000.0,165202097000.0,11.44255059322034,7.003220798755187,31.88243140495868,42.5937214511041,10.156619301940724,10.156619301940724,8.568573495850622,35.34490735986307,39.00875962219599,52.1142261829653,0.0218482756937184,0.0234776386268093,2.983300737174665,0.365028670305295,6.456996148908858,1.248428791651844,31.03418803418803,1.435593220338983,0.0096280536955369,0.4406779661016949,0.2239626556016597,0.066753112033195,0.3041905585877458,0.2514757969303424,0.0552385892116182,1.1378205128205128,0.0058091286307053,30.46358060874153,0.0360218308259862,0.0390216801809547,-67.67382832529997,8380000000.0,-19599000000.0,-53086000000.0,52091000000.0,16872500000.0,5554500000.0,1762500000.0,117.22873443983404,47.230800487606665,14.74705404307192,0.7677298610281528,1.905536198219125,6.10291382517049,0.2219046186249436,1.0921956722387447,2015-10-19,3.3,amc,19049101796.0,2025-04-25,2015-09-30,0.0121212121212121,147.53484375,4407953.421875
2015-06-30,IBM,USD,51143,2015-07-28,2015-07-28 14:32:26,2015,Q2,20814000000.0,10423000000.0,10390000000.0,0.499183242,1300000000,4693000000.0,341000000.0,5034000000.0,-55000000.0,6279000000.0,16702000000.0,18000000.0,115000000.0,961000000.0,5300000000.0,0.2546363025,4112000000.0,0.1975593351,112000000.0,4224000000.0,0.2029403286,698000000.0,3449000000.0,0.165705775,3.51,3.5,982300000,986700000,https://www.sec.gov/Archives/edgar/data/51143/000005114315000005/0000051143-15-000005-index.htm,https://www.sec.gov/Archives/edgar/data/51143/000005114315000005/ibm15q2_10q.htm,21.189046116257764,3.5111473073399164,3.953985544131121,2.893209813702535,8.917845871933219,14.086328005700906,-19.98981981064848,13.93057110862262,39.48182836200753,152619951000.0,182894951000.0,11.062623296607711,7.332562265782646,39.29452909371782,53.70160133708656,11.153168006430867,11.153168006430867,8.78711208801768,34.50848132075472,47.089328269824925,64.35431069669247,0.022598618184591,0.0186214186374624,2.825781935106694,0.3430173247345404,5.712264150943396,1.2715913887716337,35.756521739130434,1.126123514062047,0.0085178902986281,0.3769208466222093,0.225473239165946,0.0624579609877966,0.2969333534405521,0.2682801235839341,0.0500624579609877,1.0842872008324662,0.0062457960987796,33.1741836802252,0.0415945563752841,0.0435172100534975,-84.19220197495673,9651000000.0,-19636000000.0,-53706000000.0,53827000000.0,18240500000.0,6128500000.0,1941000000.0,37.324877486307294,51.316319677636,16.509642137580354,2.411260426320667,1.7538280329799765,5.451359832635983,0.2520461853259281,1.060775730428586,2015-07-20,3.78,amc,20487796875.0,2025-04-25,2015-06-30,0.0158730158730158,160.58619047619047,3865601.53968254
2015-03-31,IBM,USD,51143,2015-04-28,2015-04-28 14:22:44,2015,Q1,19590000000.0,10138000000.0,9452000000.0,0.4824910669,1298000000,4887000000.0,313000000.0,5200000000.0,-94000000.0,6404000000.0,16542000000.0,19000000.0,108000000.0,968000000.0,4077000000.0,0.2081163859,3048000000.0,0.1555895865,-47000000.0,3001000000.0,0.1531904033,585000000.0,2327000000.0,0.1187850944,2.36,2.35,988100000,992300000,https://www.sec.gov/Archives/edgar/data/51143/000005114315000003/0000051143-15-000003-index.htm,https://www.sec.gov/Archives/edgar/data/51143/000005114315000003/ibm15q1_10q.htm,19.825928549741928,2.3550247950612286,3.653476368788584,2.6717943527983,8.910029349256147,12.437000303612995,-20.820767128833115,12.287217892925815,39.40390648719765,151475730000.0,181506730000.0,16.273714009454235,7.732298621745788,41.960036011080334,57.37717045454546,12.476380034593529,12.476380034593529,9.265274629913222,44.519678685307824,50.278872576177285,68.75254924242424,0.0153621969671313,0.0174285345909869,3.1980067539741373,0.3465551558860019,7.365955359332843,1.299551066217733,28.22222222222222,1.5506872852233675,0.0072618894129112,0.4727116458960034,0.2494640122511485,0.0662582950484941,0.2933138159715094,0.2686980609418282,0.0495150587034201,1.0020661157024793,0.006482899438489,25.51618727403462,0.0303204998638577,0.0293905904641616,-69.90410889586074,10676000000.0,-20573000000.0,-53432000000.0,54048000000.0,29840000000.0,6589000000.0,2036500000.0,127.94333843797855,56.05247583349773,17.488656539751428,0.7034363890983518,1.6056382641748494,5.146192893401016,0.1916646075282101,0.9816820159902844,2015-04-20,2.8,amc,18849484536.0,2025-04-25,2015-03-31,0.0392857142857144,151.53606557377051,5148693.967213115
2014-12-31,IBM,USD,51143,2015-02-24,2015-02-24 14:08:09,2014,Q4,24113000000.0,11251000000.0,12862000000.0,0.5334052171,1320000000,5515000000.0,316000000.0,5831000000.0,-106000000.0,7045000000.0,18296000000.0,25000000.0,117000000.0,1046000000.0,8258000000.0,0.3424708663,5817000000.0,0.2412391656,1278000000.0,7095000000.0,0.2942396218,1579000000.0,5483000000.0,0.2273877162,5.54,5.51,990400000,995400000,https://www.sec.gov/Archives/edgar/data/51143/000104746915001106/0001047469-15-001106-index.htm,https://www.sec.gov/Archives/edgar/data/51143/000104746915001106/a2222209z10-k.htm,24.34672859450727,5.536147011308562,6.117730210016156,5.053513731825525,8.563206785137318,12.130452342487883,-21.85581583198708,11.983037156704365,41.31764943457189,151778800000.0,184106800000.0,6.920426773664053,6.294480155932485,25.0501402871761,30.325434565434566,12.78891135827435,12.78891135827435,7.63516775183511,22.29435698716396,30.38567420366397,36.78457542457542,0.0361249397149008,0.032975619783527,3.4381530165149985,0.3471735357179321,3.914749333979172,1.248030303030303,49.71794871794872,1.1050519788436988,0.0072473889634125,0.2006200984862301,0.2287148011446108,0.0547422552150292,0.2863900895075383,0.173956098366067,0.0437108613610915,1.0076481835564053,0.0039812549247293,38.634786723670246,0.0540422821359545,0.0653734261732163,-72.81123788368336,9822000000.0,-21646000000.0,-56096000000.0,54253000000.0,29916500000.0,6359500000.0,2229500000.0,118.80686766474516,54.90711936716737,16.82250466625189,0.7575319656938205,1.6391317016317015,5.349976224441274,0.4619986518368723,1.06421647819063,2015-01-20,5.41,amc,22452896729.0,2025-04-25,2014-12-31,0.0739371534195932,158.95375,5364390.34375
2014-09-30,IBM,USD,51143,2014-10-28,2014-10-28 13:56:04,2014,Q3,22397000000.0,11523000000.0,10874000000.0,0.4855114524,1354000000,4778000000.0,306000000.0,5084000000.0,-49000000.0,6389000000.0,17912000000.0,21000000.0,126000000.0,1139000000.0,5626000000.0,0.2511943564,4485000000.0,0.2002500335,-124000000.0,4361000000.0,0.1947135777,906000000.0,18000000.0,0.0008036791,0.02,0.02,991800000,997700000,https://www.sec.gov/Archives/edgar/data/51143/000005114314000010/0000051143-14-000010-index.htm,https://www.sec.gov/Archives/edgar/data/51143/000005114314000010/ibm14q3_10q.htm,22.582173825368017,0.0181488203266787,3.936277475297439,2.7767695099818512,9.64408146803791,14.51401492236338,-20.188546077838275,14.372857430933657,46.201855212744505,179833176000.0,215969176000.0,2497.6829999999995,8.029342144037148,46.063825819672125,65.29890196078432,12.615445527884953,12.615445527884953,9.642772514176006,38.38769569854248,55.31997336065574,78.4201801016703,0.0001000927659755,0.0153141931942524,3.205682216766047,0.3842958178805998,6.4230359047280485,1.1148064104382358,35.595238095238095,216.88888888888889,0.0060611730507389,60.55555555555556,0.2133321426976827,0.0604545251596195,0.2894433652059103,0.2945696721311475,0.0513461624324686,1.009657594381036,0.0066973255346698,2.422629596045825,0.0397107550014958,0.0002130353993821,-73.37315991127244,4857000000.0,-20023000000.0,-57353000000.0,50343000000.0,29039500000.0,6063000000.0,2347000000.0,112.5231057730946,45.73027857328821,18.401457953657903,0.79983572601957,1.9680614859094792,4.890916808149406,0.0012627148368993,1.1595079653155878,2014-10-20,4.3,amc,26292130434.0,2025-04-25,2014-09-30,-0.1441860465116278,182.021875,3521989.171875
2014-06-30,IBM,USD,51143,2014-07-29,2014-07-29 14:48:12,2014,Q2,24047000000.0,12003000000.0,12044000000.0,0.5008524972,1361000000,5085000000.0,347000000.0,5432000000.0,-97000000.0,6696000000.0,18699000000.0,22000000.0,136000000.0,1166000000.0,6650000000.0,0.2765417724,5348000000.0,0.2223978043,0.0,5348000000.0,0.2223978043,1096000000.0,4136000000.0,0.1719965068,4.14,4.12,999600000,1005100000,https://www.sec.gov/Archives/edgar/data/51143/000005114314000007/0000051143-14-000007-index.htm,https://www.sec.gov/Archives/edgar/data/51143/000005114314000007/ibm14q2_10q.htm,24.056622649059623,4.13765506202481,3.5804321728691475,2.5620248099239697,9.723889555822328,17.52000800320128,-17.647058823529413,17.38395358143257,46.62464985994398,173070744000.0,209825744000.0,10.461239361702129,7.197186509751736,48.357290863369656,67.57936118703631,9.959759682338724,9.959759682338724,8.725651598952052,31.552743458646617,58.62691925118748,81.93117688402968,0.0238977420701444,0.0147974171764119,2.6742245496921218,0.3738114773879048,5.527067669172932,1.1354841750524356,39.3235294117647,0.8651196519216824,0.0063557824654639,0.2659574468085106,0.2114608890921944,0.0565974965692186,0.2827758739964927,0.2844369935736239,0.0423337630473655,0.8730703259005146,0.0059051025075893,40.2293186559246,0.0450695865088029,0.0463879947510682,-73.38360344137655,5749000000.0,-17640000000.0,-58619000000.0,54650000000.0,19879500000.0,6568000000.0,2397000000.0,112.56830373851209,47.02074481379655,17.530617345663583,0.7995145792466004,1.914048796045288,5.133875106928999,0.2380157679691546,1.018407362945178,2014-07-17,4.29,amc,23880006944.0,2025-04-25,2014-06-30,0.006993006993007,179.81714285714284,4438051.380952381
2014-03-31,IBM,USD,51143,2014-03-31,2014-03-30 20:00:00,2014,Q1,22236000000.0,11608000000.0,10627000000.0,0.4779186904,1402000000,5787000000.0,338000000.0,6125000000.0,-114000000.0,7413000000.0,19021000000.0,22000000.0,105000000.0,1141000000.0,4429000000.0,0.1991815075,3215000000.0,0.1445853571,-32000000.0,3183000000.0,0.1431462493,653000000.0,2384000000.0,0.1072135276,2.3,2.29,1035200000,1041800000,,,21.47990726429676,2.302936630602782,3.2129057187017,2.284582689335394,9.37403400309119,16.17078825347759,-17.554095826893352,16.042310664605875,42.58597372488408,190331872000.0,224902872000.0,19.95929865771813,8.559627271091923,57.22545760673482,80.47859281183932,11.46094249412898,11.46094249412898,10.114358337830543,50.7796053285166,67.6196247745039,95.09635179704016,0.0125254902132208,0.0124256645781322,2.648280845426627,0.3585930238246661,7.805599458116957,1.1680793024501923,30.61904761904762,1.3951342281879195,0.0052539807941362,0.4194630872483221,0.2602536427415002,0.0630509084367692,0.2846566541102033,0.2889356584485869,0.0432182047130778,0.8422436459246275,0.0055765425436229,28.831398848359527,0.0281125976248268,0.0271730457975243,-84.73000386398763,6901000000.0,-18172000000.0,-57947000000.0,55496000000.0,10073500000.0,7163000000.0,2383000000.0,39.18780356179169,53.226223294279805,19.042039972432804,2.2966329270811814,1.6908958485069192,4.726384364820847,0.1435539230444993,0.928323029366306,2014-04-16,2.54,amc,23215186991.0,2025-04-25,2014-03-31,-0.031496062992126,175.89885245901638,5659601.426229509
2013-12-31,IBM,USD,51143,2014-02-25,2014-02-25 14:13:24,2013,Q4,27699000000.0,13383000000.0,14316000000.0,0.5168417632,1565000000,5494000000.0,323000000.0,5817000000.0,-108000000.0,7274000000.0,20657000000.0,18000000.0,113000000.0,1214000000.0,8289000000.0,0.2992526806,7042000000.0,0.2542330048,-80000000.0,6962000000.0,0.2513448139,778000000.0,6184000000.0,0.2232571573,5.77,5.73,1072500000,1080000000,https://www.sec.gov/Archives/edgar/data/51143/000104746914001302/0001047469-14-001302-index.htm,https://www.sec.gov/Archives/edgar/data/51143/000104746914001302/a2217495z10-k.htm,25.826573426573425,5.765967365967366,6.086713286713287,4.991142191142191,10.31794871794872,21.37902097902098,-11.306293706293706,21.25128205128205,37.13846153846154,192149100000.0,221151100000.0,7.767994016817594,6.9370410484133,29.434604779411764,35.895591257238934,8.430550193050193,8.430550193050193,7.984082457850464,26.680069972252383,33.8773131127451,41.313487763870725,0.0321833409576209,0.0278585744091437,1.7426289926289926,0.3146653145623222,3.498853902762697,1.2788265179060616,62.31858407079646,1.055627425614489,0.0052042918754238,0.1617076326002587,0.1983465107043575,0.0565002346655113,0.2777227605111588,0.1799938725490196,0.0424203039820932,0.9678747940691927,0.0057402794324704,52.50732780131605,0.0673093730788585,0.0678308178308178,-77.5983682983683,11196000000.0,-12126000000.0,-51944000000.0,60072000000.0,19399500000.0,6862000000.0,2401000000.0,34.00303260045489,50.17484868863483,15.534633490248822,2.6468227424749164,1.79372738238842,5.793506493506493,0.2713232713232713,1.0955710955710956,2014-01-21,5.99,amc,26759567699.0,2025-04-25,2013-12-31,0.023372287145242,172.29421875,5398714.703125
2013-09-30,IBM,USD,51143,2013-10-29,2013-10-29 16:51:27,2013,Q3,23338000000.0,11908000000.0,11429000000.0,0.4897163424,1356000000,4830000000.0,300000000.0,5130000000.0,-90000000.0,6396000000.0,18304000000.0,13000000.0,97000000.0,1175000000.0,6244000000.0,0.2675464907,5034000000.0,0.2156997172,-62000000.0,4972000000.0,0.2130431057,832000000.0,4041000000.0,0.1731510841,3.7,3.68,1090900000,1098800000,https://www.sec.gov/Archives/edgar/data/51143/000005114313000007/0000051143-13-000007-index.htm,https://www.sec.gov/Archives/edgar/data/51143/000005114313000007/ibm13q3_10q.htm,21.393344944541205,3.7042808690072415,3.4466953891282426,2.4236868640572005,9.379411495095791,18.340819506829224,-13.63736364469704,18.220735172793106,33.25419378494821,192958392000.0,219066392000.0,11.937539717891612,8.267991773073957,51.31872127659575,72.97972465960666,9.707621472053129,9.707621472053129,9.38668232067872,35.084303651505444,58.26233829787234,82.85415733736762,0.0209423386985936,0.0137024359116757,1.8201941942949136,0.3070134498705927,4.181294042280589,1.2118963846820665,51.896907216494846,0.9304627567433804,0.0051824644144008,0.2474634991338777,0.2069586082783443,0.0581026651812494,0.2960244388815817,0.2968085106382979,0.047819007627046,0.9497872340425532,0.0064272859713771,38.96961914358491,0.0485557665195092,0.0487102217936354,-59.68328902740856,8311000000.0,-14877000000.0,-50304000000.0,57073000000.0,28585000000.0,6542000000.0,2440500000.0,109.26643242780015,47.33540476990259,18.83439704400403,0.8236747370650103,1.9013252434935333,4.778491171749598,0.2033002968254766,1.0230085250710423,2013-10-16,3.96,amc,23162526315.0,2025-04-25,2013-09-30,0.0075757575757576,181.59875,3806854.140625
2013-06-30,IBM,USD,51143,2013-07-31,2013-07-30 21:30:19,2013,Q2,24924000000.0,12792000000.0,12132000000.0,0.4867597496,1548000000,6220000000.0,348000000.0,6568000000.0,-159000000.0,7957000000.0,20749000000.0,19000000.0,98000000.0,1136000000.0,5378000000.0,0.2157759589,4175000000.0,0.1675092281,-31000000.0,4144000000.0,0.166265447,918000000.0,3226000000.0,0.1294334778,2.93,2.91,1100900000,1109400000,https://www.sec.gov/Archives/edgar/data/51143/000110465913058041/0001104659-13-058041-index.htm,https://www.sec.gov/Archives/edgar/data/51143/000110465913058041/a13-13617_110q.htm,22.63965846125897,2.9303297302207283,2.8830956490144426,1.9783813243709687,9.407757289490418,16.243982196384778,-13.06294849668453,16.12862203651558,31.083658824598057,201134430000.0,225698430000.0,15.58698310601364,8.06990972556572,63.36938563327032,92.34822314049586,11.327688105429148,11.327688105429148,9.055465816080886,41.96698214949795,71.10851606805294,103.62646005509642,0.0160390242486082,0.0108285786774546,1.921716602838477,0.2963188106258629,4.567497210859055,1.1675073713965445,42.60204081632653,0.9838809671419716,0.004971799209116,0.309981401115933,0.2495586583212967,0.0621088107847857,0.2801837555252577,0.3137996219281663,0.0399614829080404,0.8767605633802817,0.006459637297384,32.60980013545978,0.0396623677101436,0.0389195188746395,-58.21736760832047,6874000000.0,-14381000000.0,-49359000000.0,52494000000.0,28516000000.0,7012000000.0,2405000000.0,104.12614347616756,47.99015009380863,16.808161350844276,0.8643362463587183,1.8753848409324143,5.3545416492256175,0.1816850642036494,0.9047143246434736,2013-07-17,3.7,amc,23368214833.0,2025-04-25,2013-06-30,0.0567567567567567,194.56859375,4574107.890625
2013-03-31,IBM,USD,51143,2013-04-30,2013-04-30 14:34:00,2013,Q1,23408000000.0,12730000000.0,10678000000.0,0.4561688312,1644000000,5142000000.0,323000000.0,5465000000.0,-93000000.0,7016000000.0,19746000000.0,23000000.0,94000000.0,1153000000.0,4853000000.0,0.207322283,3662000000.0,0.156442242,-56000000.0,3606000000.0,0.1540498975,574000000.0,3032000000.0,0.1295283664,2.72,2.7,1113700000,1124000000,https://www.sec.gov/Archives/edgar/data/51143/000110465913035106/0001104659-13-035106-index.htm,https://www.sec.gov/Archives/edgar/data/51143/000110465913035106/a13-7778_110q.htm,21.01822752985544,2.722456675945048,3.61228337972524,2.8463679626470326,10.767711232827512,17.252401903564696,-12.04274041483344,17.142857142857142,30.071832629972164,225925182000.0,248737182000.0,18.628395613456465,9.651622607655504,56.15838478747204,71.26977350157729,11.8335,11.8335,10.626161226930964,51.254313208324746,61.82878001491424,78.4659880126183,0.0134203720592775,0.0140311937427143,1.749266708569034,0.2848163877944362,4.700597568514321,1.1620768244622763,38.95744680851064,1.3268469656992083,0.0039836196745876,0.2968337730870712,0.2196684894053315,0.0702323991797676,0.2782411434614269,0.2120308227690778,0.0364405331510594,0.7398091934084996,0.0061517429938482,32.40509886036814,0.0367161046461018,0.0358256924094905,-57.19179312202568,6827000000.0,-13412000000.0,-49095000000.0,53050000000.0,29387000000.0,7577500000.0,2354000000.0,108.4090909090909,50.92458758837392,17.116260801256875,0.8301886792452831,1.767319172566986,5.258157786038827,0.1588099727634611,0.7659154170782078,2013-04-18,3.05,amc,23798133333.0,2025-04-25,2013-03-31,-0.0163934426229507,193.8383333333333,3975692.966666667
2012-12-31,IBM,USD,51143,2013-02-26,2013-02-26 15:35:35,2012,Q4,29304000000.0,14137000000.0,15167000000.0,0.5175743926,1580000000,5463000000.0,350000000.0,5813000000.0,-1016000000.0,6377000000.0,20514000000.0,26000000.0,109000000.0,1152000000.0,9092000000.0,0.3102648103,8790000000.0,0.29995905,-959000000.0,7831000000.0,0.2672331422,1998000000.0,5833000000.0,0.1990513241,5.19,5.13,1124700000,1136400000,https://www.sec.gov/Archives/edgar/data/51143/000104746913001698/0001047469-13-001698-index.htm,https://www.sec.gov/Archives/edgar/data/51143/000104746913001698/a2212340z10-k.htm,26.054947986129637,5.186271894727483,5.642393527162799,4.611896505734863,9.895083133279986,16.87916777807415,-12.492220147594914,16.768916155419223,29.677247265937584,205775112000.0,228632112000.0,8.819437339276531,7.022082719082719,32.42595524739994,39.67131521110469,10.910663414634149,10.910663414634149,7.802078624078624,25.146514738231417,36.027751654585565,44.07790861769809,0.0283464795295555,0.0252071300051096,1.763997879109226,0.2790719132980463,2.513968323801144,1.133134670487106,80.64220183486239,1.0879478827361564,0.0046507081964314,0.1640665180867478,0.1864250614250614,0.0539175539175539,0.2771006517745548,0.1826347305389221,0.0395509145509145,1.0060763888888888,0.006074256074256,44.23554642640439,0.0772353859704273,0.0676847027698163,-57.813639192673605,5808000000.0,-14050000000.0,-50796000000.0,52838000000.0,28670500000.0,7518500000.0,2436500000.0,93.9127764127764,50.62460210794369,14.55966612435453,0.9583360586042252,1.777791750503018,6.181460428508964,0.3092788971367974,1.0304970214279363,2013-01-22,5.25,amc,28542857142.0,2025-04-25,2012-12-31,0.0266666666666666,186.48596774193547,4346325.354838709
2012-09-30,IBM,USD,51143,2012-10-30,2012-10-30 14:01:17,2012,Q3,24747000000.0,13016000000.0,11732000000.0,0.474077666,1534000000,5480000000.0,330000000.0,5810000000.0,-221000000.0,7123000000.0,20139000000.0,22000000.0,124000000.0,1191000000.0,6389000000.0,0.2581727078,4608000000.0,0.1862043884,466000000.0,5074000000.0,0.2050349537,1251000000.0,3824000000.0,0.1545237807,3.36,3.33,1137200000,1149300000,https://www.sec.gov/Archives/edgar/data/51143/000110465912072210/0001104659-12-072210-index.htm,https://www.sec.gov/Archives/edgar/data/51143/000110465912072210/a12-20368_110q.htm,21.76134365107281,3.3626450932113965,3.9693985226873023,2.9994723883221948,10.77558916637355,19.05293703833978,-8.941259233204361,18.942138586000706,29.714210341188885,228611316000.0,250369316000.0,14.9458234832636,9.237940598860469,50.64495259193619,67.02178715919085,10.612846014576856,10.612846014576856,10.117158281811935,39.18755924244796,55.46506778910057,73.40056171210789,0.0167270809989125,0.0149205212571367,1.562926512232487,0.2907892691184853,3.405540773203944,1.2187903491227623,37.16129032258065,1.1807481035835732,0.0043742366628955,0.2615062761506276,0.2214409827453833,0.0619873115933244,0.2749658829829501,0.2443509082853345,0.0445710591182769,0.926112510495382,0.0073544267992079,37.85700742069787,0.0405523890294459,0.045554721656362,-53.19358951811467,8642000000.0,-10168000000.0,-45970000000.0,54505000000.0,26810000000.0,7283500000.0,2672000000.0,97.33179779367195,48.98970497848802,17.88106945298095,0.9246721219594216,1.83712067748765,5.033255993812839,0.1775219349148136,0.9699261343651072,2012-10-16,3.61,amc,24678638121.0,2025-04-25,2012-09-30,0.0027700831024931,188.35412698412696,3814389.6825396814
2012-06-30,IBM,USD,51143,2012-07-31,2012-07-31 13:59:43,2012,Q2,25782000000.0,13502000000.0,12281000000.0,0.4763400822,1587000000,5409000000.0,344000000.0,5753000000.0,-209000000.0,7131000000.0,20633000000.0,31000000.0,117000000.0,1176000000.0,6454000000.0,0.2503296874,5149000000.0,0.199712978,12000000.0,5161000000.0,0.2001784191,1280000000.0,3881000000.0,0.1505313785,3.38,3.34,1149000000,1161900000,https://www.sec.gov/Archives/edgar/data/51143/000110465912052637/0001104659-12-052637-index.htm,https://www.sec.gov/Archives/edgar/data/51143/000110465912052637/a12-10636_110q.htm,22.43864229765013,3.3777197563098347,3.85987815491732,2.677980852915579,9.736292428198434,17.897302001740645,-9.42384682332463,17.817232375979113,28.330722367275893,214644690000.0,236215690000.0,13.82663553207936,8.325370025599256,48.397900789177,69.75778030549236,10.484793376318876,10.484793376318876,9.16203901947095,36.59988999070344,53.26171138669673,76.76818004549887,0.0180810436074612,0.0143353185210405,1.5843591246580695,0.2849374516831822,3.3422683607065387,1.218209392591831,44.00854700854701,1.1424523441524987,0.0045563670827356,0.2519969080133986,0.2097975331626716,0.0615545729578775,0.275774826059456,0.3062006764374295,0.0526724071057326,1.1547619047619049,0.0062058800713676,36.79791299081956,0.0468779273752002,0.047076661814653,-52.70604873803308,8489000000.0,-10828000000.0,-45876000000.0,53746000000.0,26849000000.0,7449000000.0,2756000000.0,93.7526181056551,49.87261146496816,18.383943119537847,0.9599731913467624,1.8045977011494247,4.895576504713561,0.1895760062524423,1.1818973020017407,2012-07-08,3.42,amc,25121897435.0,2025-04-25,2012-06-30,0.0263157894736841,190.20888888888888,4274344.634920635
2012-03-31,IBM,USD,51143,2012-04-24,2012-04-24 13:33:46,2012,Q1,24673000000.0,13555000000.0,11118000000.0,0.4506140315,1601000000,5484000000.0,316000000.0,5800000000.0,-177000000.0,7224000000.0,20779000000.0,31000000.0,110000000.0,1157000000.0,5103000000.0,0.2068252746,3894000000.0,0.1578243424,-58000000.0,3836000000.0,0.1554735946,769000000.0,3066000000.0,0.1242653913,2.65,2.61,1159100000,1174200000,https://www.sec.gov/Archives/edgar/data/51143/000110465912027715/0001104659-12-027715-index.htm,https://www.sec.gov/Archives/edgar/data/51143/000110465912027715/a12-7383_110q.htm,21.286342852212925,2.6451557242688293,3.7020101803123113,2.7555862306962298,10.641877318609266,17.930290742817704,-8.908636010697956,17.85954619963765,27.748252954878787,230997039000.0,251215039000.0,18.835375,9.362340980018644,53.83291517128874,72.3221787726988,11.158738176899668,11.158738176899668,10.18177923235926,49.22889261218891,58.54463738056397,78.65217251095805,0.0132728974071394,0.0138270170640585,1.5483793053475678,0.2778832566083209,3.961983147168332,1.2784160799811564,35.4,1.3995433789954337,0.0037662820431217,0.2837573385518591,0.2222672557046164,0.0648887447817452,0.269699255290558,0.2556513633185737,0.0444615571677542,0.9481417458945548,0.006809062537997,32.602589151988234,0.0373171854746512,0.0363968755193618,-52.38654990941247,10638000000.0,-10326000000.0,-45717000000.0,55692000000.0,28201000000.0,7966500000.0,2674500000.0,97.90823977627367,49.23939505717448,18.285503504241976,0.919228046645058,1.827804746494067,4.921931735657226,0.14810878701512,0.9464239496160816,2012-04-17,2.65,amc,23519226618.0,2025-04-25,2012-03-31,0.0490566037735848,186.0082258064516,4676686.903225807
2011-12-31,IBM,USD,51143,2012-02-28,2012-02-28 14:52:20,2011,Q4,29486000000.0,14764000000.0,14722000000.0,0.4992877976,1555000000,5570000000.0,345000000.0,5915000000.0,161000000.0,7631000000.0,22395000000.0,31000000.0,113000000.0,1188000000.0,8575000000.0,0.2908159805,7091000000.0,0.2404870108,183000000.0,7274000000.0,0.246693346,1784000000.0,5490000000.0,0.1861900563,4.68,4.62,1172200000,1188700000,https://www.sec.gov/Archives/edgar/data/51143/000104746912001742/0001047469-12-001742-index.htm,https://www.sec.gov/Archives/edgar/data/51143/000104746912001742/a2206744z10-k.htm,25.15441051015185,4.683501109025763,6.0535744753455045,5.041801740317352,10.170619348234087,17.26241255758403,-7.993516464767104,17.179662173690495,26.815389865210715,205885208000.0,225283208000.0,9.375464845173042,6.9824733093671565,29.0142626832018,34.83675262267343,10.223716754394676,10.223716754394676,7.640344841619751,26.272094227405244,31.747915445321304,38.1189861252115,0.026665344505954,0.028705316216792,1.5552686463402523,0.2689959032233129,2.2621574344023325,1.2090306958193862,62.75221238938053,1.2925318761384337,0.0042742264417558,0.1602914389799635,0.1889032083022451,0.052736892084379,0.2542664021368512,0.1671364148816234,0.0402224784643559,0.9983164983164984,0.0067489656107983,42.54846359119523,0.0646557782620599,0.0632284516515409,-51.87489336290735,8805000000.0,-9370000000.0,-45270000000.0,52293000000.0,27274000000.0,7805000000.0,2629000000.0,90.22892220036628,51.91885667840693,15.81888377133568,0.9974628733804676,1.7334742280145592,5.689402697495183,0.2726189293872281,1.0117727350281522,2012-01-19,4.62,amc,28922573248.0,2025-04-25,2011-12-31,0.0194805194805194,176.4936507936508,5733977.761904762
2011-09-30,IBM,USD,51143,2011-10-25,2011-10-25 13:01:40,2011,Q3,26157000000.0,13984000000.0,12173000000.0,0.4653821157,1546000000,5247000000.0,339000000.0,5586000000.0,75000000.0,7207000000.0,21191000000.0,39000000.0,107000000.0,1192000000.0,6326000000.0,0.2418473066,4966000000.0,0.1898535765,61000000.0,5027000000.0,0.1921856482,1188000000.0,3839000000.0,0.1467675957,3.23,3.19,1188600000,1204900000,https://www.sec.gov/Archives/edgar/data/51143/000110465911057630/0001104659-11-057630-index.htm,https://www.sec.gov/Archives/edgar/data/51143/000110465911057630/a11-25576_110q.htm,22.00656234225139,3.22985024398452,3.936564024903248,2.9816590947332995,9.509506983005217,18.82719165404678,-4.684502776375568,18.75399629816591,25.46441191317516,198531858000.0,217388858000.0,12.928617999479032,7.59000871659594,42.43040350502244,56.01914729119639,8.906368399802611,8.906368399802611,8.310924723783309,34.36434682263674,46.460538149177175,61.33997121896162,0.0193369469196223,0.0178510393027198,1.353012426539859,0.2737885582526916,2.9808725893139423,1.259381592095037,46.41121495327103,1.2188069809846314,0.0044980186504878,0.2326126595467569,0.2005963986695722,0.0591046373819627,0.253690154142232,0.2425731994015815,0.0433918262797721,0.9521812080536912,0.0063462935351913,36.91725191810204,0.0472858002908083,0.0466963460322094,-47.45519939424533,9345000000.0,-5568000000.0,-42407000000.0,51178000000.0,25684000000.0,7102500000.0,2618000000.0,85.97430898038766,45.65002860411899,17.13887299771167,1.0468243486613038,1.9715212181023545,5.251220428088621,0.1722219729935848,0.9549049301699478,2011-10-17,3.22,amc,25678518292.0,2025-04-25,2011-09-30,0.0186335403726706,164.91609375,7306411.203125
2011-06-30,IBM,USD,51143,2011-07-26,2011-07-26 14:07:05,2011,Q2,26667000000.0,14282000000.0,12385000000.0,0.4644316946,1569000000,5585000000.0,366000000.0,5951000000.0,80000000.0,7600000000.0,21882000000.0,30000000.0,97000000.0,1207000000.0,6189000000.0,0.2320845989,4785000000.0,0.1794352571,100000000.0,4885000000.0,0.1831852102,1221000000.0,3664000000.0,0.1373982825,3.04,3.0,1204800000,1221400000,https://www.sec.gov/Archives/edgar/data/51143/000110465911040759/0001104659-11-040759-index.htm,https://www.sec.gov/Archives/edgar/data/51143/000110465911040759/a11-12772_110q.htm,22.133964143426297,3.041168658698539,3.5516268260292163,2.554780876494024,9.764276228419655,19.265438247011957,-4.650564409030545,19.195717131474105,24.79249667994688,197418528000.00003,215477528000.00003,13.470150655021836,7.403102261221736,46.13660387941108,64.13857309941521,8.53627915423531,8.53627915423531,8.0803062961713,34.81621069639684,50.35698247254032,70.0056946068876,0.0185595548559656,0.0155912417703772,1.2873697409953733,0.2623772846643284,2.917918888350299,1.178048841703687,49.329896907216494,1.1681681681681682,0.0045588426229173,0.2456331877729257,0.2094348820639742,0.0588367645404432,0.2539260094823484,0.2806730544519747,0.045036937038287,0.9950289975144988,0.0060749240634492,36.2421274173211,0.0440432319150394,0.0432789983463264,-47.66496513944223,7094000000.0,-5603000000.0,-43326000000.0,50147000000.0,26019500000.0,6929500000.0,2561000000.0,89.03476206547418,44.81725248564626,16.214115670074218,1.01084113566582,2.0081552305961754,5.550719005052468,0.1584295412288666,0.9968459495351926,2011-07-18,3.03,amc,26148213592.0,2025-04-25,2011-06-30,0.0198019801980198,159.5715873015873,5271436.952380952
2011-03-31,IBM,USD,51143,2011-04-26,2011-04-26 13:07:53,2011,Q1,24607000000.0,13749000000.0,10858000000.0,0.441256553,1587000000,5442000000.0,323000000.0,5765000000.0,73000000.0,7425000000.0,21174000000.0,36000000.0,93000000.0,1228000000.0,5138000000.0,0.2088023733,3433000000.0,0.1395131467,384000000.0,3817000000.0,0.1551184622,954000000.0,2863000000.0,0.1163490064,2.34,2.31,1222200000,1240000000,https://www.sec.gov/Archives/edgar/data/51143/000110465911022352/0001104659-11-022352-index.htm,https://www.sec.gov/Archives/edgar/data/51143/000110465911022352/a11-9215_110q.htm,20.133366061201112,2.3424971363115694,3.1026018654884635,2.1657666503027326,10.837015218458518,18.634429716903945,-4.873997709049255,18.54933726067747,24.832269677630503,190369872000.0,207863872000.0,16.62328606356968,7.73641126508717,50.203025316455694,71.91910540234227,8.397065502183406,8.397065502183406,8.44734717763238,40.45618372907746,54.81642194092827,78.5280967132603,0.0150391444293244,0.0139045111087746,1.3346125005513652,0.2678558781869688,3.404826780848579,1.1767152796692004,36.913978494623656,1.324484806147398,0.004176080971468,0.2776807544533706,0.22115658146056,0.0644938432153452,0.2543555240793201,0.3019514767932489,0.0465314747835981,0.9324104234527688,0.0069086032429796,31.26763201469413,0.0317572715533235,0.0339910718525905,-46.16429389625266,7137000000.0,-5957000000.0,-42661000000.0,50077000000.0,26941500000.0,7275500000.0,2499500000.0,93.84402812207908,44.165393846825225,16.685577132882393,0.9590381167667004,2.0377945753668296,5.393879952922715,0.1262846808698337,0.9368352151857308,2011-04-19,2.3,amc,23483858921.0,2025-04-25,2011-03-31,0.0478260869565218,151.85354838709677,5703373.70967742
2010-12-31,IBM,USD,51143,2011-02-22,2011-02-22 13:08:33,2010,Q4,29018000000.0,14792000000.0,14227000000.0,0.490281894,1578000000,5474000000.0,371000000.0,5845000000.0,116000000.0,7539000000.0,22331000000.0,27000000.0,101000000.0,1235000000.0,8291000000.0,0.2857192088,6687000000.0,0.2304431732,268000000.0,6955000000.0,0.23967882,1698000000.0,5257000000.0,0.1811634158,4.24,4.18,1240100000,1258400000,https://www.sec.gov/Archives/edgar/data/51143/000104746911001117/0001047469-11-001117-index.htm,https://www.sec.gov/Archives/edgar/data/51143/000104746911001117/a2201254z10-k.htm,23.39972582856221,4.239174260140311,5.479396822836868,3.969034755261673,9.39521006370454,18.685589871784533,-4.396419643577131,18.583985162486897,23.16345456011612,173837218000.0,191800218000.0,8.266940175004756,5.99066848163209,25.58310787343635,35.31841080861438,7.543053805432613,7.543053805432613,6.609698049486526,23.133544566397298,28.226669315673288,38.96794351889476,0.0302409349417913,0.0283138447372069,1.2420376638028292,0.2523005323837394,2.16656615607285,1.186233420442779,66.20792079207921,1.2925622978885296,0.004648026523296,0.1536998287996956,0.1886415328416844,0.0543800399751878,0.2523005323837394,0.2756438557763061,0.0645461437728306,1.5165991902834008,0.0053415121648631,42.1018634969046,0.0634452559782166,0.0619724619229499,-45.347351020079024,7554000000.0,-5452000000.0,-42164000000.0,50274000000.0,26360500000.0,7444000000.0,2539500000.0,87.54049210834654,47.48242293131423,14.906706327744727,1.0280956598759965,1.8954382368016405,6.037551020408163,0.2281089993925193,1.5103620675751956,2011-01-18,4.08,amc,28323789473.0,2025-04-25,2010-12-31,0.0245098039215685,136.726875,5478467.46875
2010-09-30,IBM,USD,51143,2010-10-26,2010-10-26 14:08:52,2010,Q3,24271000000.0,13270000000.0,11001000000.0,0.4532569733,1464000000,4769000000.0,337000000.0,5106000000.0,42000000.0,6612000000.0,19882000000.0,23000000.0,95000000.0,1203000000.0,5975000000.0,0.246178567,4389000000.0,0.180833093,288000000.0,4677000000.0,0.1926991059,1088000000.0,3589000000.0,0.1478719459,2.86,2.82,1255200000,1272800000,https://www.sec.gov/Archives/edgar/data/51143/000110465910053716/0001104659-10-053716-index.htm,https://www.sec.gov/Archives/edgar/data/51143/000110465910053716/a10-17268_110q.htm,19.33636073932441,2.8593052899936264,3.625717017208413,2.3565965583174,8.832058636073933,17.813097514340345,-2.701561504142766,17.716698534098153,21.948693435309117,160828776000.0,178424776000.0,11.20289607132906,6.626376169090684,35.33921687541199,54.37078296146045,7.232160086338698,7.232160086338698,7.351356598409625,29.86188719665272,39.2056198637662,60.3193968897904,0.0223156582376775,0.018392231002243,1.234598435111071,0.2561722059454718,2.944937238493724,1.254662415709731,46.2,1.268041237113402,0.0050861544827027,0.2279186402897743,0.1964896378393968,0.0603188990976886,0.2402634967436132,0.3500329597890573,0.0656338840591652,1.324189526184539,0.006345020806724,33.76081488049135,0.0435777917737253,0.0440779131460011,-43.05489165073295,9026000000.0,-3391000000.0,-40346000000.0,48785000000.0,23994000000.0,7158500000.0,2612000000.0,90.8343290346504,48.04521477015825,17.830444611906557,0.990814826910516,1.8732354601919816,5.047546595663751,0.1613904128069071,1.2691204588910134,2010-10-18,2.75,amc,23668528368.0,2025-04-25,2010-09-30,0.0254545454545453,122.8203125,6178662.109375
2010-06-30,IBM,USD,51143,2010-07-27,2010-07-27 14:42:55,2010,Q2,23723000000.0,12915000000.0,10808000000.0,0.4555916199,1475000000,4655000000.0,329000000.0,4984000000.0,78000000.0,6537000000.0,19452000000.0,23000000.0,90000000.0,1183000000.0,5848000000.0,0.246511824,4271000000.0,0.1800362517,304000000.0,4575000000.0,0.1928508199,1190000000.0,3386000000.0,0.1427306833,2.65,2.61,1278600000,1296700000,https://www.sec.gov/Archives/edgar/data/51143/000110465910039808/0001104659-10-039808-index.htm,https://www.sec.gov/Archives/edgar/data/51143/000110465910039808/a10-12603_110q.htm,18.553887063976223,2.648208978570312,2.945409041138745,2.187548881589238,9.57375254184264,16.561864539339904,-1.4813076802753011,16.470358204285937,20.913499139684028,150798084000.0,167123084000.0,11.133940047253397,6.356619483201956,40.0419766330324,53.91422381122632,7.160742865283252,7.160742865283252,7.044770222990347,28.57781874145007,44.376814657461495,59.75083446549875,0.0224538661910319,0.0185479810207668,1.2654921886129449,0.2576871011409785,2.7915526675786597,1.2829708798902637,47.45555555555555,1.1122268163024218,0.0055239428638894,0.2460129946839929,0.19622307465329,0.0621759473928255,0.2230709727325469,0.2573021773765268,0.0408464359482358,0.8191039729501268,0.0063651308856384,31.32700728970663,0.0426690956527641,0.0421406347230865,-39.95502893790083,9902000000.0,-1894000000.0,-37349000000.0,46506000000.0,23501500000.0,6789000000.0,2559500000.0,89.1236352906462,50.40418118466899,18.083623693379792,1.0098331346841478,1.7855661551223558,4.976878612716763,0.160786362125457,0.7578601595495073,2010-07-19,2.58,amc,23451310344.0,2025-04-25,2010-06-30,0.0116279069767441,122.32555555555555,8258422.301587301
2010-03-31,IBM,USD,51143,2010-04-27,2010-04-27 14:01:05,2010,Q1,22858000000.0,12880000000.0,9978000000.0,0.4365211305,1509000000,5309000000.0,300000000.0,5609000000.0,66000000.0,7184000000.0,20064000000.0,19000000.0,101000000.0,1210000000.0,4826000000.0,0.2111295826,2794000000.0,0.1222329163,721000000.0,3515000000.0,0.1537754834,914000000.0,2601000000.0,0.1137894829,2.0,1.97,1301200000,1321600000,https://www.sec.gov/Archives/edgar/data/51143/000110465910022064/0001104659-10-022064-index.htm,https://www.sec.gov/Archives/edgar/data/51143/000110465910022064/a10-5717_110q.htm,17.566861358745772,1.9989240700891484,3.40992929603443,2.715185982170304,10.741623117122655,17.021979711035968,-1.043652013525976,16.93283123270827,20.304334460498,159397000000.0,173244000000.0,15.320742022299116,6.973357249103159,35.924498535046204,45.11661477497877,7.234466482095039,7.234466482095039,7.579140782220667,35.898052217157066,39.04530087897228,49.03594678743278,0.0163177475109318,0.0221647835279208,1.194526392229837,0.2501615846703672,2.8692498963945297,1.3216775126536515,27.663366336633665,1.7058823529411764,0.0045044762448477,0.2760476739715494,0.2322600402484906,0.0660162743897103,0.2234335791954984,0.2037412666215911,0.0395485169306151,0.7471074380165289,0.007393472744772,27.596512249393072,0.02733099585029,0.031835595647544,-38.56958960959115,11122000000.0,-1358000000.0,-37362000000.0,48469000000.0,25152000000.0,6890500000.0,2508500000.0,92.57109108408434,44.3361801242236,17.63664596273292,0.9722257666624132,2.029944838455477,5.103011093502377,0.118050197431126,0.6947433138641255,2010-04-19,1.93,amc,22392898477.0,2025-04-25,2010-03-31,0.0207253886010362,121.68540983606556,7026987.032786885
2009-12-31,IBM,USD,51143,2010-02-23,2010-02-23 13:31:57,2009,Q4,27230000000.0,14085000000.0,13145000000.0,0.4827396254,1460000000,5103000000.0,341000000.0,5444000000.0,214000000.0,7118000000.0,21203000000.0,41000000.0,81000000.0,1265000000.0,7727000000.0,0.283767903,6027000000.0,0.2213367609,354000000.0,6381000000.0,0.2343371282,1568000000.0,4813000000.0,0.1767535806,3.65,3.59,1318400000,1340700000,https://www.sec.gov/Archives/edgar/data/51143/000104746910001151/0001047469-10-001151-index.htm,https://www.sec.gov/Archives/edgar/data/51143/000104746910001151/a2195966z10-k.htm,20.65382281553398,3.65063713592233,4.890776699029126,3.7682038834951457,10.599211165048544,17.259557038834952,0.0394417475728155,17.170054611650485,19.85816140776699,164839552000.0,178756552000.0,8.562204030750053,6.05360088138083,25.564446650124072,33.18026409017713,7.281863851217034,7.281863851217034,6.564691590157914,23.13401734178853,27.722790322580646,35.98159259259259,0.0291980895458876,0.0301383978524765,1.1529796351106596,0.2394012217717525,1.8010870971916657,1.3592300427754014,74.4074074074074,1.3397049657178477,0.0044103492831623,0.1510492416372325,0.1874035989717223,0.0536173338229893,0.2082423730990075,0.2295285359801488,0.0543518178479618,1.1699604743083003,0.0052148365773044,37.55445216349027,0.0588950127786232,0.0557582919171908,-38.646655036407765,12933000000.0,52000000.0,-37332000000.0,49801000000.0,25207500000.0,6790500000.0,2519500000.0,88.55563716489165,47.51437699680511,15.929712460063898,1.0163102302840294,1.8941635287789136,5.649819494584838,0.2126165127887971,1.1225728155339805,2010-01-19,3.47,amc,26321738161.0,2025-04-25,2009-12-31,0.0345821325648414,120.21453125,6971953.1875
2009-09-30,IBM,USD,51143,2009-10-27,2009-10-27 14:02:36,2009,Q3,23566000000.0,12939000000.0,10627000000.0,0.4509462785,1446000000,4641000000.0,324000000.0,4965000000.0,72000000.0,6483000000.0,19422000000.0,8000000.0,84000000.0,1258000000.0,5715000000.0,0.2425103963,4144000000.0,0.1758465586,229000000.0,4373000000.0,0.1855639481,1159000000.0,3214000000.0,0.1363829246,2.44,2.4,1319900000,1338200000,https://www.sec.gov/Archives/edgar/data/51143/000110465909060554/0001104659-09-060554-index.htm,https://www.sec.gov/Archives/edgar/data/51143/000110465909060554/a09-26663_110q.htm,17.854382907796044,2.4350329570422,3.9381771346314114,3.2002424426092886,8.721872869156755,14.010909917417989,-2.435790590196227,13.936661868323355,19.35904235169331,150798575000.0,166734575000.0,11.729820706285002,6.398989009590087,29.010883993843787,35.70042021780303,8.197802391954335,8.197802391954335,7.075217474327421,29.174903762029743,32.07667853020393,39.4731474905303,0.0213131987487282,0.0280108747711972,1.3845066594183202,0.245652278755727,2.7884514435695538,1.318143203883495,49.333333333333336,1.6172993154947106,0.0048143691012995,0.2258867454884878,0.19693626410931,0.0613595858440125,0.2093850976609597,0.1873797614467102,0.0413307307137401,0.7742448330683624,0.0062378002206568,27.632683485534223,0.0402869459901245,0.039210901948345,-41.42775967876354,10486000000.0,-3215000000.0,-41736000000.0,46383000000.0,23739000000.0,6007000000.0,2618500000.0,90.2138674361368,42.74287039183863,17.709251101321588,0.9976293285919904,2.105614320585842,5.082089552238806,0.1747213916825224,0.7379346920221229,2009-10-15,2.38,amc,23369616666.0,2025-04-25,2009-09-30,0.0084033613445378,110.76546875,6876223.078125
2009-06-30,IBM,USD,51143,2009-07-28,2009-07-28 14:06:31,2009,Q2,23250000000.0,12669000000.0,10581000000.0,0.4550967742,1434000000,4716000000.0,302000000.0,5018000000.0,73000000.0,6525000000.0,19194000000.0,19000000.0,101000000.0,1242000000.0,5605000000.0,0.2410752688,4056000000.0,0.1744516129,206000000.0,4262000000.0,0.183311828,1159000000.0,3103000000.0,0.1334623656,2.34,2.32,1326100000,1336900000,https://www.sec.gov/Archives/edgar/data/51143/000110465909045198/0001104659-09-045198-index.htm,https://www.sec.gov/Archives/edgar/data/51143/000110465909045198/a09-16493_110q.htm,17.532614433300655,2.339944197270191,3.5751451625065984,2.9243646783802126,9.445743156624689,11.668049166729508,-4.406907473041249,11.597164618052938,22.22532237387829,132265214000.0,149959214000.0,10.65623702868192,5.688826408602151,27.898167897068127,34.106553378029915,8.600378047987514,8.600378047987514,6.449858666666667,26.754543086529885,31.63029192153554,38.669214543579166,0.0234604391143993,0.0293198784678184,1.9098771051433776,0.2833630794462399,3.1568242640499555,1.2197364809223168,40.15841584158416,1.527876248791492,0.0055343349763906,0.2359007412181759,0.2028387096774193,0.0616774193548387,0.2056533693502484,0.1820291077831681,0.0371182795698924,0.6948470209339774,0.0056774193548387,24.709839258643573,0.0389945627143303,0.037686123053754,-42.54467988839454,8005000000.0,-5844000000.0,-43747000000.0,43270000000.0,23659500000.0,5873500000.0,2725000000.0,92.3458064516129,41.69310916410135,19.116741652853424,0.9745975855130784,2.1586300903049924,4.707915273132665,0.2017686455556278,0.6507804841263857,2009-07-16,2.02,amc,20243534482.0,2025-04-25,2009-06-30,0.1485148514851484,99.17444444444445,8764039.142857144
2009-03-31,IBM,USD,51143,2009-04-28,2009-04-28 14:01:46,2009,Q1,21711000000.0,12280000000.0,9431000000.0,0.4343880982,1480000000,4805000000.0,288000000.0,5093000000.0,170000000.0,6743000000.0,19023000000.0,25000000.0,136000000.0,1229000000.0,4487000000.0,0.2066694302,2688000000.0,0.1238082078,434000000.0,3122000000.0,0.1437980747,827000000.0,2295000000.0,0.1057067846,1.71,1.7,1344300000,1349500000,https://www.sec.gov/Archives/edgar/data/51143/000110465909026661/0001104659-09-026661-index.htm,https://www.sec.gov/Archives/edgar/data/51143/000110465909026661/a09-10849_110q.htm,16.1504128542736,1.7072082124525776,3.2626645837982595,2.6973145875176674,9.146023952986685,10.185970393513353,-5.280071412631109,10.11753328870044,23.143643531949717,124414965000.0,143096965000.0,13.552828431372548,5.73050366173829,28.366385088919287,34.311904302261446,9.14748658186898,9.14748658186898,6.590989129934135,31.89145642968576,32.6258470132239,39.46413816878103,0.0184463340081315,0.0291444039710174,2.2774795970884494,0.3038530958173114,4.163583686204591,1.1755511022044087,19.764705882352946,1.9111111111111112,0.0054253923553328,0.2941176470588235,0.2213163834001197,0.0681682096633043,0.2039453033037746,0.1732786137710898,0.0350052968541292,0.6183889340927583,0.006310165353968,19.713867155005733,0.0265625848655115,0.028279915714761,-42.3858141783828,6570000000.0,-7098000000.0,-44256000000.0,41088000000.0,25509000000.0,6446000000.0,2730000000.0,97.26267790520934,43.07980456026058,20.220684039087946,0.925329241784938,2.089145968016332,4.450888002899601,0.168737592824057,0.5653499962805921,2009-04-20,1.66,bmo,21200152941.0,2025-04-25,2009-03-31,0.0240963855421686,86.42426229508197,12326678.24590164
2008-12-31,IBM,USD,51143,2009-02-24,2009-02-24 14:26:00,2008,Q4,27007000000.0,14071000000.0,12936000000.0,0.4789869293,1528000000,0.0,0.0,5833000000.0,0.0,7361000000.0,21432000000.0,0.0,191000000.0,1321000000.0,7320000000.0,0.2710408413,5575000000.0,0.2064279631,233000000.0,5808000000.0,0.215055356,1382000000.0,4427000000.0,0.1639204651,3.29,3.29,1344300000,1344300000,https://www.sec.gov/Archives/edgar/data/51143/000104746909001737/0001047469-09-001737-index.htm,https://www.sec.gov/Archives/edgar/data/51143/000104746909001737/a2189817z10-k.htm,20.090009670460464,3.293163728334449,4.9252399018076325,3.897939448039872,9.601279476307372,10.016365394629174,-5.681023581045897,10.016365394629174,25.37900766198021,108068277000.0,129253277000.0,6.1027940478879605,4.001491354093384,16.322047575894878,20.623716984732823,8.025865354623098,8.025865354623098,4.785917613951939,17.65755150273224,19.521715299803656,24.666655916030532,0.040964842994582,0.0484878647597944,2.5195692536204977,0.3097585917241883,2.894125683060109,1.1548014610580888,29.18848167539267,1.4955952112039756,0.0061905308252485,0.1511181386943754,0.0,0.0565779242418632,0.1926700997041744,0.208578764537079,0.051134890954197,1.0454201362604087,0.0058503350983078,27.24287892578694,0.0542411976304846,0.0500667254755603,-45.477386000148776,6569000000.0,-7637000000.0,-47055000000.0,41975000000.0,26247000000.0,6892000000.0,2850500000.0,91.82619320916798,44.86248312131334,17.27595764338,0.9801125022681908,2.006130595950955,5.209552017771196,0.3287783141477906,1.02730045376776,2009-01-20,3.03,bmo,24946692073.0,2025-04-25,2008-12-31,0.0825082508250825,81.71578125,11821509.25
2008-09-30,IBM,USD,51143,2008-10-28,2008-10-28 13:59:06,2008,Q3,25302000000.0,14342000000.0,10959000000.0,0.433127816,1579000000,5126000000.0,312000000.0,5438000000.0,79000000.0,7096000000.0,21438000000.0,74000000.0,159000000.0,1379000000.0,5433000000.0,0.2147261086,3864000000.0,0.1527152004,31000000.0,3895000000.0,0.1539404,1071000000.0,2824000000.0,0.1116117303,2.09,2.05,1350700000,1379100000,https://www.sec.gov/Archives/edgar/data/51143/000110465908066201/0001104659-08-066201-index.htm,https://www.sec.gov/Archives/edgar/data/51143/000110465908066201/a08-26479_110q.htm,18.73250906937144,2.0907677500555266,2.767453912785963,1.9338120974309616,7.222921448138003,20.373880210261348,4.151921226030947,20.373880210261348,25.595617087436143,150900204000.0,175558204000.0,13.358729107648726,5.963963481147736,40.369235955056176,57.77190045941807,5.483491551291834,5.483491551291834,6.9385109477511655,32.31330830112277,46.96581166399144,67.21217611026033,0.0187143550846359,0.0173094530740329,1.250517824048839,0.2968941420067293,4.538560647892509,0.9873748659277798,24.30188679245283,1.324123273113709,0.0044864087791425,0.2397308781869688,0.2025926804205201,0.0624061339024583,0.1890345958070917,0.3012306046013911,0.0445024108766105,0.8165337200870196,0.0063631333491423,30.95857979559061,0.0320764378471792,0.0300428727965191,-43.25960613015474,-565000000.0,5608000000.0,-44204000000.0,36005000000.0,26083500000.0,7150500000.0,2957500000.0,88.70879772350013,42.48361455863896,18.825826244596293,1.0145555154577168,2.118463810930576,4.780666666666667,0.1026200079944765,0.8336418153550011,2008-10-16,2.03,bmo,25055151219.0,2025-04-25,2008-09-30,0.0098522167487684,116.96953125,9102143.0
2008-06-30,IBM,USD,51143,2008-07-29,2008-07-29 14:28:31,2008,Q2,26820000000.0,15221000000.0,11599000000.0,0.4324757644,1660000000,5814000000.0,339000000.0,6153000000.0,137000000.0,7950000000.0,23171000000.0,77000000.0,145000000.0,1403000000.0,5362000000.0,0.1999254288,3649000000.0,0.1360551827,165000000.0,3814000000.0,0.142207308,1049000000.0,2765000000.0,0.1030947054,2.02,1.98,1366300000,1395800000,https://www.sec.gov/Archives/edgar/data/51143/000110465908048278/0001104659-08-048278-index.htm,https://www.sec.gov/Archives/edgar/data/51143/000110465908048278/a08-18576_110q.htm,19.629656737173388,2.023713679279807,3.111322549952426,2.256459049989022,7.207055551489424,20.68652565322403,3.9251994437532014,20.68652565322403,25.160652858083875,154692486000.0,179298486000.0,13.986662386980107,5.767803355704698,36.38966972477064,50.1759604281544,5.4731278658364,5.4731278658364,6.685253020134228,33.43873293547184,42.17795483415667,58.157147583522544,0.0178741713414574,0.0199298626566774,1.2111519954712708,0.2830775337390844,4.588959343528535,1.0364568180292282,25.16551724137931,1.5374321880650994,0.0044281400972507,0.2477396021699819,0.2167785234899328,0.0618941088739746,0.189377150039693,0.2747588802634674,0.0435495898583146,0.8325017818959373,0.0063012677106636,30.690896226357545,0.0297384238013617,0.0282065145317106,-44.60111249359584,1629000000.0,5363000000.0,-46352000000.0,39916000000.0,27061000000.0,7430000000.0,2945500000.0,91.36912751677852,44.529925760462525,17.236055449707642,0.985015425297488,2.021112734032665,5.221612349914237,0.0978276252476648,0.8548634999634048,2008-07-17,1.82,bmo,24653646464.0,2025-04-25,2008-06-30,0.0879120879120878,117.7603125,8245090.90625
2008-03-31,IBM,USD,51143,2008-04-29,2008-04-29 13:58:24,2008,Q1,24502000000.0,14336000000.0,10166000000.0,0.4149049057,1569000000,5253000000.0,297000000.0,5550000000.0,70000000.0,7189000000.0,21525000000.0,134000000.0,178000000.0,1347000000.0,4723000000.0,0.1927597747,2977000000.0,0.1215002857,221000000.0,3198000000.0,0.1305199576,879000000.0,2319000000.0,0.0946453351,1.68,1.65,1383000000,1404300000,https://www.sec.gov/Archives/edgar/data/51143/000110465908027817/0001104659-08-027817-index.htm,https://www.sec.gov/Archives/edgar/data/51143/000110465908027817/a08-10117_110q.htm,17.71655820679682,1.6767895878524943,3.038322487346349,2.161966738973246,8.696312364425163,20.772234273318876,5.048445408532176,20.772234273318876,25.570498915401306,152102340000.0,176502340000.0,16.39740620957309,6.2077520202432455,36.197605901951455,50.87034782608696,5.294567669172932,5.294567669172932,7.203589094767774,37.37081092525937,42.00436458829129,59.030882943143816,0.015246313764798,0.0196578172301622,1.2247981063770537,0.2888288746788373,5.166207918695744,1.0292679816357762,16.724719101123597,1.8119879258300997,0.0036422845302708,0.2388960758947822,0.2143906619867766,0.0640355889315158,0.1785048800308644,0.2884340790099952,0.0494653497673659,0.8997772828507795,0.0069790221206432,27.99446352912502,0.0239833785405957,0.0231721574387721,-42.95697758496023,1377000000.0,6982000000.0,-44670000000.0,38593000000.0,27841500000.0,7691500000.0,2820000000.0,98.7862215329361,46.0107421875,18.68303571428571,0.911058228601175,1.9560649474689589,4.817204301075269,0.0807226399331662,0.8763557483731019,2008-04-16,1.45,bmo,21532060606.0,2025-04-25,2008-03-31,0.1379310344827586,103.94196721311476,10232605.31147541
2007-12-31,IBM,USD,51143,2008-02-26,2008-02-26 14:06:45,2007,Q4,30718000000.0,15897000000.0,14821000000.0,0.4824858389,1585000000,0.0,0.0,6016000000.0,0.0,7601000000.0,23498000000.0,0.0,215000000.0,1337000000.0,7040000000.0,0.2291815873,7220000000.0,0.2350413438,-1732000000.0,5488000000.0,0.1786574647,1537000000.0,3952000000.0,0.1286542093,2.86,2.86,1383000000,1383000000,https://www.sec.gov/Archives/edgar/data/51143/000104746908001731/0001047469-08-001731-index.htm,https://www.sec.gov/Archives/edgar/data/51143/000104746908001731/a2181836z10-k.htm,22.21113521330441,2.8575560375994216,3.731019522776573,2.309472161966739,11.674620390455532,20.585683297180044,8.733188720173535,20.585683297180044,25.660882140274765,142794750000.0,163077750000.0,9.033068699392713,4.648569242789244,27.6734011627907,44.70718534752661,5.015621707060063,5.015621707060063,5.308866137118302,23.164453125,31.604215116279068,51.05752974326863,0.0276760875312292,0.0223677691231645,1.2389884088514225,0.2928980079879765,2.8811079545454548,1.2001128413450688,33.58139534883721,1.3059984813971146,0.0038796944565539,0.1401821862348178,0.0,0.0515984113549059,0.1361111341764163,0.3810077519379845,0.0640015626017318,1.4704562453253551,0.005664431278078,36.38071921862244,0.0588293538055101,0.0379857553417468,-38.24385394070861,8867000000.0,12078000000.0,-38784000000.0,40340000000.0,26795000000.0,7393000000.0,2759500000.0,84.34826486099355,45.59728250613323,15.082090960558595,1.0670047587620273,1.9738018375962256,5.967342342342342,0.1388127853881278,1.4215473608098337,2008-01-17,2.68,bmo,27629842857.0,2025-04-25,2007-12-31,0.0447761194029849,105.4384375,8296308.015625
2007-09-30,IBM,USD,51143,2007-10-30,2007-10-30 14:36:47,2007,Q3,24119000000.0,14163000000.0,9956000000.0,0.4127865998,1524000000,0.0,0.0,5324000000.0,0.0,6848000000.0,21011000000.0,123000000.0,193000000.0,1340000000.0,4813000000.0,0.1995522202,3108000000.0,0.1288610639,172000000.0,3280000000.0,0.1359923712,918000000.0,2361000000.0,0.0978896306,1.72,1.68,1371400000,1405800000,https://www.sec.gov/Archives/edgar/data/51143/000110465907078049/0001104659-07-078049-index.htm,https://www.sec.gov/Archives/edgar/data/51143/000110465907078049/a07-24846_110q.htm,17.58713723202567,1.7215983666326382,3.2696514510718973,2.323902581303777,10.079480822517136,14.981770453551116,3.3112148169753537,14.981770453551116,25.896164503427155,155914466000.0,181940466000.0,16.509367429055484,6.4643835150711055,34.77129036574487,48.92201631628491,7.588555728608974,7.588555728608974,7.543449811352046,37.80188364845211,40.57548305084746,57.08831691245685,0.0151429181689914,0.0204406947075712,1.719118076511243,0.3252124593726118,5.407438188240183,1.0350358801181934,16.10362694300518,1.898391193903472,0.0035211614039713,0.2325285895806861,0.0,0.0631866992827231,0.1473634781647929,0.289250669045495,0.0537750321323437,0.967910447761194,0.007380073800738,24.090108129629083,0.0279264701585925,0.0254956589348192,-39.53022458801225,1577000000.0,4541000000.0,-41475000000.0,32419000000.0,24544000000.0,6692500000.0,2851500000.0,92.54488162859155,42.77907223045965,18.142342723999157,0.972501108826257,2.1038324420677363,4.96077057793345,0.114912878419157,0.94574886976812,2007-10-16,1.67,bmo,23975434523.0,2025-04-25,2007-09-30,0.0059880239520958,108.28873015873016,9104383.349206349
2007-06-30,IBM,USD,51143,2007-07-31,2007-07-31 14:01:02,2007,Q2,23170000000.0,13834000000.0,9336000000.0,0.4029348295,1534000000,0.0,0.0,5631000000.0,0.0,7165000000.0,20999000000.0,730000000.0,130000000.0,1284000000.0,4556000000.0,0.1966335779,2171000000.0,0.0936987484,971000000.0,3142000000.0,0.1356063876,881000000.0,2260000000.0,0.0975399223,1.57,1.55,1437200000,1460800000,https://www.sec.gov/Archives/edgar/data/51143/000110465907057458/0001104659-07-057458-index.htm,https://www.sec.gov/Archives/edgar/data/51143/000110465907057458/a07-18155_110q.htm,16.12162538268856,1.5725020873921514,2.39771778458113,1.625382688561091,7.089479543556916,11.65878096298358,1.019343167269691,11.65878096298358,24.24993042026162,144481716000.0,172193716000.0,15.982490707964605,6.235723608113941,41.92736970400465,61.85004965753425,8.622685366435904,8.622685366435904,7.43175295640915,37.79493327480246,49.96915728380731,73.71306335616438,0.0156421176503745,0.0161681357660508,2.072212938648842,0.3385926590474704,6.082528533801581,0.8795649280425921,16.7,1.5241043785935426,0.0040974042694786,0.2619469026548672,0.0,0.0662063012516184,0.1491106603736786,0.3221125943122461,0.0479067760034527,0.8644859813084113,0.0078981441519205,20.310164733862692,0.0208282321403025,0.0259005008194184,-38.93943083774005,-5791000000.0,1465000000.0,-43499000000.0,23979000000.0,24152000000.0,6756000000.0,2880000000.0,94.33880017263704,43.28249241000434,18.52826369813503,0.954008317206736,2.0793626935217198,4.857443820224719,0.1348770589639532,0.7723350960200389,2007-07-18,1.47,bmo,23295580000.0,2025-04-25,2007-06-30,0.0204081632653061,97.77301587301586,8028863.952380952
2007-03-31,IBM,USD,51143,2007-04-24,2007-04-24 15:01:20,2007,Q1,21408000000.0,13163000000.0,8245000000.0,0.3851363976,1509000000,0.0,0.0,5089000000.0,0.0,6598000000.0,19761000000.0,759000000.0,73000000.0,1240000000.0,3892000000.0,0.1818011958,1647000000.0,0.0769338565,932000000.0,2579000000.0,0.1204689836,735000000.0,1844000000.0,0.0861360239,1.23,1.21,1499500000,1522800000,https://www.sec.gov/Archives/edgar/data/51143/000110465907030840/0001104659-07-030840-index.htm,https://www.sec.gov/Archives/edgar/data/51143/000110465907030840/a07-10621_110q.htm,14.27675891963988,1.2297432477492498,2.009336445481827,1.2544181393797933,7.190396798932977,18.54551517172391,8.368789596532178,18.54551517172391,16.018006002000668,134999985000.0,151992985000.0,18.302601003253795,6.306053110986547,44.80583637570528,71.77032695374801,4.854542953720018,4.854542953720018,7.099821795590434,39.05266829393628,50.44573016926651,80.8043514088251,0.0136592607769549,0.0139333348814816,0.861088136934086,0.2356449089245121,4.366135662898253,1.1545847727334548,22.56164383561644,1.633947939262473,0.0033481485201646,0.2451193058568329,0.0,0.0704876681614349,0.1501687676517187,0.3757052771324261,0.0528774289985052,0.9129032258064516,0.0083146487294469,22.652593589152698,0.0158033009822496,0.0213527252515661,-29.04918306102034,5683000000.0,12549000000.0,-31364000000.0,35357000000.0,25432500000.0,7411500000.0,2861000000.0,100.96832959641256,46.89736382283674,19.91035478234445,0.8913686138984885,1.9190844146377024,4.520260989010989,0.0663094681577906,0.754918306102034,2007-04-17,1.21,bmo,22029000000.0,2025-04-25,2007-03-31,0.0,92.3944262295082,8275108.147540984
2006-12-31,IBM,USD,51143,2007-02-27,2007-02-27 15:08:14,2006,Q4,26258000000.0,14556000000.0,11701000000.0,0.445616574,1587000000,0.0,0.0,5620000000.0,0.0,7207000000.0,21763000000.0,0.0,71000000.0,1300000000.0,6185000000.0,0.2355472618,4495000000.0,0.1711859243,319000000.0,4814000000.0,0.1833346028,1350000000.0,3540000000.0,0.1348160561,2.36,2.36,1499500000,1499500000,https://www.sec.gov/Archives/edgar/data/51143/000104746907001434/0001047469-07-001434-index.htm,https://www.sec.gov/Archives/edgar/data/51143/000104746907001434/a2175501z10-k.htm,17.511170390130044,2.360786928976325,3.563187729243081,2.3594531510503503,7.106368789596532,19.01033677892631,8.968989663221073,19.01033677892631,15.173724574858284,139138605000.0,153798605000.0,9.826172669491529,5.298903381826491,26.04128860190904,39.32690927077445,4.881028730793518,4.881028730793518,5.857209421890471,24.86638722716249,28.785065506269884,43.4704932165065,0.0254422559432732,0.0254278817873731,0.795692134989125,0.2197144351667086,2.370250606305578,1.1139657279688708,63.309859154929576,1.509322033898305,0.0032485592334348,0.127683615819209,0.0,0.0604387234366669,0.1458531104093612,0.3378251918397904,0.0687409551374819,1.3884615384615384,0.0085688171224007,31.777121929469327,0.0448949660812728,0.040146523469839,-28.36345448482827,4569000000.0,13449000000.0,-30068000000.0,34065000000.0,24765500000.0,15106500000.0,2972000000.0,92.02224084088658,49.24154987633965,17.374278647980212,0.9780244338498212,1.827724761426419,5.1800711743772245,0.1241843822353188,1.2037345781927309,2007-01-18,2.19,bmo,25442761061.0,2025-04-25,2006-12-31,0.0319634703196346,87.37603174603174,6306706.46031746
2006-09-30,IBM,USD,51143,2006-10-31,2006-10-31 15:06:13,2006,Q3,22026000000.0,13126000000.0,8901000000.0,0.4041133206,1543000000,0.0,0.0,5121000000.0,0.0,6664000000.0,19790000000.0,591000000.0,70000000.0,1228000000.0,4472000000.0,0.2030327794,2236000000.0,0.1015163897,938000000.0,3174000000.0,0.1441024244,952000000.0,2222000000.0,0.1008807773,1.47,1.45,1513200000,1534300000,https://www.sec.gov/Archives/edgar/data/51143/000110465906069905/0001104659-06-069905-index.htm,https://www.sec.gov/Archives/edgar/data/51143/000110465906069905/a06-19062_710q.htm,14.555908009516257,1.4684113137721384,2.647369812318266,1.8153581813375628,7.203938673010838,22.63283108643933,14.744911445942371,22.63283108643933,14.579037800687283,118438164000.0,131945164000.0,13.32562601260126,5.377198038681558,29.565193210184724,43.11545831816528,3.458250525578136,3.458250525578136,5.990427857986017,29.504732558139533,32.93688567149276,48.032458682198765,0.0187608446885414,0.023193537515492,0.6421104882036908,0.2111372473717056,3.020348837209302,1.1643047324572704,31.942857142857143,1.8028802880288028,0.0038416671166905,0.2047704770477047,0.0,0.0700535730500317,0.1145984350247227,0.3142785821268097,0.0571597203305184,1.025244299674267,0.0096249886497775,27.345417672353783,0.0201249777551073,0.0240948177707413,-26.71606529209622,5739000000.0,22312000000.0,-29239000000.0,31734000000.0,22509500000.0,22322000000.0,3122500000.0,92.68455461727048,152.55294834679262,21.488648483925036,0.9710355773045892,0.5899590992853612,4.188257817485641,0.0648797010044382,0.8320116309807032,2006-10-17,1.35,bmo,21058137931.0,2025-04-25,2006-09-30,0.0740740740740739,75.01777777777778,5673518.603174604
2006-06-30,IBM,USD,51143,2006-07-25,2006-07-25 16:17:43,2006,Q2,21310000000.0,12876000000.0,8434000000.0,0.3957766307,1522000000,0.0,0.0,4916000000.0,0.0,6438000000.0,19314000000.0,580000000.0,72000000.0,1247000000.0,4208000000.0,0.1974659784,1996000000.0,0.093664946,893000000.0,2889000000.0,0.1355701549,867000000.0,2022000000.0,0.0948850305,1.31,1.3,1538100000,1560100000,https://www.sec.gov/Archives/edgar/data/51143/000110465906048719/0001104659-06-048719-index.htm,https://www.sec.gov/Archives/edgar/data/51143/000110465906048719/a06-15152_110q.htm,13.854755867628892,1.3146089330992785,1.666991743059619,0.9349197061309408,6.495026331187829,21.81197581431637,14.022495286392305,21.81197581431637,14.206488524803328,112865778000.0,127544778000.0,13.954720326409497,5.296376255279212,44.01941419656786,78.48802364394993,3.364206921219708,3.364206921219708,5.985207789770061,30.31007081749049,49.74445319812793,88.69595132127955,0.0179150849427538,0.0127407973035015,0.6491698709350502,0.2106754887450787,3.488355513307985,1.160413857787678,27.72222222222222,1.268051434223541,0.0041022177687908,0.2289812067260138,0.0,0.0714218676677616,0.1158961858053532,0.4391575663026521,0.0528390427029563,0.9029671210906176,0.0098076020647583,25.40019509208597,0.0181037339119405,0.0221235064991903,-27.00117027501463,5473000000.0,21568000000.0,-30237000000.0,31417000000.0,22115000000.0,22304000000.0,3031500000.0,94.33317691224777,156.5354147250699,21.745107176141666,0.9540651862464185,0.5749497655726725,4.138862102217936,0.0602700527586515,0.7320720369286783,2006-07-18,1.29,bmo,21721615384.0,2025-04-25,2006-06-30,0.0077519379844961,76.96761904761905,6095354.428571428
2006-03-31,IBM,USD,51143,2006-04-25,2006-04-25 16:17:59,2006,Q1,20076000000.0,12571000000.0,7505000000.0,0.3738294481,1456000000,0.0,0.0,4602000000.0,0.0,6058000000.0,18629000000.0,583000000.0,66000000.0,1208000000.0,3714000000.0,0.1849970114,1447000000.0,0.0720761108,993000000.0,2440000000.0,0.121538155,732000000.0,1708000000.0,0.0850767085,1.09,1.08,1564500000,1587200000,https://www.sec.gov/Archives/edgar/data/51143/000110465906027428/0001104659-06-027428-index.htm,https://www.sec.gov/Archives/edgar/data/51143/000110465906027428/a06-9204_110q.htm,12.832214765100671,1.0917225950782998,1.9852988175135824,1.361457334611697,7.863215084691595,20.92106104186641,13.355704697986576,20.92106104186641,14.414189837008628,123235665000.0,136585665000.0,18.038007172131145,6.138457112970712,39.67664681262073,57.85711971830986,3.7651054046622474,3.7651054046622474,6.803430215182307,36.77589256865913,43.97477945911139,64.12472535211268,0.0138596241599377,0.0172839575296648,0.6869634291650117,0.2194343599953156,3.594507269789984,1.2499398821690513,21.924242424242426,1.8185011709601877,0.002539849158115,0.1832552693208431,0.0,0.0725244072524407,0.115509232150525,0.3142305215711526,0.0486152620043833,0.8079470198675497,0.0099621438533572,22.669360129465566,0.0132647983237297,0.018845440903875,-25.27229146692234,8315000000.0,20895000000.0,-28154000000.0,33863000000.0,23161000000.0,14781000000.0,2896500000.0,98.15002988643155,159.03030785140402,21.134356853074536,0.9169635516579884,0.5659298608922703,4.258468834688347,0.0521829458311692,0.6238414829018856,2006-04-18,1.05,bmo,20085138888.0,2025-04-25,2006-03-31,0.0285714285714285,78.14112903225806,6238117.645161291
2005-12-31,IBM,USD,51143,2006-02-28,2006-02-28 16:50:07,2005,Q4,24427000000.0,13662000000.0,10765000000.0,0.4407008638,1459000000,0.0,0.0,5252000000.0,0.0,6711000000.0,20373000000.0,0.0,0.0,1329000000.0,8453000000.0,0.3460515004,4054000000.0,0.1659638924,514000000.0,4568000000.0,0.1870061817,1348000000.0,3187000000.0,0.1304703811,2.04,2.04,1564500000,1564500000,https://www.sec.gov/Archives/edgar/data/51143/000104746906002608/0001047469-06-002608-index.htm,https://www.sec.gov/Archives/edgar/data/51143/000104746906002608/a2166922z10-k.htm,15.6132949824225,2.0370725471396613,3.469479066794503,2.0767018216682644,8.74784276126558,21.155640779801853,14.058165548098437,21.155640779801853,14.471716203259827,122828895000.00002,132901895000.00002,9.635150219642297,5.028406885823065,22.62875736919676,37.80513850415513,3.7110669828992697,3.7110669828992697,5.440778441888075,15.722452975275052,24.484505342667653,40.90547706986766,0.0259466634459261,0.0264514306670266,0.6840594597860898,0.2141033400158868,1.19164793564415,1.2989588074647247,0.0,1.7177215189873418,0.0025726845462543,0.0991528082836523,0.0,0.0597289884144594,0.1050043499640655,0.4014369933677229,0.0892045687149465,1.6395786305492852,0.0,31.139210629331306,0.0367254345040896,0.0336735556400828,-25.07031000319591,10509000000.0,21994000000.0,-26989000000.0,35369000000.0,23877000000.0,14682500000.0,3065500000.0,90.00368444753757,48.41238471673254,18.715415019762847,0.9999590633699034,1.8590284392434344,4.808870116156283,0.0962898060305758,1.3927772451262384,2006-01-17,1.94,bmo,22458947867.0,2025-04-25,2005-12-31,0.0876288659793814,80.43968253968254,6191004.825396826
2005-09-30,IBM,USD,51143,2005-10-25,2005-10-25 13:41:41,2005,Q3,21529000000.0,12791000000.0,8738000000.0,0.4058711505,1447000000,0.0,0.0,4632000000.0,0.0,6079000000.0,18870000000.0,0.0,56000000.0,1239000000.0,4210000000.0,0.1955501881,2659000000.0,0.1235078267,256000000.0,2915000000.0,0.1353987645,1399000000.0,1516000000.0,0.0704166473,0.95,0.94,1591300000,1617200000,https://www.sec.gov/Archives/edgar/data/51143/000110465905050000/0001104659-05-050000-index.htm,https://www.sec.gov/Archives/edgar/data/51143/000110465905050000/a05-17893_110q.htm,13.5291899704644,0.9526801985797776,2.689624835040533,2.042355306981713,5.186954062716018,19.00018852510526,12.049267894174577,19.00018852510526,13.497140702570226,121925406000.0,135095406000.0,20.1064323878628,5.663310232709369,28.487244392523365,37.51550953846154,4.032591566065818,4.032591566065818,6.27504324399647,32.089170071258906,31.56434719626168,41.56781723076923,0.0124338318791409,0.0266556422211134,0.7085166198114767,0.2120801116732172,3.1282660332541568,1.3063342677880123,47.48214285714285,2.8232189973614776,0.0026163538057031,0.2104221635883905,0.0,0.0672116679827209,0.1095050936055203,0.2406542056074766,0.0478424450740861,0.831315577078289,0.0116586929258209,20.18105116156951,0.0184148403445972,0.0168541824165073,-27.26104442908314,9179000000.0,19174000000.0,-31631000000.0,34282000000.0,23798500000.0,22124500000.0,3269000000.0,97.51219285614752,154.9089203346103,23.149089203346104,0.9229615021864016,0.5809865552325582,3.887841945288754,0.0501405655697039,0.6472695280588199,2005-10-17,1.13,bmo,19307753968.0,2025-04-25,2005-09-30,0.1150442477876107,77.445625,6182414.453125
2005-06-30,IBM,USD,51143,2005-07-26,2005-07-26 16:20:33,2005,Q2,22270000000.0,13495000000.0,8775000000.0,0.3940278401,1477000000,0.0,0.0,6497000000.0,0.0,7974000000.0,21469000000.0,0.0,67000000.0,1338000000.0,4138000000.0,0.1858105074,801000000.0,0.0359676695,1932000000.0,2733000000.0,0.1227211495,882000000.0,1829000000.0,0.0821284239,1.14,1.12,1603900000,1627900000,https://www.sec.gov/Archives/edgar/data/51143/000110465905034155/0001104659-05-034155-index.htm,https://www.sec.gov/Archives/edgar/data/51143/000110465905034155/a05-12302_410q.htm,13.884905542739572,1.1403454080678346,1.9502462747054057,1.2831223891763823,5.3987156306502895,18.78234303884282,11.94525843257061,18.78234303884282,14.829478147016648,113668393000.0,128738393000.0,15.5369591306725,5.104103861697351,36.33900031969309,55.23245529640428,3.773224663900415,3.773224663900415,5.780798967220476,31.11125978733688,41.15677525575448,62.555098639455785,0.0160906647109896,0.0181052968699927,0.7873195020746888,0.2294076682013386,3.641855969067182,1.2581917569959935,11.955223880597014,1.7102241662110442,0.0028240040307423,0.1755057408419901,0.0,0.0663224068253255,0.1060664680620575,0.3420716112531969,0.0480466995958688,0.7997010463378177,0.0116299955096542,21.95251851917528,0.0070158351264478,0.0197896604704507,-27.917420038655777,8313000000.0,19159000000.0,-32753000000.0,33491000000.0,24425000000.0,22944000000.0,3332500000.0,98.08666367310283,148.27491663579104,21.661356057799185,0.917555930946397,0.606980614402015,4.154864532019705,0.060713692946058,0.667123885529023,2005-07-18,1.03,bmo,20480446428.0,2025-04-25,2005-06-30,0.0873786407766991,73.886875,8089165.21875
2005-03-31,IBM,USD,51143,2005-04-26,2005-04-26 17:01:02,2005,Q1,22908000000.0,14654000000.0,8254000000.0,0.3603108085,1459000000,0.0,0.0,4933000000.0,0.0,6392000000.0,21046000000.0,0.0,49000000.0,1282000000.0,3341000000.0,0.1458442466,1862000000.0,0.0812816483,148000000.0,2010000000.0,0.0877422734,603000000.0,1402000000.0,0.061201327,0.86,0.84,1628700000,1660600000,https://www.sec.gov/Archives/edgar/data/51143/000110465905018203/0001104659-05-018203-index.htm,https://www.sec.gov/Archives/edgar/data/51143/000110465905018203/a05-7213_110q.htm,14.065205378522748,0.860809234358691,1.2758641861607416,0.6888929821329896,5.311598207159084,18.370479523546383,12.026769816418,18.370479523546383,14.404739976668507,142152936000.0,156927936000.0,25.34824108416548,6.205383970665269,68.40853512993263,126.69602139037433,4.751100802139038,4.751100802139038,6.850355159769513,46.97034899730619,75.51873724735323,139.8644705882353,0.0098626172589217,0.0078929076779673,0.7824866310160428,0.2231861123556945,4.422328644118528,1.222370054993791,38.0,1.4821683309557774,0.0020681950600021,0.209700427960057,0.0,0.0636895407717827,0.0984947425618928,0.4600577478344562,0.0417321459752051,0.7457098283931357,0.0124847214946743,18.86274805809017,0.0168384879725085,0.014825467657851,-28.35712531466814,7521000000.0,19588000000.0,-33636000000.0,32561000000.0,26357500000.0,16549500000.0,3366500000.0,96.5649554740702,145.28115190391702,20.986078886310903,0.9320151348712316,0.6194884802367364,4.288557213930348,0.0468582887700534,0.5869712040277522,2005-04-14,0.9,bmo,24255529411.0,2025-04-25,2005-03-31,-0.0555555555555556,88.76163934426229,5196608.262295082
2004-12-31,IBM,USD,51143,2005-02-24,2005-02-24 15:39:30,2004,Q4,27461000000.0,16609000000.0,10852000000.0,0.3951786169,1461000000,0.0,0.0,5290000000.0,0.0,6751000000.0,23360000000.0,0.0,0.0,1445000000.0,6738000000.0,0.2453661556,4101000000.0,0.1493390627,263000000.0,4364000000.0,0.1589162813,1309000000.0,3040000000.0,0.1107024507,1.87,1.87,1628700000,1628700000,https://www.sec.gov/Archives/edgar/data/51143/000104746905004595/0001047469-05-004595-index.htm,https://www.sec.gov/Archives/edgar/data/51143/000104746905004595/a2152314z10-k.htm,16.86068643703567,1.866519309879045,2.5357647203290967,0.811076318536256,6.489838521520231,18.264259839135505,11.985632713206853,18.264259839135505,14.076871124209491,153358392000.0,166232392000.0,12.611709868421052,5.584588762244638,37.13278256658596,116.09265102195306,5.155423807442768,5.155423807442768,6.053399075051892,24.670880379934697,40.24997384987893,125.83829825889478,0.019822847386141,0.0086138096700961,0.7707331831781357,0.2099869027229513,1.910655981003265,1.1802100608070758,0.0,1.3518821603927986,0.0019562020446849,0.0986842105263157,0.0,0.0532027238629328,0.0936592693001657,0.6801452784503632,0.1022905211026546,1.9439446366782007,0.0,27.695457345634896,0.0370456274754537,0.0307204139171559,-28.30846687542212,7172000000.0,19521000000.0,-32466000000.0,32573000000.0,26063000000.0,15944500000.0,3323500000.0,92.2122282509741,51.17466433861159,17.968571256547655,0.9760093829968725,1.7586827615417195,5.008745476477684,0.1021951793458163,1.724688401792841,2005-01-18,1.76,bmo,26680857954.0,2025-04-25,2004-12-31,0.0284090909090909,88.78203125,5593050.9375
2004-09-30,IBM,USD,51143,2004-10-28,2004-10-28 17:03:44,2004,Q3,23349000000.0,14816000000.0,8533000000.0,0.3654546233,1468000000,0.0,0.0,5162000000.0,0.0,6630000000.0,21446000000.0,0.0,0.0,1225000000.0,3128000000.0,0.1339671935,1903000000.0,0.0815024198,282000000.0,2185000000.0,0.0935800248,631000000.0,1554000000.0,0.0665553129,1.08,1.06,1669600000,1700400000,https://www.sec.gov/Archives/edgar/data/51143/000110465904032411/0001104659-04-032411-index.htm,https://www.sec.gov/Archives/edgar/data/51143/000110465904032411/a04-12261_110q.htm,13.984786775275516,0.9307618591279349,2.319118351701006,2.013655965500719,5.792405366554863,17.789889793962626,12.89530426449449,17.789889793962626,13.14746046957355,136740240000.00002,149513240000.0,21.99810810810811,5.856363869973019,35.315144628099176,40.672290303390845,4.603738468789981,4.603738468789981,6.403410852713178,47.798350383631714,38.613956611570245,44.47151695419393,0.0113646136645657,0.0245867639255276,0.739041142010639,0.2180360761253923,4.083439897698209,1.206528848067791,0.0,2.491634491634492,0.0021939408618852,0.193050193050193,0.0,0.0628720716090624,0.0811712821327824,0.1317148760330578,0.0218424771938841,0.4163265306122449,0.0,19.301771815353348,0.0183055343306376,0.0167992735449277,-24.943100143747007,7263000000.0,21530000000.0,-28544000000.0,30043000000.0,24325500000.0,22491000000.0,3256500000.0,92.47076962610818,136.3424676025918,20.234206263498923,0.973280533555648,0.6601024727110715,4.447913539477634,0.0523197091104976,0.3054623862002875,2004-10-18,1.14,bmo,22750307692.0,2025-04-25,2004-09-30,0.0263157894736842,81.31171875,5020585.78125
2004-06-30,IBM,USD,51143,2004-07-30,2004-07-30 14:16:24,2004,Q2,23098000000.0,14692000000.0,8406000000.0,0.3639276128,1476000000,0.0,0.0,4820000000.0,0.0,6296000000.0,20988000000.0,0.0,33000000.0,1181000000.0,3700000000.0,0.1601870292,2110000000.0,0.0913499004,376000000.0,2486000000.0,0.1076283661,749000000.0,1735000000.0,0.0751147285,1.18,1.16,1679600000,1713400000,https://www.sec.gov/Archives/edgar/data/51143/000110465904021678/0001104659-04-021678-index.htm,https://www.sec.gov/Archives/edgar/data/51143/000110465904021678/a04-7971_110q.htm,13.75208382948321,1.0329840438199571,2.268397237437485,1.785544177185044,4.877947130269112,17.164801143129317,12.369016432483924,17.164801143129317,13.073946177661348,141422320000.0,155633320000.0,20.37785590778098,6.122708459606892,37.11871916010499,47.15649216405468,4.905387443635102,4.905387443635102,6.737956533033163,42.06305945945946,40.84864041994751,51.89507169056352,0.0122682190477429,0.0212059878525539,0.7605272285813389,0.2201803538792151,3.840810810810811,1.2052565707133918,63.93939393939394,2.1934369602763386,0.0021425189460899,0.1746397694524495,0.0,0.0639016365053251,0.0808881123094535,0.2128608923884514,0.0351112650445926,0.6867061812023709,0.0170577539180881,19.973650847163388,0.0202706447180797,0.0189561550143673,-25.28712193379376,7052000000.0,20775000000.0,-29343000000.0,29676000000.0,25105000000.0,22641000000.0,3115500000.0,96.0901376742575,138.05676558671385,19.492240675197387,0.9366205749969588,0.6519057549806984,4.6172218730358265,0.0601803676725633,0.482853060252441,2004-07-15,1.12,bmo,22301517241.0,2025-04-25,2004-06-30,0.0357142857142855,85.66693548387097,5192261.387096774
2004-03-31,IBM,USD,51143,2004-05-07,2004-05-07 17:30:36,2004,Q1,22175000000.0,14283000000.0,7892000000.0,0.3558962796,1416000000,0.0,0.0,4658000000.0,0.0,6074000000.0,20357000000.0,0.0,35000000.0,1237000000.0,3222000000.0,0.1452987599,1818000000.0,0.0819842165,132000000.0,1950000000.0,0.0879368658,586000000.0,1363000000.0,0.0614656144,0.95,0.93,1691700000,1730100000,https://www.sec.gov/Archives/edgar/data/51143/000110465904013278/0001104659-04-013278-index.htm,https://www.sec.gov/Archives/edgar/data/51143/000110465904013278/a04-5397_110q.htm,13.108116096234555,0.8056984098835491,2.1061653957557485,1.5587870189749955,5.025122657681622,16.66075545309452,12.303599929065436,16.66075545309452,14.010167287344093,148395924000.0,164611924000.0,27.218621423330887,6.692037158962796,41.64915071568903,56.27452559726962,5.26506737626397,5.26506737626397,7.423311116121758,51.08998261949099,46.20037159696885,62.42393780811528,0.0091848883935653,0.0177700298560761,0.8396664892673408,0.23241836484164,5.032898820608318,1.204436908294475,51.94285714285714,2.61217008797654,0.0018261957114132,0.1988261188554659,0.0,0.0638556933483652,0.0723889025288485,0.2598933483019927,0.0417587373167981,0.7485852869846402,0.017857948139797,17.379002962206457,0.0171828409402725,0.0144303046985834,-26.27696991192292,7234000000.0,20814000000.0,-31021000000.0,29217000000.0,27236000000.0,15602500000.0,2995500000.0,103.69379932356256,143.3207309388784,19.21235034656585,0.8679400367920467,0.6279621894921961,4.684486716956379,0.0483590562355863,0.5473783767807531,2004-04-15,0.93,bmo,22175000000.0,2025-04-25,2004-03-31,0.0,91.17129032258065,6110307.129032258
2003-12-31,IBM,USD,51143,2004-03-08,2004-03-08 15:28:07,2003,Q4,25913000000.0,15938000000.0,9975000000.0,0.384941921,1349000000,0.0,0.0,4874000000.0,0.0,6223000000.0,22161000000.0,0.0,0.0,1232000000.0,4984000000.0,0.1923358932,3752000000.0,0.1447921892,126000000.0,3878000000.0,0.1496546135,1162000000.0,2709000000.0,0.1045421217,1.6,1.6,1691700000,1691700000,https://www.sec.gov/Archives/edgar/data/51143/000104746904006934/0001047469-04-006934-index.htm,https://www.sec.gov/Archives/edgar/data/51143/000104746904006934/a2129092z10-k.htm,15.317727729502868,1.6013477566944494,2.81019093219838,1.65750428562984,4.520305018620323,16.47100549742862,12.040550925104924,16.47100549742862,13.96937991369628,149749284000.0,166091284000.0,13.81960908084164,5.778925018330567,31.49963904080774,53.40559343794579,5.374292420327304,5.374292420327304,6.409573727472697,33.32489646869984,34.937165334455194,59.233696148359485,0.0180902367453055,0.0187246304296186,0.8481194372667241,0.2262366332557894,3.278892455858748,1.187282321899736,0.0,1.7503681885125184,0.0018297249421239,0.1011443337024732,0.0,0.052058812179215,0.0717520127899518,0.4101809002944888,0.0752518041137653,1.582792207792208,0.0,24.360945657665027,0.0357614930952011,0.0279387801406736,-27.063161317018384,7098000000.0,20369000000.0,-31595000000.0,29282000000.0,27576500000.0,15319000000.0,3112000000.0,100.45421217149692,47.77261889823064,16.613125862718032,0.8959305742834422,1.8839243498817968,5.417403127124405,0.0972222222222222,1.1526866465685406,2004-01-15,1.5,bmo,24876480000.0,2025-04-25,2003-12-31,0.04,86.6734375,6058607.84375
2003-09-30,IBM,USD,51143,2003-11-10,2003-11-10 09:55:29,2003,Q3,21522000000.0,13710000000.0,7812000000.0,0.3629774185,1307000000,0.0,0.0,4303000000.0,0.0,5610000000.0,19320000000.0,0.0,0.0,1177000000.0,3379000000.0,0.1570021373,2202000000.0,0.1023139113,347000000.0,2549000000.0,0.1184369482,764000000.0,1785000000.0,0.0829383886,1.04,1.02,1722600000,1756400000,https://www.sec.gov/Archives/edgar/data/51143/000104746903036586/0001047469-03-036586-index.htm,https://www.sec.gov/Archives/edgar/data/51143/000104746903036586/a2122202z10-q.htm,12.49390456287008,1.036224312086381,2.2315105073725765,1.7845117845117846,3.582375478927203,15.863230001161035,11.610936955764542,15.863230001161035,13.365842331359572,145335762000.0,162908762000.0,20.3551487394958,6.75289294675216,37.80847086368366,47.27903773584906,5.318588962892484,5.318588962892484,7.569406281944057,48.21212252145605,42.38001092611863,52.99569355888094,0.0122819048487185,0.0211510226918547,0.8425675181146162,0.236896800082313,5.200651080201243,1.2445085286538229,0.0,2.153501400560224,0.0018921702147885,0.1540616246498599,0.0,0.0607285568255738,0.0753678361971396,0.200312174817898,0.0357773441130006,0.6542056074766355,0.0,19.231535388444044,0.0218634137408515,0.0198631280253713,-24.60205503308952,7970000000.0,20001000000.0,-29298000000.0,29784000000.0,25921500000.0,22093000000.0,3321500000.0,109.68776136046836,145.5886214442013,21.54485776805252,0.8205108654212734,0.6181801785553251,4.177330895795246,0.0653224035716899,0.4469987228607918,2003-10-15,1.02,bmo,21522000000.0,2025-04-25,2003-09-30,0.0,81.07703125,7197086.0625
2003-06-30,IBM,USD,51143,2003-08-14,2003-08-14 15:04:57,2003,Q2,21631000000.0,13633000000.0,7998000000.0,0.3697471222,1226000000,0.0,0.0,4460000000.0,0.0,5686000000.0,19319000000.0,0.0,0.0,1176000000.0,3488000000.0,0.1612500578,2312000000.0,0.1068836392,154000000.0,2466000000.0,0.1140030512,741000000.0,1705000000.0,0.0788220609,0.99,0.97,1729800000,1763700000,https://www.sec.gov/Archives/edgar/data/51143/000104746903027706/0001047469-03-027706-index.htm,https://www.sec.gov/Archives/edgar/data/51143/000104746903027706/a2116770z10-q.txt,12.50491386287432,0.985663082437276,2.1135391374725403,1.5267661001271824,3.3651289166377616,15.361891548155857,11.290900682159789,15.361891548155857,13.784830616256215,136308240000.0,155311240000.0,19.986545454545453,6.30152281447922,37.28343544857768,51.61235895494131,5.129576637940767,5.129576637940767,7.180030511765522,44.52730504587156,42.48119256017505,58.80773949261644,0.012508414751742,0.0193752043163348,0.8973394046588643,0.2459819678557428,5.448107798165138,1.2628923233156677,0.0,2.119420289855072,0.0020321588775557,0.1624633431085044,0.0,0.0566779159539549,0.0726443706286492,0.2776258205689278,0.0469233969765614,0.8630952380952381,0.0,18.45771142224856,0.0230053334163975,0.018966361128415,-25.236298994103365,8284000000.0,19531000000.0,-30570000000.0,29886000000.0,25698500000.0,21677000000.0,3339500000.0,106.5678886782858,145.28863786400643,22.188073058020976,0.8445320735563971,0.6194565612504543,4.056233263909551,0.0641628720882098,0.5867730373453578,2003-07-16,0.98,bmo,21851724489.0,2025-04-25,2003-06-30,-0.010204081632653,80.63380952380953,8562880.238095239
2003-03-31,IBM,USD,51143,2003-05-14,2003-05-14 17:22:34,2003,Q1,20065000000.0,12832000000.0,7233000000.0,0.3604784451,1195000000,0.0,0.0,4215000000.0,0.0,5410000000.0,18242000000.0,0.0,0.0,1116000000.0,2939000000.0,0.1464739596,1823000000.0,0.0908547222,158000000.0,1981000000.0,0.0987291303,594000000.0,1384000000.0,0.0689758286,0.8,0.79,1725300000,1758500000,https://www.sec.gov/Archives/edgar/data/51143/000104746903018510/0001047469-03-018510-index.htm,https://www.sec.gov/Archives/edgar/data/51143/000104746903018510/a2110692z10-q.txt,11.629861473366953,0.8021793311308179,1.247898916130528,0.866515968237408,3.2324813075986785,14.242740392975136,10.53671825189822,14.242740392975136,14.95565988523735,129242223000.0,150850223000.0,23.34577727601156,6.441177323697982,60.02890060380864,86.4496474916388,5.259521548040532,5.259521548040532,7.518077398455021,51.32705784280368,70.06512912215513,100.9031591973244,0.0107085747047232,0.0115674271557523,1.0500549383469662,0.2695674885081487,7.352160598843144,1.2501415717611528,0.0,1.5522710886806057,0.0020039890524012,0.1871387283236994,0.0,0.059556441564914,0.0667989970748015,0.3056200650255457,0.0327934213805133,0.589605734767025,0.0,16.033331504802742,0.0183121629917872,0.0154938091932919,-25.834927259027417,7951000000.0,18179000000.0,-31410000000.0,28708000000.0,26571000000.0,14488000000.0,3233000000.0,115.6521305756292,149.71477556109724,23.271508728179548,0.7781957803288861,0.6011430713014148,3.867389993972272,0.0563219794082936,0.38138294789312,2003-04-14,0.8,bmo,20315812500.0,2025-04-25,2003-03-31,-0.0125,76.5711475409836,9129528.737704918
2002-12-31,IBM,USD,51143,2003-03-10,2003-03-10 14:58:15,2002,Q4,23684000000.0,14493000000.0,9191000000.0,0.3880678939,1204000000,0.0,0.0,5440000000.0,0.0,6644000000.0,21137000000.0,0.0,0.0,597000000.0,3144000000.0,0.1327478466,2547000000.0,0.1075409559,165000000.0,2712000000.0,0.1145076845,801000000.0,1018000000.0,0.0429826043,0.59,0.59,1699177380,1725300000,https://www.sec.gov/Archives/edgar/data/51143/000104746903008194/0001047469-03-008194-index.htm,https://www.sec.gov/Archives/edgar/data/51143/000104746903008194/a2102367z10-k.htm,13.938509468622987,0.5991134368796741,2.494736600130588,1.375371416490961,3.516407451233844,13.407664360503668,10.655155967295189,13.407664360503668,15.311526804811868,125790101441.4,146425101441.40002,30.891478742976425,5.311184826946462,29.674475452087755,53.825460608215664,5.521468766631552,5.521468766631552,6.182448127064686,46.57286941520357,34.542368823165845,62.65515679991443,0.0080928466416273,0.0185785683708086,1.1419980686506892,0.2696509265785,6.563295165394402,1.2055571635311144,0.0,2.218210361067504,0.0020192367848461,0.24950884086444,0.0,0.0508360074311771,0.0484743584428506,0.448690728945506,0.0803073805100489,3.185929648241206,0.0,13.443809623759387,0.0264067300386911,0.0110884790920082,-26.85681938633152,7102000000.0,18105000000.0,-32050000000.0,26219000000.0,25781000000.0,13032500000.0,3286000000.0,103.96132410065869,47.38149451459325,19.548747671289583,0.8657065574968931,1.899475753604194,4.603875476493012,0.0446843999648845,1.1193651836396268,2003-01-16,1.3,bmo,22955261538.0,2025-04-25,2002-12-31,0.0307692307692307,72.82546875,10176505.515625
2002-09-30,IBM,USD,51143,2002-11-04,2002-11-04 16:28:53,2002,Q3,19821000000.0,12498000000.0,7323000000.0,0.3694566369,1213000000,0.0,0.0,3987000000.0,0.0,5200000000.0,17698000000.0,0.0,0.0,1081000000.0,3204000000.0,0.1616467383,2123000000.0,0.1071086222,281000000.0,2404000000.0,0.1212855053,710000000.0,1313000000.0,0.0662428737,0.78,0.76,1690500000,1711700000,https://www.sec.gov/Archives/edgar/data/51143/000091205702040785/0000912057-02-040785-index.htm,https://www.sec.gov/Archives/edgar/data/51143/000091205702040785/a2092126z10-q.txt,11.724933451641526,0.7766932860100562,2.0532386867790597,1.58592132505176,3.089026915113872,13.06832298136646,12.052647145814849,13.06832298136646,15.228630582667847,94160850000.0,114688850000.0,17.92857006854532,4.7505600121083695,27.12787381158168,35.12154046997389,4.2622148288973385,4.2622148288973385,5.786229251803642,35.795521223470665,33.042019590896,42.7783849309959,0.013944224165351,0.0284725552073924,1.1653087090349448,0.306636809757492,6.406991260923845,1.2340355170475217,0.0,2.048996458087367,0.0026975117578059,0.1934501142421934,0.0,0.0611977195903334,0.0204511887178998,0.2276001152405646,0.0398567176227233,0.730804810360777,0.0,15.112139860997866,0.0242509215501506,0.0159656610610537,-21.755102040816325,7077000000.0,20375000000.0,-24548000000.0,23245000000.0,24539000000.0,18919000000.0,3633000000.0,109.90161949447555,132.75324051848295,24.65674507921268,0.8189142290530491,0.6779495524816924,3.6501168224299065,0.059433279015028,0.4673173617272996,2002-10-16,0.96,bmo,19201593750.0,2025-04-25,2002-09-30,0.03125,68.00234375,9786138.125
2002-06-30,IBM,USD,51143,2002-08-13,2002-08-13 17:06:10,2002,Q2,19651000000.0,12381000000.0,7270000000.0,0.3699557274,1198000000,0.0,0.0,5288000000.0,0.0,6486000000.0,18867000000.0,0.0,0.0,1615000000.0,2399000000.0,0.1220803013,784000000.0,0.0398961885,-189000000.0,595000000.0,0.0302783573,150000000.0,56000000.0,0.0028497277,0.03,0.03,1705000000,1730400000,https://www.sec.gov/Archives/edgar/data/51143/000091205702031609/0000912057-02-031609-index.htm,https://www.sec.gov/Archives/edgar/data/51143/000091205702031609/a2086781z10-q.txt,11.525513196480938,0.0328445747800586,1.6217008797653958,1.0269794721407626,2.0920821114369503,12.548387096774194,11.534310850439883,12.548387096774194,15.15601173020528,110091849999.99998,132479849999.99998,491.4814732142856,5.602353569792885,39.81622061482821,62.87370074243289,5.1456812339331615,5.1456812339331615,6.741634013536206,55.222947061275526,47.91314647377938,75.65953740719588,0.0005086661728365,0.0159049012256583,1.2078055620472072,0.3068601489116623,9.332221759066275,1.126576065282081,0.0,6.213483146067416,0.0023253310758244,4.571428571428571,0.0,0.0609638186351839,0.0205317595088527,0.3667269439421338,0.0516004274591623,0.6278637770897832,0.0,3.0452085090031638,0.0095832792543347,0.000678936010281,-22.681818181818183,4126000000.0,19666000000.0,-26093000000.0,20567000000.0,24496000000.0,18504500000.0,4124500000.0,113.92092005495904,141.04434213714563,27.92827719893385,0.7900217094154539,0.6380972014636912,3.222540343571057,0.0026174339799018,0.5947214076246334,2002-07-17,0.83,bmo,18326213483.0,2025-04-25,2002-06-30,0.072289156626506,78.77296875,9982077.234375
2002-03-31,IBM,USD,51143,2002-05-15,2002-05-15 15:52:28,2002,Q1,18030000000.0,11530000000.0,6500000000.0,0.3605102607,1135000000,0.0,0.0,4023000000.0,0.0,5158000000.0,16688000000.0,0.0,0.0,1086000000.0,2428000000.0,0.1346644481,1342000000.0,0.0744315031,471000000.0,1813000000.0,0.1005546312,529000000.0,1192000000.0,0.0661120355,0.69,0.68,1718400000,1753000000,https://www.sec.gov/Archives/edgar/data/51143/000091205702020756/0000912057-02-020756-index.htm,https://www.sec.gov/Archives/edgar/data/51143/000091205702020756/a2080156z10-q.txt,10.49231843575419,0.6936685288640596,1.507797951582868,0.8985102420856611,2.3085428305400373,13.414222532588454,12.374883612662943,13.414222532588454,14.49487895716946,168832800000.0,189907800000.0,35.40956375838926,9.363993344425957,65.16125048243921,109.3476683937824,7.3243156479111535,7.3243156479111535,10.53287853577371,78.2157331136738,73.2951756078734,122.99727979274611,0.0070602394795324,0.0091451424130856,1.0805604962908333,0.299894047389713,8.67998352553542,1.2426871426671986,0.0,2.0179127725856696,0.0014274477471202,0.2021812080536912,0.0,0.0629506378258458,0.0215035638605278,0.4040910845233501,0.0580698835274542,0.9640883977900552,0.0,14.46938285573384,0.0155260822184195,0.0146671588532053,-20.801908752327748,7301000000.0,21265000000.0,-22620000000.0,25716000000.0,25568000000.0,12326500000.0,4355500000.0,120.38935108153078,137.4275802254987,34.399826539462275,0.7475744257401111,0.6548903782801317,2.616292262309962,0.0517114224979393,0.6092877094972067,2002-04-17,0.68,bmo,18030000000.0,2025-04-25,2002-03-31,0.0,103.47566666666668,9035087.733333332
2001-12-31,IBM,USD,51143,2002-03-11,2002-03-11 00:00:00,2001,Q4,22826000000.0,14081000000.0,8745000000.0,0.3831157452,1547000000,0.0,0.0,5883000000.0,0.0,7430000000.0,21511000000.0,0.0,0.0,1165000000.0,2480000000.0,0.1086480329,1315000000.0,0.0576097433,1985000000.0,3300000000.0,0.1445719793,967000000.0,2333000000.0,0.1022080084,1.36,1.36,1718400000,1718400000,https://www.sec.gov/Archives/edgar/data/51143/000091205702009402/0000912057-02-009402-index.htm,https://www.sec.gov/Archives/edgar/data/51143/000091205702009402/a2071411z10-k405.txt,13.28328677839851,1.3576582867783986,2.811918063314711,1.5892690875232776,3.72032122905028,13.741852886405958,12.998137802607076,13.741852886405958,15.80016294227188,198543936000.0,219364936000.0,21.27560394342049,8.698148427232104,41.08939072847683,72.70008641523252,8.407890912170748,8.407890912170748,9.610309997371418,88.45360322580645,45.39837251655629,80.32403368729403,0.0117505477477791,0.0137551418341983,1.149784026425002,0.3074405806619637,8.395564516129033,1.2090606224550813,0.0,2.071153021860266,0.0012138371226809,0.1033004714959279,0.0,0.0677735915184438,0.0144712556475264,0.4348096026490066,0.0920441601682292,1.80343347639485,0.0,20.488451870643395,0.0144398302555862,0.026805308209341,-20.88599860335195,7342000000.0,22336000000.0,-22238000000.0,25124000000.0,26847500000.0,12713500000.0,4571000000.0,106.52852010864804,45.041545344790855,27.50940984305092,0.8448441779554371,1.9981552433659715,3.27160780669145,0.0987973236215804,1.2226489757914338,2002-01-17,1.32,bmo,22653075757.0,2025-04-25,2001-12-31,0.0075757575757575,106.924375,8066690.375
2001-09-30,IBM,USD,51143,2001-11-14,2001-11-14 00:00:00,2001,Q3,19783000000.0,12349000000.0,7434000000.0,0.3757771824,1252000000,0.0,0.0,4085000000.0,0.0,5337000000.0,17686000000.0,0.0,0.0,1146000000.0,3243000000.0,0.1639286256,2097000000.0,0.1060001011,311000000.0,2408000000.0,0.1217206693,695000000.0,1595000000.0,0.0806247789,0.92,0.9,1731800000,1767900000,https://www.sec.gov/Archives/edgar/data/51143/000100547701501962/0001005477-01-501962-index.htm,https://www.sec.gov/Archives/edgar/data/51143/000100547701501962/d01-35062.txt,11.423374523617046,0.9210070446933826,2.28894791546368,1.6786003002656196,2.316664741887054,12.69026446471879,12.69026446471879,12.69026446471879,16.49208915579166,153350890000.0,178196890000.0,24.03618965517241,7.751649901430521,38.685895560040365,52.75228414172687,6.977789962233243,6.977789962233243,9.00757670727392,54.94816219549799,44.95380676084763,61.29923976608187,0.0104009830004899,0.0189565251300465,1.2995859307457798,0.3356405857052201,7.661424606845514,1.2260919819929432,0.0,2.314068884997081,0.0015846011718614,0.1523510971786834,0.0,0.0632866602638629,0.0,0.2666498486377396,0.0534297123793155,0.9223385689354276,0.0,16.21653529111975,0.0236318607940528,0.0187439772486896,-21.179264349232017,7433000000.0,21977000000.0,-22808000000.0,24253000000.0,26641000000.0,17938500000.0,4848000000.0,121.36329171510891,133.95416632925745,35.259535185035226,0.741575139633392,0.6718715995647443,2.552501033484911,0.0725758747781771,0.6103476151980598,2001-10-16,0.89,bmo,19563188888.0,2025-04-25,2001-09-30,0.0112359550561797,98.39745762711864,8761228.101694915
2001-06-30,IBM,USD,51143,2001-08-14,2001-08-14 00:00:00,2001,Q2,20834000000.0,12847000000.0,7987000000.0,0.3833637324,1284000000,0.0,0.0,4182000000.0,0.0,5466000000.0,18313000000.0,0.0,0.0,1043000000.0,3564000000.0,0.1710665259,2521000000.0,0.1210041279,420000000.0,2941000000.0,0.1411634828,850000000.0,2045000000.0,0.098156859,1.17,1.15,1738200000,1777700000,https://www.sec.gov/Archives/edgar/data/51143/000100547701500586/0001005477-01-500586-index.htm,https://www.sec.gov/Archives/edgar/data/51143/000100547701500586/from10-q.txt,11.985962489932112,1.1765044298699805,1.9198020941203544,1.3278103785525257,2.1746634449430444,12.996778276377862,12.996778276377862,12.996778276377862,15.709354504659991,187603926000.0,211218926000.0,22.93446528117359,9.004700297590476,56.219336529817205,81.28419670710572,8.304365720862291,8.304365720862291,10.138184026111164,59.26456958473625,63.29605214264309,91.51599913344889,0.0109006247555821,0.0123025143940751,1.208711433756806,0.3253037884203002,6.625982042648709,1.3547697752846506,0.0,1.5755429650613786,0.0013219339556891,0.1212713936430317,0.0,0.0616300278391091,0.0,0.3083608031165717,0.0493904195065757,0.9865771812080536,0.0,18.548376272990065,0.0286658129006188,0.0243626399809387,-20.24292371418709,10625000000.0,22591000000.0,-20775000000.0,27236000000.0,27002000000.0,17660500000.0,4935000000.0,114.92992224248825,122.5756986066786,34.032848135751536,0.7830858861116331,0.7342401554552209,2.644503911074516,0.0905227745562392,0.5919917155678288,2001-07-18,1.15,bmo,19800909090.0,2025-04-25,2001-06-30,0.0521739130434783,106.67015873015872,8784264.952380951
2001-03-31,IBM,USD,51143,2001-05-15,2001-05-15 00:00:00,2001,Q1,21044000000.0,13436000000.0,7608000000.0,0.3615282266,1203000000,0.0,0.0,3808000000.0,0.0,5011000000.0,18447000000.0,0.0,0.0,1233000000.0,3830000000.0,0.1819996198,2597000000.0,0.1234080973,-108000000.0,2489000000.0,0.1182759932,739000000.0,1750000000.0,0.0831590952,1.0,0.98,1740900000,1781200000,https://www.sec.gov/Archives/edgar/data/51143/000100547701003309/0001005477-01-003309-index.htm,https://www.sec.gov/Archives/edgar/data/51143/000100547701003309/0001005477-01-003309-0001.txt,12.088000459532426,1.0052271813429836,1.1114940547992418,0.3785398357171577,2.2212648630018954,12.330403814119132,12.330403814119132,12.330403814119132,16.562123039806995,159936483000.0,184976483000.0,22.848069,7.600098983083064,82.65451317829458,242.6957253414264,7.450688670455604,7.450688670455604,8.789986837103212,48.2967318537859,95.59508165374676,280.6926904400607,0.010941843706792,0.0041203857158719,1.3431938880089445,0.3400518929118999,6.537859007832898,1.2757583125645855,0.0,1.1057142857142856,0.001463080815651,0.1337142857142857,0.0,0.0571659380345941,0.0,0.6594315245478036,0.06063486029272,1.034874290348743,0.0,16.69982886424212,0.029076309915672,0.0206392263238589,-20.9097305991154,9073000000.0,21466000000.0,-21349000000.0,25587000000.0,29062500000.0,13008000000.0,4888500000.0,117.17876829500096,119.39267639178328,33.57249181303959,0.7680572283659988,0.7538150807899462,2.6807661612130884,0.0815242709400913,0.732954219082084,2001-04-18,0.98,bmo,19902820000.0,2025-04-25,2001-03-31,0.0204081632653061,98.42016129032258,10299392.274193548
2000-12-31,IBM,USD,51143,2001-03-13,2001-03-13 00:00:00,2000,Q4,25616000000.0,15947000000.0,9669000000.0,0.3774594004,1449000000,0.0,0.0,4340000000.0,0.0,5789000000.0,21736000000.0,0.0,0.0,1364000000.0,5861000000.0,0.2288023111,3880000000.0,0.1514678326,-93000000.0,3787000000.0,0.1478372892,1117000000.0,2670000000.0,0.1042317302,1.53,1.53,1740900000,1740900000,https://www.sec.gov/Archives/edgar/data/51143/000091205701007563/0000912057-01-007563-index.htm,https://www.sec.gov/Archives/edgar/data/51143/000091205701007563/a2039641z10-k.txt,14.714228272732496,1.5336894709632949,2.714687805158252,0.6008386466770061,2.137974610833477,11.846745936010109,11.846745936010109,11.846745936010109,16.414498248032626,141343671000.0,166356671000.0,13.234426123595505,5.517788530605872,29.907674777824795,135.12779254302103,6.853358756788208,6.853358756788208,6.494248555590256,28.3836667804129,35.20031125687685,159.04079445506693,0.0188901277369539,0.0074004021021924,1.385570209464701,0.3234445211603979,4.267701757379287,1.205295830357633,0.0,1.7700374531835206,0.0016626142390202,0.0880149812734082,0.0,0.0565662086196127,0.0,0.7786711807024969,0.1436602123672704,2.697947214076246,0.0,20.21899265326559,0.0440170086248965,0.0302210551336178,-22.158653569992538,7474000000.0,20624000000.0,-23845000000.0,24188000000.0,28715000000.0,13253500000.0,4837000000.0,107.95362273579012,46.23314730043269,26.89220543048849,0.8336913363275402,1.9466552734375,3.346694648478489,0.1294608223429014,2.113849158481245,2001-01-17,1.46,bmo,25265095890.0,2025-04-25,2000-12-31,0.0136986301369863,93.93396825396826,8669356.0
2000-09-30,IBM,USD,51143,2000-11-13,2000-11-13 00:00:00,2000,Q3,21781000000.0,13980000000.0,7801000000.0,0.3581561912,1261000000,0.0,0.0,3726000000.0,0.0,4987000000.0,18967000000.0,0.0,0.0,1165000000.0,3979000000.0,0.1826821542,2814000000.0,0.1291951701,-10000000.0,2804000000.0,0.1287360544,841000000.0,1963000000.0,0.0901244204,1.11,1.08,1758100000,1809800000,https://www.sec.gov/Archives/edgar/data/51143/000100547700007765/0001005477-00-007765-index.htm,https://www.sec.gov/Archives/edgar/data/51143/000100547700007765/0001005477-00-007765-0001.txt,12.38894260849781,1.1165462715431431,1.1734258574597578,0.6444457084352426,1.7251578408509185,11.11825265912064,11.11825265912064,11.11825265912064,16.706103179568853,188925426000.0,215416426000.0,24.06080310748854,8.673863734447455,91.57800581677168,166.74794880847307,9.665187803755051,9.665187803755051,9.890107249437584,54.138332746921336,104.41901405719824,190.1292374227714,0.0103903431187711,0.0059970752692652,1.5025835166521715,0.3501716820067719,6.657702940437296,1.2201938315250518,0.0,1.0509424350483954,0.0012491701355221,0.1202241467142129,0.0,0.0578944952022404,0.0,0.4507998061076103,0.0426977641063312,0.7982832618025751,0.0,16.71274902383971,0.0318981964291319,0.0234035957842529,-22.07695807974518,7225000000.0,19547000000.0,-24292000000.0,23554000000.0,26452500000.0,18086000000.0,4834000000.0,110.34204122859371,117.9077253218884,31.60300429184549,0.8156455961653685,0.7633087633087633,2.8478305153799144,0.1004246175883767,0.5289801490245151,2000-10-17,1.08,bmo,21781000000.0,2025-04-25,2000-09-30,0.0,113.02603174603176,6302579.888888889
2000-06-30,IBM,USD,51143,2000-08-14,2000-08-14 00:00:00,2000,Q2,21651000000.0,13708000000.0,7943000000.0,0.3668652718,1269000000,0.0,0.0,3867000000.0,0.0,5136000000.0,18844000000.0,0.0,0.0,1238000000.0,4045000000.0,0.1868273983,2807000000.0,0.1296475913,-34000000.0,2773000000.0,0.1280772251,832000000.0,1941000000.0,0.0896494388,1.1,1.06,1767600000,1818000000,https://www.sec.gov/Archives/edgar/data/51143/000100547700005771/0001005477-00-005771-index.htm,https://www.sec.gov/Archives/edgar/data/51143/000100547700005771/0001005477-00-005771-0001.txt,12.248811948404615,1.0980991174473862,0.8429508938673909,0.3569812174700158,1.8448744059742024,10.847476804706949,10.847476804706949,10.847476804706949,16.504865354152525,184979340000.0,211166340000.0,23.8252627511592,8.54368574199806,124.14720805369129,293.15267828843105,9.647404819025764,9.647404819025764,9.753191076624637,52.204286773794806,141.72237583892618,334.653470681458,0.0104930637118718,0.0034111917579552,1.5215395848544904,0.3517100869208791,6.473918417799752,1.1646388281849862,0.0,0.7676455435342607,0.0012812241626551,0.1221020092735703,0.0,0.0586116114729111,0.0,0.5765100671140939,0.0396748418086924,0.6938610662358643,0.0,16.37104474002936,0.0319989377201246,0.0233999204330371,-21.77175265897262,5575000000.0,19174000000.0,-24338000000.0,22209000000.0,25760500000.0,17871000000.0,4914500000.0,108.913676042677,117.2402976364167,31.24525824336154,0.826342506011221,0.7676541412331299,2.8804370666106327,0.1012308334202566,0.485969676397375,2000-07-19,1.0,bmo,20425471698.0,2025-04-25,2000-06-30,0.06,106.98857142857142,7118411.507936508
2000-03-31,IBM,USD,51143,2000-05-12,2000-05-12 00:00:00,2000,Q1,19348000000.0,12337000000.0,7011000000.0,0.3623630349,1172000000,0.0,0.0,3706000000.0,0.0,4878000000.0,17215000000.0,0.0,0.0,1228000000.0,3361000000.0,0.1737130453,2133000000.0,0.1102439529,37000000.0,2170000000.0,0.1121562952,651000000.0,1519000000.0,0.0785094067,0.85,0.83,1777200000,1830000000,https://www.sec.gov/Archives/edgar/data/51143/000100547700003871/0001005477-00-003871-index.html,https://www.sec.gov/Archives/edgar/data/51143/000100547700003871/,10.886788206167004,0.8547152824668017,0.5598694575737114,0.159239252757146,2.0290344361917625,10.98244429439568,10.98244429439568,10.98244429439568,15.833333333333334,200308212000.0,225162212000.0,32.96711849901251,10.352915650196405,201.31478592964825,707.8028692579505,10.262742699047031,10.262742699047031,11.637492867479844,66.99262481404344,226.29368040201004,795.6261908127209,0.0075833136586531,0.0014128227553646,1.4416948457833794,0.3399908172635445,7.394822969354359,1.099070511920474,0.0,0.6550362080315998,0.0011032997488889,0.1454904542462146,0.0,0.0605747364068637,0.0,0.7155778894472362,0.0367996692164564,0.5798045602605864,0.0,14.532873665877547,0.0244782530288374,0.0183533903629597,-21.44665766374072,3528000000.0,19518000000.0,-24107000000.0,20487000000.0,26469000000.0,12142500000.0,4969000000.0,117.77961546413066,130.47337278106508,36.98630136986301,0.7641390205371248,0.689795918367347,2.433333333333333,0.0778255968849267,0.4006302048165653,2000-04-18,0.78,bmo,18182457831.0,2025-04-25,2000-03-31,0.064102564102564,108.67492063492064,8360369.571428572
1999-12-31,IBM,USD,51143,2000-03-13,2000-03-13 00:00:00,1999,Q4,24182000000.0,15299000000.0,8883000000.0,0.3673393433,1416000000,0.0,0.0,4445000000.0,0.0,5861000000.0,21160000000.0,0.0,0.0,1256000000.0,4835000000.0,0.1999421057,3022000000.0,0.1249689852,-37000000.0,2985000000.0,0.1234389215,896000000.0,2089000000.0,0.0863865685,1.18,1.18,1777200000,1777200000,https://www.sec.gov/Archives/edgar/data/51143/000091205700011206/0000912057-00-011206-index.html,https://www.sec.gov/Archives/edgar/data/51143/000091205700011206/,13.606797209092957,1.1754445194688274,1.8855503038487509,0.1693675444519468,3.2810038262435293,11.541188386225524,11.168129642133694,11.541188386225524,15.95431015079901,183122688000.0,206433688000.0,21.91511345141216,7.572685799354892,54.6471763652641,608.381023255814,8.928023402076935,8.928023402076935,8.536667273178397,42.6956955532575,61.603607281408536,685.8262059800664,0.0114076525569567,0.0016437067590445,1.382380186241529,0.3240642322418424,4.821302998965874,1.0903784931022285,0.0,1.60411680229775,0.0012177628148402,0.1067496409765438,0.0,0.0585559507071375,0.0075775758614777,0.9101760668457176,0.1261268712265321,2.428343949044586,0.0,17.470993083588198,0.034030505130498,0.0240579509858116,-21.38504388926401,3577000000.0,19848000000.0,-23829000000.0,21830000000.0,27214500000.0,13152000000.0,4999000000.0,102.78802415019436,37.649519576442906,28.637165827831883,0.8755883843869939,2.39046875,3.1427691043549717,0.1018477889912729,1.716182759396804,2000-01-19,1.06,bmo,22813207547.0,2025-04-25,1999-12-31,0.0566037735849057,100.16953125,11108617.6875
1999-09-30,IBM,USD,51143,1999-11-12,1999-11-12 00:00:00,1999,Q3,21144000000.0,13580000000.0,7564000000.0,0.3577374196,1383000000,0.0,0.0,3501000000.0,0.0,4884000000.0,18464000000.0,0.0,0.0,1457000000.0,4137000000.0,0.1956583428,2680000000.0,0.1267499054,-51000000.0,2629000000.0,0.1243378736,867000000.0,1762000000.0,0.0833333333,0.97,0.93,1805200000,1869600000,https://www.sec.gov/Archives/edgar/data/51143/000100547799005197/0001005477-99-005197-index.html,https://www.sec.gov/Archives/edgar/data/51143/000100547799005197/,11.712829603368048,0.976069133614004,1.7948149789497008,1.1200974961223134,3.338134278750277,11.116773764679811,11.116773764679811,11.116773764679811,15.457013073343674,208626964000.0,231947964000.0,29.600874574347333,9.866958191449111,64.39103827160494,103.17851829871414,10.396001793900735,10.396001793900735,10.969918842224743,56.06670630891951,71.58887777777778,114.71214836795252,0.0084456964057627,0.0096919399162612,1.3904225632848315,0.3268286969253294,5.6371766980904034,1.1349727354544974,0.0,1.8388195232690123,0.001068893472466,0.126560726447219,0.0,0.0654086265607264,0.0,0.3759259259259259,0.0576049943246311,0.8359643102264928,0.0,15.625032610659188,0.0291148275725979,0.0206383601756954,-20.27905495235985,5099000000.0,20068000000.0,-22430000000.0,22562000000.0,26418500000.0,18877500000.0,5084500000.0,114.12173666288308,131.91163475699557,33.99852724594992,0.7886315318339487,0.6822749196141479,2.6471734892787526,0.0878014749850508,0.6747174828273875,1999-10-20,0.89,bmo,20909066666.0,2025-04-25,1999-09-30,0.0112359550561797,121.51078125,6695389.25
1999-06-30,IBM,USD,51143,1999-08-12,1999-08-12 00:00:00,1999,Q2,21905000000.0,13681000000.0,8224000000.0,0.3754393974,1293000000,0.0,0.0,2846000000.0,0.0,4139000000.0,17820000000.0,0.0,0.0,2468000000.0,6553000000.0,0.299155444,4085000000.0,0.1864871034,-42000000.0,4043000000.0,0.1845697329,1652000000.0,2391000000.0,0.1091531614,1.32,1.28,1812100000,1870600000,https://www.sec.gov/Archives/edgar/data/51143/000100547799003620/0001005477-99-003620-index.html,https://www.sec.gov/Archives/edgar/data/51143/000100547799003620/,12.088184978753931,1.3194636057612714,0.90723470007174,0.2461232823795596,3.995916340157828,10.572264223828707,10.572264223828707,10.572264223828707,16.02726118867612,223703745000.0,247281745000.0,23.39018663739021,10.212451266834057,136.07283759124087,501.5779035874439,11.676779674287504,11.676779674287504,11.288826523624744,37.73565466198688,150.41468673965937,554.4433744394619,0.0106882430600346,0.0019937082412277,1.5159724397118697,0.3484588527481493,3.598046696169693,1.208309001418203,0.0,0.6875784190715182,0.0010057945163144,0.0941028858218318,0.0,0.0590276192650079,0.0,0.7287104622871047,0.0546907098835882,0.4854132901134522,0.0,17.71633856532616,0.0389030175409035,0.0286872952835734,-19.26438938248441,7491000000.0,19158000000.0,-20737000000.0,24744000000.0,25137000000.0,17321000000.0,5140000000.0,106.93175074183976,117.43220524815436,33.14889262480813,0.8416583416583416,0.766399641476668,2.71502282198849,0.1248042593172565,0.6611114176921803,1999-07-19,0.88,bmo,21182857142.0,2025-04-25,1999-06-30,0.0340909090909091,104.01380952380951,10148689.222222222
1999-03-31,IBM,USD,51143,1999-05-13,1999-05-13 00:00:00,1999,Q1,20317000000.0,13059000000.0,7258000000.0,0.3572377812,1181000000,0.0,0.0,3937000000.0,0.0,5118000000.0,18177000000.0,0.0,0.0,1404000000.0,3544000000.0,0.174435202,2140000000.0,0.1053305114,-40000000.0,2100000000.0,0.1033617168,630000000.0,1470000000.0,0.0723532018,0.8,0.78,1823800000,1882900000,https://www.sec.gov/Archives/edgar/data/51143/000100547799002266/0001005477-99-002266-index.html,https://www.sec.gov/Archives/edgar/data/51143/,11.139927623642944,0.8060094308586467,1.0286215593815111,0.5038929707204738,2.93672551814892,10.037284789998903,10.037284789998903,10.037284789998903,16.445333918192784,154384670000.0,179522670000.0,26.255896258503405,7.598792636708176,82.29460021321962,167.9920239390642,8.433555664809353,8.433555664809353,8.836081606536398,50.6553809255079,95.69438699360342,195.3456692056583,0.0095216707721045,0.0059526635643292,1.6384245602534688,0.3668823622952624,7.093115124153499,1.1959075748925814,0.0,1.276190476190476,0.0013472840276175,0.1414965986394558,0.0,0.0581286607274696,0.0,0.5101279317697228,0.047103410936654,0.6816239316239316,0.0,13.491786001914138,0.0240921226157161,0.0179814314197991,-20.4422085755017,6520000000.0,18306000000.0,-23644000000.0,25386000000.0,25514500000.0,11521500000.0,5220500000.0,107.41349608702072,115.72019297036526,36.11991729841488,0.8378835367865392,0.7777380739681973,2.4917000572409846,0.0803015404785316,0.5247285886610374,1999-04-21,0.7,bmo,18233205128.0,2025-04-25,1999-03-31,0.1142857142857144,84.83868852459017,11678673.426229509
1998-12-31,IBM,USD,51143,1999-03-29,1999-03-29 00:00:00,1998,Q4,22539000000.0,15322000000.0,7217000000.0,0.3202005413,1407000000,0.0,0.0,5074000000.0,0.0,6481000000.0,21803000000.0,0.0,0.0,1345000000.0,5262000000.0,0.2334619992,736000000.0,0.03265451,2566000000.0,3302000000.0,0.1465016194,956000000.0,2346000000.0,0.1040862505,1.29,1.29,1823800000,1823800000,https://www.sec.gov/Archives/edgar/data/51143/000104746999011848/0001047469-99-011848-index.html,https://www.sec.gov/Archives/edgar/data/51143/,12.35826296743064,1.2863252549621669,1.4979712687794715,-0.0345432613225134,3.1626274810834523,10.6552253536572,10.326790218225682,10.6552253536572,16.12731659173155,160585590000.0,184623590000.0,17.112701406649617,7.124787701317716,58.77949853587115,-2548.977619047619,8.26355117583492,8.26355117583492,8.191294644837837,35.08620106423413,67.57818081991215,-2930.5331746031748,0.0146090318564698,-0.0003923141547133,1.5135594092523028,0.3416144018583043,4.568225009502091,1.1502430282129958,0.0,1.1645353793691389,0.0013139410578495,0.0899403239556692,0.0,0.0624251297750565,0.0069570267131242,1.0230600292825769,0.1240072762766759,2.0780669144981414,0.0,17.560948808898537,0.0082768079780894,0.0274382755757242,-20.95254413861169,5533000000.0,18834000000.0,-24307000000.0,25763000000.0,25166000000.0,11368500000.0,5374000000.0,106.93863969120191,36.723665317843626,30.544315363529563,0.8416041223255293,2.4507357645553425,2.9465384615384616,0.1207224823753409,1.532514530101985,1999-01-21,1.22,bmo,22169508196.0,2025-04-25,1998-12-31,0.0163934426229508,74.0278125,8637122.203125
1998-09-30,IBM,USD,51143,1998-11-13,1998-11-13 00:00:00,1998,Q3,20095000000.0,12628000000.0,7467000000.0,0.3715849714,1240000000,0.0,0.0,4057000000.0,0.0,5297000000.0,17925000000.0,0.0,0.0,1310000000.0,3480000000.0,0.1731774073,2170000000.0,0.1079870615,-38000000.0,2132000000.0,0.1060960438,638000000.0,1494000000.0,0.0743468525,0.8,0.78,1856800000,1909000000,https://www.sec.gov/Archives/edgar/data/51143/000100547798003153/0001005477-98-003153-index.html,https://www.sec.gov/Archives/edgar/data/51143/,10.822382593709609,0.8046100818612667,1.7239336492890995,0.8773158121499354,3.160814304179233,10.036083584661784,10.036083584661784,10.036083584661784,15.33606204222318,113951816000.0,136874816000.0,19.068242302543503,5.670655187857676,35.598817869415804,69.95200491098834,6.114935122082104,6.114935122082104,6.811386713112714,39.33184367816092,42.76001749453296,84.02382811540822,0.0131108046579968,0.0142955159222736,1.5280922994365442,0.3572046814435705,6.587068965517242,1.2313404417364813,0.0,2.142570281124498,0.0018516598278697,0.1412315930388219,0.0,0.0617068922617566,0.0,0.4910965323336457,0.078228415028614,1.2,0.0,13.47926243453171,0.0247482019045576,0.0187408271553832,-18.729938604049977,7290000000.0,18635000000.0,-22282000000.0,26295000000.0,22568000000.0,15754000000.0,5584500000.0,105.47847723314256,117.4889135254989,39.540703199239786,0.8532546388688378,0.7660297239915075,2.276135544340302,0.0801717198819425,0.8466178371391642,1998-10-20,0.77,bmo,19837371794.0,2025-04-25,1998-09-30,0.0129870129870129,59.79453125,9032698.875
1998-06-30,IBM,USD,51143,1998-08-13,1998-08-13 00:00:00,1998,Q2,18823000000.0,11677000000.0,7146000000.0,0.3796419274,1220000000,0.0,0.0,3812000000.0,0.0,5032000000.0,16709000000.0,0.0,0.0,1114000000.0,3228000000.0,0.1714923232,2114000000.0,0.1123094087,-31000000.0,2083000000.0,0.1106624874,631000000.0,1452000000.0,0.0771396696,0.77,0.75,1879200000,1928600000,https://www.sec.gov/Archives/edgar/data/51143/000100547798002456/0001005477-98-002456-index.html,https://www.sec.gov/Archives/edgar/data/51143/,10.01649638143891,0.7726692209450831,1.2766070668369518,0.5715197956577267,2.911345253299276,9.885589612601107,9.885589612601107,9.885589612601107,14.825989782886335,103036536000.0,125813536000.0,17.74045041322314,5.473969930404293,42.94978574406003,95.9371843575419,5.546457232061151,5.546457232061151,6.684032088402486,38.9756926889715,52.444158399333055,117.14481936685289,0.0140920886548437,0.0104234870628802,1.4997577649781988,0.3613056333644568,7.056071871127633,1.2316472545757071,0.0,1.6522038567493114,0.0020866384716194,0.1480716253443526,0.0,0.0648143229028316,0.0,0.5523134639433097,0.0703926047920097,1.189407540394973,0.0,13.109597383306792,0.024424597110616,0.0188297541238717,-18.12726160068114,6961000000.0,18577000000.0,-21524000000.0,25414000000.0,21817500000.0,15189500000.0,5506500000.0,103.20618392392286,115.78915817418856,43.32362764408666,0.8720407690525828,0.7772748452373028,2.077388365059598,0.078161167034505,0.7050872711792252,1998-07-20,0.75,bmo,18334090909.0,2025-04-25,1998-06-30,0.0266666666666666,54.82238095238095,8165834.142857143
1998-03-31,IBM,USD,51143,1998-05-14,1998-05-14 00:00:00,1998,Q1,17618000000.0,11168000000.0,6450000000.0,0.3661028494,1179000000,0.0,0.0,3719000000.0,0.0,4898000000.0,16066000000.0,0.0,0.0,1223000000.0,2775000000.0,0.1575093654,1552000000.0,0.0880917244,-29000000.0,1523000000.0,0.0864456806,487000000.0,1036000000.0,0.0588034964,0.54,0.53,1900400000,1946600000,https://www.sec.gov/Archives/edgar/data/51143/000100547798001597/0001005477-98-001597-index.html,https://www.sec.gov/Archives/edgar/data/51143/,9.270679856872237,0.545148389812671,0.4951589139128604,-0.0720900862976215,3.0988213007787837,9.926857503683436,9.926857503683436,9.926857503683436,14.57377394232793,94278844000.0,116479844000.0,22.750686293436296,5.351279600408673,100.19005738575984,-688.1667445255474,4.997553352769679,4.997553352769679,6.611411283914179,41.97471855855856,123.7830435706695,-850.2178394160584,0.0109886794963247,-0.0014531361882205,1.4681155579114762,0.3553320332546443,8.00036036036036,1.2527007201920513,0.0,0.9083011583011584,0.0020895461976602,0.1901544401544401,0.0,0.0669201952548529,0.0,1.1455897980871412,0.0611874219548189,0.8814390842191333,0.0,11.034547278467716,0.0174157748377845,0.0132915939648978,-17.868080404125447,7579000000.0,18865000000.0,-21508000000.0,25802000000.0,22938000000.0,10285500000.0,5265500000.0,112.64048132591668,123.75,43.45272206303725,0.7990022675736962,0.7272727272727273,2.0712166172106823,0.0549165120593692,0.567249000210482,1998-04-20,0.53,bmo,17618000000.0,2025-04-25,1998-03-31,0.0,48.51639344262295,8748894.62295082
1997-12-31,IBM,USD,51143,1998-03-30,1998-03-30 00:00:00,1997,Q4,23723000000.0,14205000000.0,9518000000.0,0.4012140117,1425000000,0.0,0.0,5060000000.0,0.0,6485000000.0,20690000000.0,0.0,0.0,1415000000.0,5105000000.0,0.2151920078,3033000000.0,0.1278506091,-21000000.0,3012000000.0,0.1269653922,919000000.0,2093000000.0,0.0882266155,1.1,1.1,1900400000,1900400000,https://www.sec.gov/Archives/edgar/data/51143/000104746998012291/0001047469-98-012291-index.html,https://www.sec.gov/Archives/edgar/data/51143/,12.483161439696906,1.1013470848242477,1.9858977057461584,0.2852031151336561,3.974426436539676,10.427278467691012,9.996316564933698,10.427278467691012,14.16859608503473,94962988000.0,114782988000.0,11.342927376970856,4.002992370273574,25.16242395336513,175.20846494464945,4.792237989503431,4.792237989503431,4.838468490494457,22.484424681684622,30.41414626391097,211.77673062730628,0.0220401657959625,0.0057074867947499,1.3588009689140088,0.3303844218947471,3.882468168462292,1.206255409317456,0.0,1.80315336837076,0.0020955532696591,0.0950788342092689,0.0,0.0600682881591704,0.0100492030577062,0.8563857975622682,0.1362390928634658,2.2840989399293288,0.0,16.07455090254307,0.034425412914999,0.0259419930589985,-17.728372974110712,6911000000.0,18997000000.0,-21265000000.0,26077000000.0,22783500000.0,10523000000.0,5560000000.0,90.39076002191965,33.04118268215417,32.55966209081309,0.9956769915218668,2.723873441994247,2.764156450671337,0.1056217198223657,1.7006945906125026,1998-01-20,1.07,bmo,23501289719.0,2025-04-25,1997-12-31,0.0093457943925233,49.1721875,9276040.859375
1997-09-30,IBM,USD,51143,1997-11-10,1997-11-10 00:00:00,1997,Q3,18605000000.0,11507000000.0,7098000000.0,0.3815103467,1162000000,0.0,0.0,3932000000.0,0.0,5094000000.0,16601000000.0,0.0,0.0,1177000000.0,3181000000.0,0.1709755442,2004000000.0,0.1077129804,-21000000.0,1983000000.0,0.1065842515,624000000.0,1359000000.0,0.0730448804,0.69,0.68,1956000000,1956000000,https://www.sec.gov/Archives/edgar/data/51143/000100547797002469/0001005477-97-002469-index.html,https://www.sec.gov/Archives/edgar/data/51143/,9.511758691206545,0.6947852760736196,1.102760736196319,0.4222903885480573,3.315950920245399,10.100204498977504,10.100204498977504,10.100204498977504,13.364519427402865,99012720000.0,119227720000.0,18.214260485651213,5.321833915614082,45.90297635605007,119.8701210653753,5.011779712492407,5.011779712492407,6.40836979306638,37.48120716755737,55.27478905887807,144.34348668280873,0.0137255092073018,0.0083423624762555,1.3231929540392793,0.333886809804197,6.354919836529393,1.248447204968944,0.0,1.58719646799117,0.0020300422006384,0.1479028697571744,0.0,0.0624563289438323,0.0,0.617060732498841,0.0715399086267132,1.1308411214953271,0.0,12.565554140287537,0.0228058622500416,0.0173578736285491,-16.745782208588956,7600000000.0,19756000000.0,-20347000000.0,25521000000.0,21763000000.0,15934000000.0,5947000000.0,105.17011556033324,123.81941426957503,46.77935169896585,0.8557564049491744,0.7268650116859326,1.923925764922254,0.0687892285887831,0.6804703476482618,1997-10-20,0.68,bmo,18335362318.0,2025-04-25,1997-09-30,0.014705882352941,48.68734375,8751111.328125
1997-06-30,IBM,USD,51143,1997-08-14,1997-08-14 00:00:00,1997,Q2,18872000000.0,11471000000.0,7401000000.0,0.3921682916,1221000000,0.0,0.0,3958000000.0,0.0,5179000000.0,16650000000.0,0.0,0.0,1213000000.0,3435000000.0,0.1820156846,2222000000.0,0.117740568,-42000000.0,2180000000.0,0.1155150487,734000000.0,1446000000.0,0.0766214498,0.73,0.72,1973800000,1973800000,https://www.sec.gov/Archives/edgar/data/51143/000091205797027788/0000912057-97-027788-index.html,https://www.sec.gov/Archives/edgar/data/51143/,9.561252406525483,0.7325970209747695,1.309656500151991,0.5542608166987537,3.4760360725504102,10.18796230621137,10.18796230621137,10.18796230621137,13.022089370756916,85070780000.0,104270780000.0,14.707949515905948,4.507777660025434,32.90939264990329,77.76122486288848,4.230482868367398,4.230482868367398,5.525157905892328,30.35539446870451,40.3368588007737,95.31149908592322,0.0169976106954702,0.0128598797377901,1.278183897757223,0.3261015744934597,5.5895196506550215,1.1867379219263492,0.0,1.7876901798063625,0.0023744933336687,0.1396957123098202,0.0,0.0646990250105977,0.0,0.57678916827853,0.0790059347181008,1.2291838417147567,0.0,12.958880885130784,0.0244469664874656,0.0183458303201004,-16.492932414631674,6080000000.0,20109000000.0,-20071000000.0,23727000000.0,21597500000.0,15907000000.0,5849500000.0,103.89200932598558,125.8242524627321,46.39264231540406,0.8662841404636218,0.7152834071210327,1.9399627938440724,0.0719081008503655,0.7553956834532374,1997-07-21,0.71,bmo,18354958904.0,2025-04-25,1997-06-30,0.028169014084507,38.708125,12550036.4375
1997-03-31,IBM,USD,51143,1997-05-13,1997-05-13 00:00:00,1997,Q1,17308000000.0,10716000000.0,6592000000.0,0.3808643402,1069000000,0.0,0.0,3684000000.0,0.0,4753000000.0,15469000000.0,0.0,0.0,1196000000.0,3035000000.0,0.1753524382,1839000000.0,0.1062514444,13000000.0,1852000000.0,0.1070025422,657000000.0,1195000000.0,0.069043217,0.59,0.58,2006800000,2006800000,https://www.sec.gov/Archives/edgar/data/51143/000100547797001362/0001005477-97-001362-index.html,https://www.sec.gov/Archives/edgar/data/51143/,8.62467610125573,0.5954753836954355,0.173908710384692,-0.3508072553318716,3.2205501295594976,9.941698226031493,9.941698226031493,9.941698226031493,11.78243970500299,65762836000.00001,83448836000.0,13.75791548117155,3.7995629766581938,188.4321948424069,-93.41311931818184,3.2962175329557417,3.2962175329557417,4.821402588398429,27.49549785831961,239.10841260744985,-118.5352784090909,0.0181713574517984,-0.0107051344318544,1.1851536263846425,0.3089759169966156,5.827347611202636,1.1945840402035786,0.0,0.2920502092050209,0.0027523143922807,0.1514644351464435,0.0,0.0617633464293968,0.0,3.017191977077364,0.0608389184192281,0.8804347826086957,0.0,11.541266079981542,0.0202739115832888,0.0156154037137219,-15.528453258919674,6079000000.0,19951000000.0,-19256000000.0,23141000000.0,22288500000.0,10272000000.0,5828000000.0,111.33002079963023,132.50559910414333,48.59462486002239,0.8084072863148062,0.6792165810990682,1.8520566885585896,0.059896747030224,0.5247159657165636,1997-04-23,0.58,bmo,17014644067.0,2025-04-25,1997-03-31,0.0172413793103448,35.62967213114754,17224098.590163935
1996-12-31,IBM,USD,51143,1997-03-27,1997-03-27 00:00:00,1996,Q4,21519000000.0,12198000000.0,9321000000.0,0.4331520981,1767000000,0.0,0.0,5093000000.0,0.0,6860000000.0,19058000000.0,0.0,0.0,1304000000.0,4472000000.0,0.2078163483,2461000000.0,0.1143640504,426000000.0,2887000000.0,0.1341605093,864000000.0,2023000000.0,0.0940099447,1.01,1.01,2006800000,2006800000,https://www.sec.gov/Archives/edgar/data/51143/000091205797010483/0000912057-97-010483-index.html,https://www.sec.gov/Archives/edgar/data/51143/,10.72304165836157,1.0080725533187165,2.143711381303568,0.5082718756228822,4.054713972493522,10.777356986246762,10.062288220051824,10.777356986246762,11.375822204504685,72606024000.0,87748024000.0,8.97256846267919,3.374042659974906,16.877271966527196,71.18237647058824,3.357038283706306,3.357038283706306,4.0776998931177095,19.62165116279069,20.397030218503023,86.02747450980392,0.027862701860661,0.0140484211062156,1.0555298686887369,0.2813809594241483,3.3859570661896243,1.1969117647058825,0.0,2.126544735541275,0.0025479979457351,0.0914483440434997,0.0,0.0821134811097169,0.0176872257555588,0.7629009762900977,0.1525163808727171,2.516871165644172,0.0,15.634834503151744,0.028698932053466,0.0253836405385397,-15.47575742475583,6695000000.0,20193000000.0,-18809000000.0,25537000000.0,22271500000.0,10130500000.0,6518000000.0,96.89251359263906,35.172159370388584,43.31037875061485,0.9288643328872966,2.5588420390182507,2.078023850085179,0.093536156833734,1.6354395056806856,1997-01-21,0.99,bmo,21736363636.0,2025-04-25,1996-12-31,-0.0101010101010101,33.88515625,13036851.28125
1996-09-30,IBM,USD,51143,1996-11-13,1996-11-13 00:00:00,1996,Q3,18062000000.0,10804000000.0,7258000000.0,0.4018381132,1115000000,0.0,0.0,4175000000.0,0.0,5290000000.0,16094000000.0,0.0,0.0,1196000000.0,3164000000.0,0.1751743993,1968000000.0,0.1089580334,11000000.0,1979000000.0,0.1095670468,694000000.0,1285000000.0,0.0711438379,0.62,0.6,2087200000,2087200000,https://www.sec.gov/Archives/edgar/data/51143/000100547796000435/0001005477-96-000435-index.html,https://www.sec.gov/Archives/edgar/data/51143/,8.653698735147566,0.6156573399770027,1.547527788424684,0.9860099655040244,3.354733614411652,10.23763894212342,10.23763894212342,10.23763894212342,11.082311230356458,62052456000.0,78377456000.0,12.072462256809338,3.435525191008748,19.2112866873065,30.151825072886297,2.903989891426432,2.903989891426432,4.339356438932565,24.77163590391909,24.26546625386997,38.08428377065112,0.0207082859057182,0.0331654882443331,1.0825065518532384,0.296566490589261,5.15960809102402,1.2673875961507517,0.0,2.513618677042801,0.0030296947472957,0.1463035019455253,0.0,0.0617318126453327,0.0,0.3628482972136223,0.0648876093455874,0.979933110367893,0.0,11.908599626821587,0.0211611357376553,0.016475203856608,-14.378593330778076,8308000000.0,21368000000.0,-17249000000.0,24984000000.0,21647500000.0,15184500000.0,6943000000.0,106.51312147049052,129.06886338393187,59.6945575712699,0.8449663173652695,0.6973021814896089,1.5076751325704716,0.0601366529389741,0.5615178229206592,1996-10-21,0.61,amc,,2025-04-25,1996-09-30,0.0,26.21828125,11515358.875
1996-06-30,IBM,USD,51143,1996-08-12,1996-08-12 00:00:00,1996,Q2,18183000000.0,10992000000.0,7191000000.0,0.3954792938,1116000000,0.0,0.0,3889000000.0,0.0,5005000000.0,15997000000.0,0.0,0.0,1298000000.0,3484000000.0,0.1916075455,2186000000.0,0.1202221856,-12000000.0,2174000000.0,0.1195622285,827000000.0,1347000000.0,0.0740801848,0.63,0.62,2135600000,2135600000,https://www.sec.gov/Archives/edgar/data/51143/000095011296002735/0000950112-96-002735-index.html,https://www.sec.gov/Archives/edgar/data/51143/,8.51423487544484,0.6307360929012924,0.7407754261097583,0.2144596366360741,2.986046076044203,10.080539426858962,10.080539426858962,10.080539426858962,10.796965723918335,51766944000.0,68928944000.0,9.607821826280622,2.846996865203762,32.72246776232617,113.02826200873362,2.404633221850613,2.404633221850613,3.7908455150415215,19.784427095292767,43.5707610619469,150.49987772925763,0.0260204658787661,0.0088473447457126,1.0710702341137124,0.2976224281694504,4.925947187141217,1.2712135557804696,0.0,1.1744617668893838,0.003708930548421,0.1425389755011135,0.0,0.0613760105593136,0.0,0.7104930467762326,0.0618159819611725,0.8659476117103235,0.0,11.96071073054504,0.0224151450987885,0.0173864780442471,-13.939759318224386,8307000000.0,21528000000.0,-17010000000.0,24644000000.0,21943500000.0,15365000000.0,6839000000.0,108.49199802012868,121.79312227074236,55.02183406113537,0.8295542679866782,0.7389579831932773,1.6357142857142857,0.0625696767001114,0.5263157894736842,1996-07-25,0.61,amc,,2025-04-25,1996-06-30,0.0327868852459016,25.631587301587302,13747240.825396825
1996-03-31,IBM,USD,51143,1996-05-14,1996-05-14 00:00:00,1996,Q1,16559000000.0,9790000000.0,6769000000.0,0.4087807235,1091000000,0.0,0.0,3697000000.0,0.0,4788000000.0,14578000000.0,0.0,0.0,1214000000.0,3195000000.0,0.192946434,1981000000.0,0.1196328281,-434000000.0,1547000000.0,0.0934235159,773000000.0,774000000.0,0.046741953,0.36,0.35,2177200000,2177200000,https://www.sec.gov/Archives/edgar/data/51143/000095011296001476/0000950112-96-001476-index.html,https://www.sec.gov/Archives/edgar/data/51143/,7.605640271908873,0.3555024802498622,0.5332537203747933,0.2576704023516443,2.9377181701267685,10.022046665441852,10.022046665441852,10.022046665441852,10.080378467756752,57390992000.0,73384992000.0,18.53714211886305,3.4658489039193188,49.43237898363479,102.30123351158645,2.630201283226397,2.630201283226397,4.431728486019687,22.96869859154929,63.20843410852713,130.8110374331551,0.0134864370352755,0.0097750531999865,1.005820348304308,0.2822184502224623,5.005946791862285,1.2809574047210863,0.0,1.5,0.0024568315529377,0.1821705426356589,0.0,0.065885621112386,0.0,0.5167958656330749,0.0362340721058034,0.4942339373970346,0.0,8.953457714857981,0.0165806291967347,0.0099529357302677,-13.593147161491824,8522000000.0,21820000000.0,-17092000000.0,24729000000.0,22685000000.0,10183000000.0,6640500000.0,119.39851440304366,145.755873340143,63.96527068437181,0.7537782228696286,0.6174708293913592,1.4070135096292038,0.0354720439963336,0.275583318023149,1996-04-17,0.6,amc,,2025-04-25,1996-03-31,-0.0833333333333332,26.07698412698413,18424798.41269841
1995-12-31,IBM,USD,51143,1996-03-26,1996-03-26 00:00:00,1995,Q4,21920000000.0,12769000000.0,9151000000.0,0.4174726277,3088000000,0.0,0.0,5392000000.0,0.0,8480000000.0,21249000000.0,0.0,0.0,1530000000.0,3148000000.0,0.1436131387,671000000.0,0.0306113139,1897000000.0,2568000000.0,0.1171532847,857000000.0,1711000000.0,0.0780565693,0.79,0.79,2177200000,2177200000,https://www.sec.gov/Archives/edgar/data/51143/000095011296000889/0000950112-96-000889-index.html,https://www.sec.gov/Archives/edgar/data/51143/,10.06797721844571,0.7858717618960133,1.7651111519382694,1.3949108947271724,3.5371118868271174,10.299007900055116,9.187947822891788,10.299007900055116,9.934319309204485,47506504000.0,61876504000.0,6.941336060783168,2.1672675182481758,12.361827738745772,15.642576226539347,2.118650671185836,2.118650671185836,2.822833211678832,19.65581448538755,16.101093937028363,20.37421929535726,0.0360161210768108,0.0639280886676064,0.9645899299826072,0.269379265680267,4.564803049555273,1.2857368554095046,0.0,2.246054938632379,0.0030101141519485,0.0835768556399766,0.0,0.1408759124087591,0.0301275344990783,0.2097319802237835,0.0367700729927007,0.526797385620915,0.0,13.494748548766616,0.0074248424841552,0.0219716718246375,-13.528844387286425,9043000000.0,20004000000.0,-17178000000.0,28041000000.0,22065000000.0,9822000000.0,6421500000.0,96.08485401459856,31.794972198292736,44.5665283107526,0.9366720793094608,2.8306362225670583,2.019452791396489,0.0763055790928956,0.3702002572110968,1996-01-18,0.88,amc,,2025-04-25,1995-12-31,0.0454545454545455,22.70380952380952,13162488.952380951
1995-09-30,IBM,USD,51143,1995-11-13,1995-11-13 00:00:00,1995,Q3,16754000000.0,9833000000.0,6921000000.0,0.4130953802,1035000000,0.0,0.0,3858000000.0,0.0,4893000000.0,14726000000.0,0.0,0.0,1320000000.0,3348000000.0,0.1998328757,2028000000.0,0.1210457204,-1791000000.0,237000000.0,0.0141458756,775000000.0,-538000000.0,-0.0321117345,-0.24,-0.24,2258400000,2258400000,https://www.sec.gov/Archives/edgar/data/51143/000095011295002932/0000950112-95-002932-index.html,https://www.sec.gov/Archives/edgar/data/51143/,7.41852639036486,-0.2382217499114417,0.9843251859723698,-0.5915692525681898,3.077842720510096,9.5926319518243,9.5926319518243,9.5926319518243,9.525327665603967,50972088000.0,66044088000.0,-23.685914498141265,3.0423831920735345,22.92941430499325,-38.15276047904192,2.352847488921713,2.352847488921713,3.941989256297003,19.72643010752688,29.70944129554656,-49.43419760479042,-0.0105547961857085,-0.0262104232418338,0.9929837518463812,0.2775670305282444,4.50179211469534,1.2972842569616765,0.0,-4.131970260223048,0.0028839312998125,-0.2732342007434944,0.0,0.0617762922287215,0.0,1.6009896536212325,0.2124268831323863,2.6962121212121213,0.0,,-0.0772916552436159,-0.0069417563417718,-13.319606801275238,8626000000.0,21664000000.0,-18196000000.0,25059000000.0,20919500000.0,15149500000.0,6341000000.0,111.34773785364688,138.51011898708433,59.676599206752776,0.808278656889232,0.6497720214101632,1.508128834355828,-0.0248338257016248,1.5758944385405598,1995-10-17,0.61,amc,,2025-04-25,1995-09-30,-0.0655737704918033,24.56730158730159,16157284.76190476
1995-06-30,IBM,USD,51143,1995-08-03,1995-08-03 00:00:00,1995,Q2,17531000000.0,9900000000.0,7631000000.0,0.4352860647,974000000,0.0,0.0,3883000000.0,0.0,4857000000.0,14757000000.0,0.0,0.0,1302000000.0,4076000000.0,0.2325024243,2774000000.0,0.1582339855,50000000.0,2824000000.0,0.1610860761,1108000000.0,1716000000.0,0.0978837488,0.75,0.73,2301600000,2301600000,https://www.sec.gov/Archives/edgar/data/51143/000095011295002045/0000950112-95-002045-index.html,https://www.sec.gov/Archives/edgar/data/51143/,7.616875217240181,0.7455683003128258,0.9458637469586376,0.6699687174139729,4.57464372610358,10.79509906152242,10.79509906152242,10.79509906152242,10.004779283976363,52752672000.00001,65886672000.00001,7.685412587412588,3.00910798014945,24.23181993569132,34.210552529182884,2.1231857039362474,2.1231857039362474,3.758295134333467,16.16454170755643,30.26489297197979,42.72806225680935,0.0325291579543117,0.0292307468330703,0.9267890203654512,0.282190169238122,3.222276741903827,1.461705632864804,0.0,1.268648018648019,0.0028245014773848,0.0868298368298368,0.0,0.0555587245450915,0.0,0.2916858061552595,0.0362215503964405,0.4877112135176651,0.0,13.457001238302562,0.026194523135033,0.0210291540544846,-11.866419012860618,13172000000.0,24846000000.0,-15054000000.0,30016000000.0,20937000000.0,15506500000.0,6186500000.0,108.3788717129656,137.87272727272727,56.018181818181816,0.8304201601061059,0.6527759461954371,1.6066212268743914,0.0690654431296788,0.2758950295446646,1995-07-18,0.6,amc,,2025-04-25,1995-06-30,0.2333333333333333,22.06793650793651,12487228.285714284
1995-03-31,IBM,USD,51143,1995-05-10,1995-05-10 00:00:00,1995,Q1,15735000000.0,9071000000.0,6664000000.0,0.4235144582,913000000,0.0,0.0,3633000000.0,0.0,4546000000.0,13617000000.0,0.0,0.0,1450000000.0,3568000000.0,0.2267556403,2118000000.0,0.1346043851,66000000.0,2184000000.0,0.1387988561,895000000.0,1289000000.0,0.0819192882,0.53,0.52,2340800000,2340800000,https://www.sec.gov/Archives/edgar/data/51143/000095011295001268/0000950112-95-001268-index.html,https://www.sec.gov/Archives/edgar/data/51143/,6.72206083390294,0.5506664388243335,1.0530587833219411,0.8108339029391661,4.481373889268626,10.289644565960357,10.289644565960357,10.289644565960357,9.6654989747095,45903088000.0,59456088000.0,8.902848719937937,2.9172601207499205,18.62194239350913,24.184977871443625,1.9057995516067423,1.9057995516067423,3.778588369876073,16.663701793721973,24.1201168356998,31.32565226554268,0.028080899481098,0.0413479807720125,0.9393423565556756,0.2797354104846686,3.7984865470852016,1.4711724632484762,0.0,1.91233514352211,0.003311324066041,0.1179208688906128,0.0,0.0580235144582141,0.0,0.2300202839756592,0.0360343183984747,0.3910344827586207,0.0,11.291086901750193,0.0198118217208175,0.0159371909000989,-11.802054853041696,13141000000.0,24086000000.0,-15763000000.0,29965000000.0,21148000000.0,9812500000.0,6272500000.0,118.75881792183031,157.22963289604232,61.62385624517693,0.7578384626499061,0.5724111819271787,1.460473353727258,0.0535165656397907,0.2422248803827751,1995-04-20,0.34,amc,,2025-04-25,1995-03-31,0.5588235294117647,18.44761904761905,10079270.031746032
1994-12-31,IBM,USD,51143,1995-03-28,1995-03-28 00:00:00,1994,Q4,19896000000.0,11810000000.0,8086000000.0,0.4064133494,1118000000,0.0,0.0,4947000000.0,0.0,6065000000.0,17875000000.0,0.0,0.0,1468000000.0,4866000000.0,0.2445717732,2021000000.0,0.1015782067,52000000.0,2073000000.0,0.1041917973,842000000.0,1231000000.0,0.061871733,0.53,0.53,2340800000,2340800000,https://www.sec.gov/Archives/edgar/data/51143/000095011295000774/0000950112-95-000774-index.html,https://www.sec.gov/Archives/edgar/data/51143/,8.499658236500341,0.5258885850991114,1.4640293916609706,0.0149521531100478,4.508714969241285,10.002136021872865,8.736329460013671,10.002136021872865,9.448906356801094,41081040000.0,55277040000.0,8.34302193338749,2.064788902291918,11.987464254449955,1173.744,1.7546252082176568,1.7546252082176568,2.778299155609168,11.359852034525275,16.129862853807996,1579.344,0.0299651615441089,0.000851974536185,0.9446888480758552,0.272755299601682,2.917385943279901,1.4144255115308286,0.0,2.78391551584078,0.0041381620328988,0.1380991064175467,0.0,0.0561921994370727,0.0365391967049364,0.98978698570178,0.17048652995577,2.310626702997275,0.0,10.878888091689817,0.0195348104591775,0.0157561949621134,-11.879378844839373,12112000000.0,20450000000.0,-16340000000.0,31739000000.0,20088500000.0,10168000000.0,6669000000.0,97.40500603136309,28.79085520745131,48.2692633361558,0.923977151349092,3.1259925886712545,1.86454057467635,0.0525776278136078,1.4490772385509227,1995-01-23,0.45,amc,,2025-04-25,1994-12-31,0.1555555555555555,17.241746031746032,9366236.015873017
1994-09-30,IBM,USD,51143,1994-11-09,1994-11-09 00:00:00,1994,Q3,15431000000.0,9277000000.0,6154000000.0,0.3988075951,1053000000,0.0,0.0,3885000000.0,0.0,4938000000.0,14215000000.0,0.0,0.0,1492000000.0,2708000000.0,0.175490895,1216000000.0,0.0788024107,-12000000.0,1204000000.0,0.0780247554,494000000.0,710000000.0,0.046011276,0.3,0.3,2345200000,2345200000,https://www.sec.gov/Archives/edgar/data/51143/000095011294002881/0000950112-94-002881-index.html,https://www.sec.gov/Archives/edgar/data/51143/,6.579822616407983,0.3027460344533515,1.735459662288931,1.5435783728466654,4.60685655807607,9.578287566092444,9.578287566092444,9.578287566092444,10.368838478594576,39000676000.0,53995676000.0,13.732632394366195,2.527423757371525,9.582475675675674,10.773667403314915,1.7362184926323287,1.7362184926323287,3.499168945628929,19.93931905465288,13.26675085995086,14.915932596685083,0.0182048126550421,0.0928189039595108,1.082535725415127,0.3075454039560884,5.537296898079764,1.4197312588401698,0.0,5.732394366197183,0.0042306958987069,0.2323943661971831,0.0,0.0682392586352148,0.0,0.1105651105651105,0.0291620763398353,0.3016085790884718,0.0,8.077452754023849,0.0117499575925826,0.0089796124854555,-12.07402353743817,11870000000.0,22463000000.0,-16455000000.0,28208000000.0,18741000000.0,16808000000.0,7078000000.0,108.73955025597824,160.63598145952355,67.94869030936725,0.8276657369663163,0.5602729798284817,1.324528840662479,0.0316075323865912,0.191881289442265,1994-10-20,0.23,amc,,2025-04-25,1994-09-30,0.3043478260869564,15.40671875,10542169.484375
1994-06-30,IBM,USD,51143,1994-08-11,1994-08-11 00:00:00,1994,Q2,15351000000.0,9247000000.0,6104000000.0,0.397628819,1091000000,0.0,0.0,3935000000.0,0.0,5026000000.0,14273000000.0,0.0,0.0,1509000000.0,2587000000.0,0.1685232232,1078000000.0,0.0702234382,115000000.0,1193000000.0,0.0777148069,504000000.0,689000000.0,0.0448830695,0.29,0.29,2336000000,2336000000,https://www.sec.gov/Archives/edgar/data/51143/000095011294002130/0000950112-94-002130-index.html,https://www.sec.gov/Archives/edgar/data/51143/,6.571489726027397,0.2949486301369863,1.0410958904109588,0.908818493150685,3.6690924657534247,9.232876712328768,9.232876712328768,9.232876712328768,10.808647260273972,32774080000.0,50642080000.0,11.891901306240928,2.1349801315875188,13.476184210526316,15.437626000942062,1.5195697329376854,1.5195697329376854,3.2989433913100124,19.57560108233475,20.823223684210525,23.85401789919925,0.0210227106298636,0.0647767992267059,1.1706695103857567,0.321230009796313,6.906841901816776,1.3587772925764192,0.0,3.5348837209302326,0.0051260020113455,0.2438316400580551,0.0,0.0710702885805485,0.0,0.1270559210526315,0.0201289818252882,0.2047713717693837,0.0,7.827678303099436,0.010319118942954,0.0087657917838195,-13.16673801369863,10270000000.0,21568000000.0,-18138000000.0,27006000000.0,18376500000.0,17747500000.0,7271000000.0,110.4436193081884,166.02357521358277,69.60960311452362,0.8148954241426903,0.5420916871848985,1.2929250559284116,0.031945474777448,0.1322773972602739,1994-07-21,0.17,amc,,2025-04-25,1994-06-30,0.6470588235294118,14.095322580645162,9882141.403225806
1994-03-31,IBM,USD,51143,1994-05-10,1994-05-10 00:00:00,1994,Q1,13373000000.0,8433000000.0,4940000000.0,0.3694010319,1100000000,0.0,0.0,3149000000.0,0.0,4249000000.0,12682000000.0,0.0,0.0,1826000000.0,2517000000.0,0.1882150602,691000000.0,0.0516712779,-6000000.0,685000000.0,0.0512226127,293000000.0,392000000.0,0.0293127944,0.16,0.16,2328400000,2328400000,https://www.sec.gov/Archives/edgar/data/51143/000095011294001226/0000950112-94-001226-index.html,https://www.sec.gov/Archives/edgar/data/51143/,5.743428964095516,0.1683559525854664,0.8928878199622058,0.676859646108916,3.844270743858443,8.8361106339117,8.8361106339117,8.8361106339117,11.543978697818243,30362336000.0,49130336000.0,19.363734693877547,2.270420698422193,14.60429822029822,19.26544162436548,1.4757624185865654,1.4757624185865654,3.6738455096089138,19.5194024632499,23.63171524771525,31.17407106598985,0.0129107325602351,0.0519064145789046,1.3064547487119669,0.3365259415064102,7.456495828367104,1.2482470678225397,0.0,5.303571428571429,0.0052367512170341,0.4056122448979591,0.0,0.0822552905107305,0.0,0.2419432419432419,0.0376131010244522,0.2754654983570646,0.0,5.785435680721237,0.0065427971912097,0.0049078525641025,-14.265482734925271,7789000000.0,20574000000.0,-20133000000.0,25066000000.0,18663500000.0,10918500000.0,7477500000.0,120.56756150452404,196.76627534685164,78.86872998932765,0.746469439017583,0.4573954547919943,1.1411366711772666,0.0190531739088169,0.2160281738532898,1994-04-21,0.02563,amc,,2025-04-25,1994-03-31,4.462348809988296,13.296031746031746,10134064.015873017
1993-12-31,IBM,USD,51143,1994-03-28,1994-03-28 00:00:00,1993,Q4,19396000000.0,10950000000.0,8446000000.0,0.4354506084,0,0.0,0.0,6914000000.0,1036000000.0,7950000000.0,18900000000.0,0.0,0.0,1036000000.0,1532000000.0,0.0789853578,496000000.0,0.0255722829,167000000.0,663000000.0,0.0341823056,281000000.0,268000000.0,0.0138172819,0.11,0.11,2318627840,2333333333,https://www.sec.gov/Archives/edgar/data/51143/000095011294000794/0000950112-94-000794-index.html,https://www.sec.gov/Archives/edgar/data/51143/,8.365292465391946,0.1155856042856795,2.5765238806069024,1.933039844807522,2.527788159396896,8.512793497726655,8.23418043664998,8.512793497726655,12.477638498466405,31278289561.6,54348289561.600006,29.177508919402985,1.6126154651268303,5.235736451556746,6.978645596073182,1.5846737035971223,1.5846737035971223,2.8020359641988044,35.4753848313316,9.09747063300971,12.125901285497546,0.008568243460762,0.1432942805639378,1.4657513425879014,0.3566752555077484,15.058746736292427,1.1825641025641025,0.0,15.638743455497382,0.0055949350956468,0.6529850746268657,0.0,0.0,0.0079641980940169,0.2497489119517911,0.0769230769230769,1.4401544401544402,0.0,4.705211851060867,0.0047582382424011,0.0033305578684429,-16.032111475035165,6052000000.0,19092000000.0,-22173000000.0,24219000000.0,19748500000.0,10549000000.0,8111000000.0,90.07424211177565,27.945205479452053,62.17808219178082,0.9991757675664538,3.2205882352941178,1.4474553866490416,0.0135778700982875,0.6434840357993804,1994-01-25,0.17,amc,,2025-04-25,1993-12-31,-0.0588235294117647,12.16546875,10621990.8125
1993-09-30,IBM,USD,51143,1993-09-30,1993-09-29 20:00:00,1993,Q3,14743000000.0,9141000000.0,5602000000.0,0.3799769382,1372000000,0.0,0.0,4259000000.0,0.0,5631000000.0,14772000000.0,0.0,0.0,1653000000.0,1624000000.0,0.1101539714,-29000000.0,-0.0019670352,-53000000.0,-82000000.0,-0.0055619616,-34000000.0,-48000000.0,-0.0032557824,-0.021,-0.0206,2290000000,2333333333,,,6.437991266375546,-0.0209606986899563,0.4183406113537118,0.2471615720524017,2.329257641921397,8.778602620087335,8.778602620087335,8.778602620087335,13.773362445414849,22968700000.0,49175700000.0,-119.62864583333332,1.557939361052703,23.975678496868472,40.58074204946996,1.1425508630552654,1.1425508630552654,3.3355287254968458,30.280603448275865,51.33162839248434,86.88286219081272,-0.0020898004675928,0.024642230513699,1.5689698055016663,0.3745205837301257,16.13731527093596,1.156699905169689,0.0,-19.95833333333333,0.0061823263832955,-2.958333333333333,0.0,0.0930611137488977,0.0,0.4091858037578288,0.0265888896425422,0.2371445856019358,0.0,,-0.0002588850386765,-0.0005699561846183,-17.199890829694322,5453000000.0,20103000000.0,-23862000000.0,24226000000.0,20126000000.0,18547500000.0,8459000000.0,122.61073051617716,174.25008204791598,85.23465703971118,0.7340303709235748,0.5164990394394847,1.0559085133418042,-0.0023877033278615,0.17117903930131,1993-10-26,-0.07,amc,,2025-04-25,1993-09-30,-0.5714285714285715,10.52796875,8025689.359375
1993-06-30,IBM,USD,51143,1993-06-30,1993-06-29 20:00:00,1993,Q2,15519000000.0,8472000000.0,7047000000.0,0.4540885366,0,0.0,0.0,14808000000.0,1073000000.0,15881000000.0,24353000000.0,0.0,0.0,1954000000.0,-6880000000.0,-0.443327534,-8834000000.0,-0.5692377086,-164000000.0,-8998000000.0,-0.5798053998,-962000000.0,-8036000000.0,-0.5178168696,-3.53,-3.53,2277903683,2277903683,,,6.8128429291450425,-3.527804998943847,0.0127310036049491,-0.3687601044192174,2.6489267500780453,8.697470462801828,8.697470462801828,8.697470462801828,13.923766942695618,26856484422.57,52539484422.57,-0.8355053640670109,1.7305550887666732,926.085669743793,-31.972005264964285,1.3555665466671714,1.3555665466671714,3.385494195667891,-7.636552968396802,1811.7063593989656,-62.54700526496429,-0.2992201016915901,-0.0312773625461592,1.6008984453866344,0.3681986510488617,-3.732994186046512,1.0812562840662538,0.0,-0.0036087605774016,0.011468366266925,-0.0383275261324041,0.0,0.0,0.0,29.96551724137931,0.0559958760229396,0.4447287615148413,0.0,,-0.1204490568716479,-0.0932889100428367,-18.01623585153139,3071000000.0,19812000000.0,-25464000000.0,22586000000.0,20498500000.0,18729000000.0,8240000000.0,116.9553450608931,206.0587818696884,87.7584985835694,0.7695244706699063,0.4367685724596587,1.0255417019731268,-0.4056127599434686,0.3814911080241666,1993-07-28,-0.05,amc,,2025-04-25,1993-06-30,-0.6,11.973333333333333,7679044.888888889
1993-03-31,IBM,USD,51143,1993-03-31,1993-03-30 19:00:00,1993,Q1,13058000000.0,6508000000.0,6550000000.0,0.5016082095,0,0.0,0.0,5432000000.0,1388000000.0,6820000000.0,13328000000.0,0.0,0.0,1388000000.0,1118000000.0,0.0856180119,-270000000.0,-0.0206769796,-110000000.0,-380000000.0,-0.0291009343,-95000000.0,-399000000.0,-0.030555981,-0.13,-0.13,2192307692,2192307692,,,5.956280702590355,-0.1820000000255438,0.6230877193856965,0.4401754386582702,2.3386315792755976,12.415684212268868,12.415684212268868,12.415684212268868,13.59435087910096,26636538457.8,51312538457.8,-16.689560437218045,2.039863566993414,19.49966212137628,27.602630526217617,0.9786009205995811,0.9786009205995811,3.929586342303569,45.89672491753131,37.56408379048317,53.17361498217617,-0.0149794238704151,0.0362284311652897,1.094933686028142,0.3477068822699007,22.07155635062612,1.092943958642688,0.0,-4.792982456140351,0.0115630640403204,-0.7719298245614035,0.0,0.0,0.0,0.2935578330893119,0.0307091438198805,0.2889048991354467,0.0,,-0.003033798765506,-0.0046550698260473,-15.342280703907688,3380000000.0,27219000000.0,-18748000000.0,24408000000.0,21217000000.0,10604000000.0,8302000000.0,143.56716189309236,249.76797787338663,113.66164720344192,0.6268843014882381,0.3603344222357566,0.791823822849495,-0.0146588779896395,0.1829122807274263,1993-04-20,-0.13,amc,,2025-04-25,1993-03-31,-0.0769230769230769,12.30225806451613,12093098.129032258
1992-12-31,IBM,USD,51143,1992-12-31,1992-12-30 19:00:00,1992,Q4,19560000000.0,10452000000.0,9108000000.0,0.4656441718,0,0.0,0.0,3438000000.0,780000000.0,4218000000.0,14670000000.0,0.0,0.0,780000000.0,5670000000.0,0.2898773006,4890000000.0,0.25,-11838000000.0,-6948000000.0,-0.3552147239,-1485000000.0,-5463000000.0,-0.2792944785,-2.4,-2.4,2277049180,2277049180,,,8.590064796053285,-2.39915766773206,1.310907127618561,0.4699064075550621,1.9525269981213145,12.131490282524332,12.131490282524332,12.131490282524332,12.87631389674245,27392901635.4,52266901635.4,-1.2535649659253156,1.4004550938343556,9.176851469145728,25.60084264990654,0.9916341455039096,0.9916341455039096,2.672131985449897,9.218148436578485,17.50984979410385,48.84757162186915,-0.1994312275753998,0.0390612142606036,1.0613958876339415,0.3381581223689522,4.38694885361552,1.0804366170345974,0.0,-0.5464030752333883,0.0252255131346515,-0.1264872780523522,0.0,0.0,0.0,0.6415410385259631,0.0979038854805725,2.4551282051282053,0.0,,0.0578739747565796,-0.063006747015743,-15.03678545932855,2955000000.0,27624000000.0,-19389000000.0,24550000000.0,20804500000.0,8736000000.0,9623000000.0,99.40490797546012,27.09816303099885,72.20149253731344,0.905387891131272,3.321258341277407,1.2465116279069768,-0.1977628149435273,0.841000720063499,1992-12-30,,amc,,2025-04-25,1992-12-31,,15.62484375,13856940.53125
1992-09-30,IBM,USD,51143,1992-09-30,1992-09-29 20:00:00,1992,Q3,14702000000.0,5560000000.0,9142000000.0,0.6218201605,0,0.0,0.0,10170000000.0,3013000000.0,13183000000.0,18743000000.0,0.0,0.0,3013000000.0,-1028000000.0,-0.0699224595,-4041000000.0,-0.2748605632,-245000000.0,-4286000000.0,-0.2915249626,-1508000000.0,-2778000000.0,-0.1889538838,-1.22,-1.22,2277049180,2277049180,,,6.456601872779928,-1.220000000175666,0.1361411087309058,-0.1905975522232681,1.8097984163873,15.56092872794254,15.56092872794254,15.56092872794254,13.199100073894758,43901508190.4,69835508190.4,-3.950819671562275,2.9860908849408245,141.61776835612903,-101.15554882580643,1.239000598041374,1.239000598041374,4.750068575051013,-67.93337372607003,225.27583287225804,-160.91130919447002,-0.0632780083078664,-0.0098857651568085,0.8482205853300595,0.3302130371249327,-25.22762645914397,1.2859202306583373,0.0,-0.1143489487274068,0.0157625564251416,-0.2491000719942404,0.0,0.0,0.0,2.4,0.0506053598149911,0.2469299701294391,0.0,,-0.0347807822293163,-0.0305217706582286,-13.626736863013209,8925000000.0,35433000000.0,-15444000000.0,34188000000.0,20595000000.0,14541000000.0,10727500000.0,122.4629302135764,231.8794964028777,175.80755395683454,0.734916270932267,0.3881326352530541,0.511923395635761,-0.0784014901363136,0.326738660954174,1993-01-19,,amc,,2025-04-25,1992-09-30,,21.42390625,6529447.5
1992-06-30,IBM,USD,51143,1992-06-30,1992-06-29 20:00:00,1992,Q2,16224000000.0,7060000000.0,9164000000.0,0.5648422091,0,0.0,0.0,6474000000.0,1301000000.0,7775000000.0,14835000000.0,0.0,0.0,1301000000.0,2690000000.0,0.1658037475,1389000000.0,0.0856139053,-172000000.0,1217000000.0,0.0750123274,503000000.0,714000000.0,0.0440088757,0.32,0.32,2231250000,2231250000,,,7.27126050420168,0.32,0.3863305322128851,-0.099047619047619,1.512156862745098,16.381848739495798,16.381848739495798,16.381848739495798,12.23798319327731,52144312500.0,76076312500.0,18.2578125,3.214023206360946,60.49224187935035,-235.9471153846154,1.426578914970453,1.426578914970453,4.689121825690335,28.281157063197025,88.25558294663573,-344.23670814479635,0.0136927685066324,-0.0042382378711005,0.7470453053184505,0.3066298342541436,8.896654275092937,1.2887740279044626,0.0,1.207282913165266,0.0132516849272871,0.9677871148459384,0.0,0.0,0.0,1.2563805104408352,0.0667529585798816,0.8324365872405841,0.0,10.860447086762576,0.0111607104675293,0.008017787360194,-12.522240896358545,8548000000.0,36552000000.0,-14351000000.0,35518000000.0,20729000000.0,15280500000.0,10395500000.0,117.5203402366864,188.12039660056652,135.05099150141643,0.7658248760915742,0.4784170224300332,0.6664149518595431,0.0195338148391332,0.4853781512605042,1992-06-29,,amc,,2025-04-25,1992-06-30,,21.6868253968254,6872050.476190476
1992-03-31,IBM,USD,51143,1992-03-31,1992-03-30 19:00:00,1992,Q1,14037000000.0,5739000000.0,8298000000.0,0.5911519555,0,0.0,0.0,5965000000.0,1165000000.0,7130000000.0,12869000000.0,0.0,0.0,1165000000.0,2333000000.0,0.1662036048,1168000000.0,0.0832086628,-177000000.0,991000000.0,0.0705991309,396000000.0,595000000.0,0.0423879746,0.26,0.26,2288461538,2288461538,,,6.133815127287492,0.2600000000524369,0.9250756304386708,0.4841680673245381,2.107529412189754,15.544941179605702,15.544941179605702,15.544941179605702,11.74020168304004,45631923067.72,67675923067.72,19.17307691921009,3.250831592770535,21.554994363589987,41.18404609,1.2827324188373532,1.2827324188373532,4.821252622905179,29.00811104488641,31.96784273392537,61.07935294920578,0.0130391173546859,0.0242812471075495,0.7552425929049306,0.3047458088518863,9.448778396913845,1.236656693369366,0.0,3.5579831932773107,0.0151429077177948,1.161344537815126,0.0,0.0,0.0,0.4766178554558337,0.0718814561515993,0.8660944206008584,0.0,9.53613684460504,0.009869417254055,0.0067489394523717,-12.000092439394976,7356000000.0,35574000000.0,-14149000000.0,33993000000.0,22898000000.0,9655500000.0,10020500000.0,129.98290232955762,247.84108729743852,159.91113434396237,0.6923987569673951,0.3631359149582384,0.5628125919388055,0.0167256985438803,0.4409075631141326,1992-03-30,,amc,,2025-04-25,1992-03-31,,21.425714285714285,6519960.095238095
1991-12-31,IBM,USD,51143,1991-12-31,1991-12-30 19:00:00,1991,Q4,22082000000.0,10078000000.0,12004000000.0,0.5436101802,0,0.0,0.0,11410000000.0,1605000000.0,13015000000.0,23093000000.0,0.0,0.0,1605000000.0,594000000.0,0.0268997373,-1011000000.0,-0.0457838964,-270000000.0,-1281000000.0,-0.0580110497,101000000.0,-1382000000.0,-0.0625849108,-0.64,-0.64,2150000000,2150000000,,,10.270697674418605,-0.6427906976744187,1.5990697674418604,0.58,1.8348837209302329,17.212093023255814,17.212093023255814,17.212093023255814,12.533488372093023,45687500000.0,68689500000.0,-8.264743125904486,2.0689928448510098,13.288976148923794,36.63793103448276,1.2345970923634004,1.2345970923634004,3.110655737704918,115.63888888888889,19.97949389179756,55.08380112269447,-0.0302489740082079,0.0272941176470588,0.7281792141814841,0.2914039773771804,38.72390572390572,1.2184451582203188,0.0,-2.487698986975398,0.0151682626538987,-0.5014471780028944,0.0,0.0,0.0,0.6372891215823153,0.0992210850466443,1.3651090342679129,0.0,,-0.0150308267593731,-0.0149449028365036,-12.771046511627906,7345000000.0,37006000000.0,-14498000000.0,34923000000.0,22502500000.0,7949500000.0,10533000000.0,104.02454487818132,31.31871403056162,87.91029966263147,0.8651804254985699,2.87368120901055,1.0237708248679398,-0.0373452953575095,1.0190697674418605,1991-12-30,,amc,,2025-04-25,1991-12-31,,22.70328125,6955375.75
1991-09-30,IBM,USD,51143,1991-09-30,1991-09-29 20:00:00,1991,Q3,14433000000.0,6152000000.0,8281000000.0,0.5737545902,0,0.0,0.0,6572000000.0,1120000000.0,7692000000.0,13844000000.0,0.0,0.0,1120000000.0,1709000000.0,0.1184092011,589000000.0,0.0408092566,-281000000.0,308000000.0,0.0213399848,136000000.0,172000000.0,0.0119171343,0.08,0.08,2150000000,2150000000,,,6.713023255813954,0.08,0.387906976744186,-0.2906976744186046,1.6809302325581394,17.76325581395349,17.76325581395349,17.76325581395349,12.243255813953487,53191000000.0,75900000000.0,77.3125,3.6853737961615742,63.77817745803357,-85.1056,1.3927626927810215,1.3927626927810215,5.258781958012887,44.41193680514921,91.00719424460432,-121.44,0.0032336297493936,-0.0117501081009945,0.6892461574716556,0.3014406119737987,13.287887653598595,1.4063684327859107,0.0,4.848837209302325,0.0130097196894211,4.023255813953488,0.0,0.0,0.0,1.749400479616307,0.1010877849372964,1.3026785714285714,0.0,5.654543347178115,0.0044390142503451,0.001969676148596,-11.765813953488372,10937000000.0,38191000000.0,-11282000000.0,37821000000.0,18936500000.0,12380500000.0,10689500000.0,121.48409893992934,181.2873862158648,164.17100130039012,0.7408376963350786,0.4964493221433183,0.5482088754232757,0.0045036788772223,0.6786046511627907,1991-09-29,,amc,,2025-04-25,1991-09-30,,23.8278125,5893220.875
1991-06-30,IBM,USD,51143,1991-06-30,1991-06-29 20:00:00,1991,Q2,14732000000.0,6014000000.0,8718000000.0,0.5917730111,0,0.0,0.0,7196000000.0,1167000000.0,8363000000.0,14377000000.0,0.0,0.0,1167000000.0,1522000000.0,0.103312517,355000000.0,0.0240972034,-148000000.0,207000000.0,0.0140510453,93000000.0,114000000.0,0.0077382569,0.05,0.05,2280000000,2280000000,,,6.46140350877193,0.05,0.3030701754385965,-0.3285087719298246,1.4618421052631578,16.651315789473685,16.651315789473685,16.651315789473685,9.103070175438596,53557200000.0,70979200000.0,117.45,3.6354330708661418,77.5068017366136,-71.50493991989319,1.4106993283287237,1.4106993283287237,4.818028780885148,46.635479632063074,102.71953690303909,-94.7652870493992,0.0021285653469561,-0.0139850477620189,0.5466877387067035,0.2544377972833815,11.446780551905388,1.5937177473636976,0.0,6.06140350877193,0.0129581083402418,6.087719298245614,0.0,0.0,0.0,2.083936324167873,0.0977464023893565,1.2339331619537277,0.0,4.3281324220913,0.002872951850477,0.0013975383710096,-9.386951754385963,13231000000.0,37965000000.0,-8091000000.0,39167000000.0,18555000000.0,12597500000.0,10106500000.0,112.35338039641596,185.1030927835052,152.00033255736614,0.8010439889076179,0.4862155388471177,0.5921039677070001,0.0030027657052548,0.631578947368421,1991-06-29,,amc,,2025-04-25,1991-06-30,,25.08796875,7495229.890625
1991-03-31,IBM,USD,51143,1991-03-31,1991-03-30 19:00:00,1991,Q1,13545000000.0,5079000000.0,8466000000.0,0.6250276855,0,0.0,0.0,6199000000.0,1258000000.0,7457000000.0,12536000000.0,0.0,0.0,1258000000.0,2267000000.0,0.1673680325,1009000000.0,0.0744924326,-122000000.0,887000000.0,0.065485419,355000000.0,532000000.0,0.0392764858,0.24,0.24,2216666667,2216666667,,,6.110526314870597,0.2399999999639097,0.7948872179255809,0.1601503759157668,2.2398496237233307,17.681954884559104,17.681954884559104,17.681954884559104,9.436691727904256,59406666675.6,75359666675.6,27.91666667086466,4.385874246998893,33.715474844267874,167.34272302985914,1.515669515897436,1.515669515897436,5.563652024776671,33.242023235818266,42.76939084880818,212.28075119887325,0.0089552238792503,0.0059757602953644,0.5336905217502232,0.2492463509085493,7.037053374503749,1.63566867914694,0.0,3.31203007518797,0.0116485242940625,1.300751879699248,0.0,0.0,0.0,0.7985244040862656,0.103875968992248,1.118441971383148,0.0,9.771517607938948,0.0086839026466807,0.0063389931486446,-9.33733082566356,14635000000.0,39195000000.0,-7072000000.0,40644000000.0,20681500000.0,8096500000.0,10082000000.0,124.37873754152824,227.2770230360307,178.19255759007677,0.7235963459586516,0.3959925152034929,0.505071599045346,0.0135731598418165,0.6347368420098141,1991-03-30,,amc,,2025-04-25,1991-03-31,,29.427868852459014,8817697.55737705
1990-12-31,IBM,USD,51143,1990-12-31,1990-12-30 19:00:00,1990,Q4,23061000000.0,9227000000.0,13834000000.0,0.5998872555,0,0.0,0.0,8475000000.0,1103000000.0,9578000000.0,18805000000.0,0.0,0.0,1103000000.0,5359000000.0,0.2323836781,4256000000.0,0.1845540089,-262000000.0,3994000000.0,0.1731928364,1533000000.0,2461000000.0,0.106716968,1.08,1.08,2269387755,2269387755,,,10.161771583190728,1.0844334532861706,1.4466456835182844,0.3754316546931399,1.6978147482777797,18.87381295048893,18.87381295048893,18.87381295048893,8.612455036358474,61228081629.9,76920081629.9,6.219837630018286,2.6550488543384936,18.65004009439537,71.863945575,1.4294938744373369,1.4294938744373369,3.335505035770348,14.353439378596752,23.42981469080109,90.28178595058684,0.0401939752885904,0.0139151836431853,0.4563177063877475,0.2231979718618673,2.928158238477328,1.5398006013609749,0.0,1.3340105648110523,0.0112856712411279,0.2807801706623324,0.0,0.0,0.0,0.7404812671337192,0.1054160704219244,2.203989120580236,0.0,21.459645115377818,0.0375202114127783,0.0281038735611182,-8.304442446416566,13644000000.0,42832000000.0,-5816000000.0,40885000000.0,20579500000.0,7694000000.0,10681500000.0,88.37257707818394,32.84166034464073,98.59325891405658,1.0184154742978273,2.7404217404217404,0.9128413138108428,0.0574570414643257,1.0712140288251446,1990-12-30,,amc,,2025-04-25,1990-12-31,,26.240625,6750685.71875
1990-09-30,IBM,USD,51143,1990-09-30,1990-09-29 20:00:00,1990,Q3,15277000000.0,5510000000.0,9767000000.0,0.639327093,0,0.0,0.0,6547000000.0,1167000000.0,7714000000.0,13224000000.0,0.0,0.0,1167000000.0,3220000000.0,0.2107743667,2053000000.0,0.1343850232,-144000000.0,1909000000.0,0.1249590888,797000000.0,1112000000.0,0.0727891602,0.49,0.49,2269387755,2269387755,,,6.7317715830365,0.4900000000220323,0.5204046762823923,-0.0824010791403957,1.4907104317217046,17.857239209436027,17.857239209436027,17.857239209436027,8.70014388528328,59072163262.65,75433163262.65,13.28061224430081,3.866738447512601,50.01876652214226,-315.8939211906417,1.457672134797039,1.457672134797039,4.937694787108071,23.426448218214283,63.87228049335309,-403.38589980026734,0.0188244333469854,-0.0031656196365883,0.4872054287476866,0.2413455896733815,5.081055900621118,1.6267201068804276,0.0,1.0620503597122302,0.0117144855001024,0.6223021582733813,0.0,0.0,0.0,1.1583403895004234,0.0895463769064607,1.1722365038560412,0.0,14.031253054979963,0.0176046012916417,0.0135928026598865,-8.101854766551343,14073000000.0,40525000000.0,-4755000000.0,40529000000.0,18307000000.0,11921500000.0,10670500000.0,109.07573476467893,196.3502722323049,183.83847549909257,0.8251147718066433,0.4583645287413693,0.4895601954686805,0.0274398519432449,0.602805755422788,1990-09-29,,amc,,2025-04-25,1990-09-30,,25.949523809523807,6706798.492063492
1990-06-30,IBM,USD,51143,1990-06-30,1990-06-29 20:00:00,1990,Q2,16495000000.0,6580000000.0,9915000000.0,0.6010912398,0,0.0,0.0,6520000000.0,808000000.0,7328000000.0,13908000000.0,0.0,0.0,808000000.0,3395000000.0,0.2058199454,2587000000.0,0.1568354047,-114000000.0,2473000000.0,0.1499242195,1063000000.0,1410000000.0,0.0854804486,0.62,0.62,2274193548,2274193548,,,7.25312056861046,0.6200000001055319,0.7162978724623486,0.1152056737784747,1.4207234044971444,17.39253901005263,17.39253901005263,17.39253901005263,7.967219859512151,63813870956.88,78701870956.88,11.314516127106382,3.868679657889057,39.17364699624309,243.5643929651908,1.6133354643494968,1.6133354643494968,4.7712561962340105,23.181699840023565,48.31299629028853,300.3888204461069,0.022095509625999,0.004105690441143,0.4580826212266775,0.2294706180344478,4.385272459499264,1.6410822490488046,0.0,1.1553191489361705,0.0108910490709711,0.4929078014184397,0.0,0.0,0.0,0.8391651319828115,0.0828735980600181,1.691831683168317,0.0,15.576454000559057,0.0227689905707564,0.0178571428571428,-7.7204290793283,13648000000.0,39554000000.0,-4469000000.0,39247000000.0,17853500000.0,11829500000.0,9965000000.0,98.7517429524098,161.69908814589667,137.95440729483283,0.9113763191336538,0.556589409575368,0.6523894507237755,0.0356474692824998,0.6010921986838739,1990-06-29,,amc,,2025-04-25,1990-06-30,,27.220317460317464,6271369.968253968
1990-03-31,IBM,USD,51143,1990-03-31,1990-03-30 19:00:00,1990,Q1,14185000000.0,5189000000.0,8996000000.0,0.6341910469,0,0.0,0.0,5721000000.0,1139000000.0,6860000000.0,12049000000.0,0.0,0.0,1139000000.0,3275000000.0,0.2308776877,2136000000.0,0.1505816003,-309000000.0,1827000000.0,0.1287980261,790000000.0,1037000000.0,0.073105393,0.46,0.46,2254347826,2254347826,,,6.292285439008381,0.4600000000177435,0.6117068466966907,0.0159691417556786,1.9038765670936888,17.129122469320315,17.129122469320315,17.129122469320315,8.000540019595006,57125173910.84,70869173910.84,13.771739129903567,4.027153606685936,41.42507172649746,1586.8103864122222,1.479351907570633,1.479351907570633,4.996064427976031,21.639442415523664,51.391714221058734,1968.58816419,0.0181531176013316,0.0006301950179825,0.4670723811990159,0.2335452626672018,4.196641221374046,1.650212967345007,0.0,1.3297974927675988,0.0121837703476632,0.6711668273866924,0.0,0.0,0.0,0.97389412617839,0.0946774762072611,1.1791044776119404,0.0,13.31489457578631,0.0191116780510656,0.0134279461846245,-7.182565091887466,13739000000.0,38615000000.0,-3743000000.0,38680000000.0,18886000000.0,7502000000.0,9653500000.0,111.71801198449066,205.30545384467143,170.73809982655618,0.8055997273966379,0.4383712089211793,0.5271231206826493,0.0268548491518839,0.5957377049410121,1990-03-30,,amc,,2025-04-25,1990-03-31,,24.438253968253967,6956332.857142857
1989-12-31,IBM,USD,51143,1989-12-31,1989-12-30 19:00:00,1989,Q4,20462000000.0,0.0,0.0,0.0,0,0.0,0.0,0.0,55817000000.0,55817000000.0,55817000000.0,0.0,0.0,0.0,-35355000000.0,-1.7278369661,-35355000000.0,-1.7278369661,35355000000.0,0.0,0.0,0.0,0.0,0.0,0.26,0.26,2298800000,2315104000,,,8.901165825648164,0.0,,,1.609535409779015,16.751783539237863,16.751783539237863,16.751783539237863,7.272054985209675,53791920000.0,66808920000.0,0.0,2.628869123252859,0.0,0.0,1.3968661871250876,1.3968661871250876,3.265023946828267,-1.8896597369537549,0.0,0.0,0.0,,0.4341063128099924,0.2150539017675663,-0.3681798896902842,1.653225806451613,0.0,0.0,0.0123589743589743,0.0,0.0,0.0,0.0,0.0,,0.0,,0.0,,0.0,-6.81681746998434,14175000000.0,38509000000.0,-3350000000.0,39118000000.0,,,,88.68927768546574,0.0,0.0,1.014778813727435,0.0,0.0,0.0,,1989-12-30,,amc,,2025-04-25,1989-12-31,,,
1989-09-30,IBM,USD,51143,1989-09-30,1989-09-29 20:00:00,1989,Q3,14305000000.0,0.0,0.0,0.0,0,0.0,0.0,0.0,0.0,0.0,0.0,0.0,0.0,0.0,14305000000.0,1.0,14305000000.0,1.0,-14305000000.0,0.0,0.0,0.0,0.0,0.0,0.38,0.38,2315104000,2315104000,,,6.178988071378219,0.0,,,,,,,,60401063360.0,,0.0,4.222374229989514,0.0,0.0,0.0,0.0,,,0.0,0.0,0.0,,0.0,0.0,,0.0,0.0,0.0,0.0110847067842085,0.0,0.0,0.0,0.0,0.0,,0.0,,,0.0,0.0,,,,,,,,,,0.0,0.0,0.0,0.0,0.0,0.0,,1989-09-29,,amc,,2025-04-25,1989-09-30,,,
1989-06-30,IBM,USD,51143,1989-06-30,1989-06-29 20:00:00,1989,Q2,15213000000.0,0.0,0.0,0.0,0,0.0,0.0,0.0,0.0,0.0,0.0,0.0,0.0,0.0,15213000000.0,1.0,15213000000.0,1.0,-15213000000.0,0.0,0.0,0.0,0.0,0.0,0.58,0.58,2340768000,2340768000,,,6.499148997252184,0.0,,,,,,,,62521913280.0,,0.0,4.109768834549398,0.0,0.0,0.0,0.0,,,0.0,0.0,0.0,,0.0,0.0,,0.0,0.0,0.0,0.0108274054661175,0.0,0.0,0.0,0.0,0.0,,0.0,,,0.0,0.0,,,,,,,,,,0.0,0.0,0.0,0.0,0.0,0.0,,1989-06-29,,amc,,2025-04-25,1989-06-30,,,
1989-03-31,IBM,USD,51143,1989-03-31,1989-03-30 19:00:00,1989,Q1,12730000000.0,0.0,0.0,0.0,0,0.0,0.0,0.0,0.0,0.0,0.0,0.0,0.0,0.0,12730000000.0,1.0,12730000000.0,1.0,-12730000000.0,0.0,0.0,0.0,0.0,0.0,0.41,0.41,2368508000,2368508000,,,5.374691577989181,0.0,,,,,,,,61723318480.0,,0.0,4.8486503126472895,0.0,0.0,0.0,0.0,,,0.0,0.0,0.0,,0.0,0.0,,0.0,0.0,0.0,0.0100886415963161,0.0,0.0,0.0,0.0,0.0,,0.0,,,0.0,0.0,,,,,,,,,,0.0,0.0,0.0,0.0,0.0,0.0,,1989-03-30,,amc,,2025-04-25,1989-03-31,,,
1988-12-31,IBM,USD,51143,1988-12-31,1988-12-30 19:00:00,1988,Q4,20937000000.0,0.0,0.0,0.0,0,0.0,0.0,0.0,50935000000.0,50935000000.0,50935000000.0,0.0,0.0,0.0,-29998000000.0,-1.432774514,-29998000000.0,-1.432774514,29998000000.0,0.0,0.0,0.0,0.0,0.0,0.99,0.99,2367760000,2367760000,,,8.842534716356388,0.0,,,2.585988444774808,16.686235091394398,16.686235091394398,16.686235091394398,5.650910565259992,68901816000.0,76158816000.0,0.0,3.290911591918613,0.0,0.0,1.7439524159052369,1.7439524159052369,3.637522854277117,-2.538796453096873,0.0,0.0,0.0,,0.3386570148573742,0.1831948190643098,-0.2419161277418494,2.032725599585897,0.0,0.0,0.00903470790378,0.0,0.0,0.0,0.0,0.0,,0.0,,0.0,,0.0,-3.821122073183093,17956000000.0,39509000000.0,1815000000.0,40006000000.0,,,,77.80484310073076,0.0,0.0,1.1567403314917126,0.0,0.0,0.0,,1988-12-30,,amc,,2025-04-25,1988-12-31,,,
1988-09-30,IBM,USD,51143,1988-09-30,1988-09-29 20:00:00,1988,Q3,13960000000.0,0.0,0.0,0.0,0,0.0,0.0,0.0,0.0,0.0,0.0,0.0,0.0,0.0,13960000000.0,1.0,13960000000.0,1.0,-13960000000.0,0.0,0.0,0.0,0.0,0.0,0.53,0.53,2367760000,2367760000,,,5.895867824441666,0.0,,,,,,,,65231788000.0,,0.0,4.672764183381089,0.0,0.0,0.0,0.0,,,0.0,0.0,0.0,,0.0,0.0,,0.0,0.0,0.0,0.0095430127041742,0.0,0.0,0.0,0.0,0.0,,0.0,,,0.0,0.0,,,,,,,,,,0.0,0.0,0.0,0.0,0.0,0.0,,1988-09-29,,amc,,2025-04-25,1988-09-30,,,
1988-06-30,IBM,USD,51143,1988-06-30,1988-06-29 20:00:00,1988,Q2,13599000000.0,0.0,0.0,0.0,0,0.0,0.0,0.0,0.0,0.0,0.0,0.0,0.0,0.0,13599000000.0,1.0,13599000000.0,1.0,-13599000000.0,0.0,0.0,0.0,0.0,0.0,0.41,0.41,2372552000,2372552000,,,5.731802717074273,0.0,,,,,,,,72173031840.0,,0.0,5.307230814030444,0.0,0.0,0.0,0.0,,,0.0,0.0,0.0,,0.0,0.0,,0.0,0.0,0.0,0.0086426692965154,0.0,0.0,0.0,0.0,0.0,,0.0,,,0.0,0.0,,,,,,,,,,0.0,0.0,0.0,0.0,0.0,0.0,,1988-06-29,,amc,,2025-04-25,1988-06-30,,,
1988-03-31,IBM,USD,51143,1988-03-31,1988-03-30 19:00:00,1988,Q1,11749000000.0,0.0,0.0,0.0,0,0.0,0.0,0.0,0.0,0.0,0.0,0.0,0.0,0.0,11749000000.0,1.0,11749000000.0,1.0,-11749000000.0,0.0,0.0,0.0,0.0,0.0,0.39,0.39,2388208000,2388208000,,,4.919588243570074,0.0,,,,,,,,61376945600.0,,0.0,5.224014435271087,0.0,0.0,0.0,0.0,,,0.0,0.0,0.0,,0.0,0.0,,0.0,0.0,0.0,0.0102299610894941,0.0,0.0,0.0,0.0,0.0,,0.0,,,0.0,0.0,,,,,,,,,,0.0,0.0,0.0,0.0,0.0,0.0,,1988-03-30,,amc,,2025-04-25,1988-03-31,,,
1987-12-31,IBM,USD,51143,1987-12-31,1987-12-30 19:00:00,1987,Q4,18011000000.0,0.0,0.0,0.0,0,0.0,0.0,0.0,46475000000.0,46475000000.0,46475000000.0,0.0,0.0,0.0,-28464000000.0,-1.5803675532,-28464000000.0,-1.5803675532,28464000000.0,0.0,0.0,0.0,0.0,0.0,0.86,0.86,2388208000,2423692000,,,7.541637914285523,0.0,,,2.917250088769487,16.021636306385375,16.021636306385375,16.021636306385375,1.6154371813510382,65866776639.99999,62757776639.99999,0.0,3.6570305169063344,0.0,0.0,1.7214221739016802,1.7214221739016802,3.4844137826883568,-2.204812276559865,0.0,0.0,0.0,,0.1008284765961895,0.0605765607335761,0.109225688589095,2.3189055842117066,0.0,0.0,0.009532632342277,0.0,0.0,0.0,0.0,0.0,,0.0,,0.0,,0.0,-1.5696915846525932,17643000000.0,38263000000.0,5595000000.0,40565000000.0,,,,69.20270945533285,0.0,0.0,1.3005271138710377,0.0,0.0,0.0,,1987-12-30,,amc,,2025-04-25,1987-12-31,,,
1987-09-30,IBM,USD,51143,1987-09-30,1987-09-29 20:00:00,1987,Q3,12727000000.0,0.0,0.0,0.0,0,0.0,0.0,0.0,0.0,0.0,0.0,0.0,0.0,0.0,12727000000.0,1.0,12727000000.0,1.0,-12727000000.0,0.0,0.0,0.0,0.0,0.0,0.5,0.5,2423692000,2423692000,,,5.251079757658976,0.0,,,,,,,,87252912000.0,,0.0,6.855732851418245,0.0,0.0,0.0,0.0,,,0.0,0.0,0.0,,0.0,0.0,,0.0,0.0,0.0,0.0073030555555555,0.0,0.0,0.0,0.0,0.0,,0.0,,,0.0,0.0,,,,,,,,,,0.0,0.0,0.0,0.0,0.0,0.0,,1987-09-29,,amc,,2025-04-25,1987-09-30,,,
1987-06-30,IBM,USD,51143,1987-06-30,1987-06-29 20:00:00,1987,Q2,8510000000.0,0.0,0.0,0.0,0,0.0,0.0,0.0,0.0,0.0,0.0,0.0,0.0,0.0,8510000000.0,1.0,8510000000.0,1.0,-8510000000.0,0.0,0.0,0.0,0.0,0.0,0.49,0.49,2423692000,2423692000,,,3.5111722116506554,0.0,,,,,,,,94039249600.0,,0.0,11.050440611045827,0.0,0.0,0.0,0.0,,,0.0,0.0,0.0,,0.0,0.0,,0.0,0.0,0.0,0.006776030927835,0.0,0.0,0.0,0.0,0.0,,0.0,,,0.0,0.0,,,,,,,,,,0.0,0.0,0.0,0.0,0.0,0.0,,1987-06-29,,amc,,2025-04-25,1987-06-30,,,
1987-03-31,IBM,USD,51143,1987-03-31,1987-03-30 19:00:00,1987,Q1,6500000000.0,0.0,0.0,0.0,0,0.0,0.0,0.0,0.0,0.0,0.0,0.0,0.0,0.0,6500000000.0,1.0,6500000000.0,1.0,-6500000000.0,0.0,0.0,0.0,0.0,0.0,0.33,0.33,2423692000,2423692000,,,2.681858916066893,0.0,,,,,,,,86889358200.0,,0.0,13.367593569230769,0.0,0.0,0.0,0.0,,,0.0,0.0,0.0,,0.0,0.0,,0.0,0.0,0.0,0.0073336122733612,0.0,0.0,0.0,0.0,0.0,,0.0,,,0.0,0.0,,,,,,,,,,0.0,0.0,0.0,0.0,0.0,0.0,,1987-03-30,,amc,,2025-04-25,1987-03-31,,,
1986-12-31,IBM,USD,51143,1986-12-31,1986-12-30 19:00:00,1986,Q4,16945000000.0,0.0,0.0,0.0,0,0.0,0.0,0.0,43391000000.0,43391000000.0,43391000000.0,0.0,0.0,0.0,-26446000000.0,-1.5606963706,-26446000000.0,-1.5606963706,26446000000.0,0.0,0.0,0.0,0.0,0.0,0.57,0.57,2423692000,2462400000,,,6.991399897346692,0.0,,,2.994192331368837,14.18249513552052,14.18249513552052,14.18249513552052,1.7201030493973657,69438775800.0,66350775800.0,0.0,4.097891755680141,0.0,0.0,2.020095880607436,2.020095880607436,3.915655107701387,-2.508915367163276,0.0,0.0,0.0,,0.1212835282480944,0.0721105614557027,0.1167662406413068,2.1775876952052107,0.0,0.0,0.0091766143106457,0.0,0.0,0.0,0.0,0.0,,0.0,,0.0,,0.0,-1.6688382847325485,15006000000.0,34374000000.0,4309000000.0,36274000000.0,,,,57.49483623487754,0.0,0.0,1.5653579676674363,0.0,0.0,0.0,,1986-12-30,,amc,,2025-04-25,1986-12-31,,,
1986-09-30,IBM,USD,51143,1986-09-30,1986-09-29 20:00:00,1986,Q3,11910000000.0,0.0,0.0,0.0,0,0.0,0.0,0.0,0.0,0.0,0.0,0.0,0.0,0.0,11910000000.0,1.0,11910000000.0,1.0,-11910000000.0,0.0,0.0,0.0,0.0,0.0,0.44,0.44,2462400000,2462400000,,,4.836744639376218,0.0,,,,,,,,79092288000.0,,0.0,6.640830226700252,0.0,0.0,0.0,0.0,,,0.0,0.0,0.0,,0.0,0.0,,0.0,0.0,0.0,0.0081852428393524,0.0,0.0,0.0,0.0,0.0,,0.0,,,0.0,0.0,,,,,,,,,,0.0,0.0,0.0,0.0,0.0,0.0,,1986-09-29,,amc,,2025-04-25,1986-09-30,,,
1986-06-30,IBM,USD,51143,1986-06-30,1986-06-29 20:00:00,1986,Q2,12268000000.0,0.0,0.0,0.0,0,0.0,0.0,0.0,0.0,0.0,0.0,0.0,0.0,0.0,12268000000.0,1.0,12268000000.0,1.0,-12268000000.0,0.0,0.0,0.0,0.0,0.0,0.53,0.53,2462400000,2462400000,,,4.982131254061079,0.0,,,,,,,,86134751999.99998,,0.0,7.021091620476034,0.0,0.0,0.0,0.0,,,0.0,0.0,0.0,,0.0,0.0,,0.0,0.0,0.0,0.0075160091480846,0.0,0.0,0.0,0.0,0.0,,0.0,,,0.0,0.0,,,,,,,,,,0.0,0.0,0.0,0.0,0.0,0.0,,1986-06-29,,amc,,2025-04-25,1986-06-30,,,
1986-03-31,IBM,USD,51143,1986-03-31,1986-03-30 19:00:00,1986,Q1,10127000000.0,0.0,0.0,0.0,0,0.0,0.0,0.0,0.0,0.0,0.0,0.0,0.0,0.0,10127000000.0,1.0,10127000000.0,1.0,-10127000000.0,0.0,0.0,0.0,0.0,0.0,0.42,0.42,2461672000,2461672000,,,4.11387057252144,0.0,,,,,,,,89063292960.0,,0.0,8.794637401007208,0.0,0.0,0.0,0.0,,,0.0,0.0,0.0,,0.0,0.0,,0.0,0.0,0.0,0.0072667219458264,0.0,0.0,0.0,0.0,0.0,,0.0,,,0.0,0.0,,,,,,,,,,0.0,0.0,0.0,0.0,0.0,0.0,,1986-03-30,,amc,,2025-04-25,1986-03-31,,,
1985-12-31,IBM,USD,51143,1985-12-31,1985-12-30 19:00:00,1985,Q4,17155000000.0,0.0,0.0,0.0,0,0.0,0.0,0.0,38826000000.0,38826000000.0,38826000000.0,0.0,0.0,0.0,-21671000000.0,-1.2632468668,-21671000000.0,-1.2632468668,21671000000.0,0.0,0.0,0.0,0.0,0.0,1.09,1.09,2454832000,2454832000,,,6.988258259628357,0.0,,,2.290177087474825,13.031441662810328,13.031441662810328,13.031441662810328,1.611108214329942,91147912160.0,89480912160.0,0.0,5.31319802739726,0.0,0.0,2.849262649577993,2.849262649577993,5.216025191489361,-4.129062441050252,0.0,0.0,0.0,,0.1236323851203501,0.0751415434889995,0.0769230769230769,2.2802414064549987,0.0,0.0,0.0070807971990304,0.0,0.0,0.0,0.0,0.0,,0.0,,0.0,,0.0,-1.143866464181663,14637000000.0,31990000000.0,5426000000.0,34317000000.0,,,,55.43223549985427,0.0,0.0,1.6236040128714746,0.0,0.0,0.0,,1985-12-30,,amc,,2025-04-25,1985-12-31,,,
1985-09-30,IBM,USD,51143,1985-09-30,1985-09-29 20:00:00,1985,Q3,11698000000.0,0.0,0.0,0.0,0,0.0,0.0,0.0,0.0,0.0,0.0,0.0,0.0,0.0,11698000000.0,1.0,11698000000.0,1.0,-11698000000.0,0.0,0.0,0.0,0.0,0.0,0.6,0.6,2454832000,2454832000,,,4.765295547719763,0.0,,,,,,,,72613930560.0,,0.0,6.207379941870405,0.0,0.0,0.0,0.0,,,0.0,0.0,0.0,,0.0,0.0,,0.0,0.0,0.0,0.0088881000676132,0.0,0.0,0.0,0.0,0.0,,0.0,,,0.0,0.0,,,,,,,,,,0.0,0.0,0.0,0.0,0.0,0.0,,1985-09-29,,amc,,2025-04-25,1985-09-30,,,
