date,symbol,reportedCurrency,cik,fillingDate,acceptedDate,calendarYear,period,revenue,costOfRevenue,grossProfit,grossProfitRatio,researchAndDevelopmentExpenses,generalAndAdministrativeExpenses,sellingAndMarketingExpenses,sellingGeneralAndAdministrativeExpenses,otherExpenses,operatingExpenses,costAndExpenses,interestIncome,interestExpense,depreciationAndAmortization,ebitda,ebitdaratio,operatingIncome,operatingIncomeRatio,totalOtherIncomeExpensesNet,incomeBeforeTax,incomeBeforeTaxRatio,incomeTaxExpense,netIncome,netIncomeRatio,eps,epsdiluted,weightedAverageShsOut,weightedAverageShsOutDil,link,finalLink,revenuePerShare,netIncomePerShare,operatingCashFlowPerShare,freeCashFlowPerShare,cashPerShare,bookValuePerShare,tangibleBookValuePerShare,shareholdersEquityPerShare,interestDebtPerShare,marketCap,enterpriseValue,peRatio,priceToSalesRatio,pocfratio,pfcfRatio,pbRatio,ptbRatio,evToSales,enterpriseValueOverEBITDA,evToOperatingCashFlow,evToFreeCashFlow,earningsYield,freeCashFlowYield,debtToEquity,debtToAssets,netDebtToEBITDA,currentRatio,interestCoverage,incomeQuality,dividendYield,payoutRatio,salesGeneralAndAdministrativeToRevenue,researchAndDdevelopementToRevenue,intangiblesToTotalAssets,capexToOperatingCashFlow,capexToRevenue,capexToDepreciation,stockBasedCompensationToRevenue,grahamNumber,roic,returnOnTangibleAssets,grahamNetNet,workingCapital,tangibleAssetValue,netCurrentAssetValue,investedCapital,averageReceivables,averagePayables,averageInventory,daysSalesOutstanding,daysPayablesOutstanding,daysOfInventoryOnHand,receivablesTurnover,payablesTurnover,inventoryTurnover,roe,capexPerShare,report_date,epsEstimated,time,revenueEstimated,updatedFromDate,fiscalDateEnding,surprise(%),QuarterAvgPrice,QuarterAvgVolume
2025-03-31,ICE,USD,1571949,2025-05-01,2025-05-01 08:26:54,2025,Q1,3229000000.0,1450000000.0,1779000000.0,0.5509445649,0,0.0,0.0,137000000.0,421000000.0,558000000.0,2008000000.0,33000000.0,206000000.0,389000000.0,1662000000.0,0.5147104367,1221000000.0,0.3781356457,-154000000.0,1067000000.0,0.3304428616,255000000.0,797000000.0,0.2468256426,1.39,1.38,574000000,577000000,https://www.sec.gov/Archives/edgar/data/1571949/000157194925000007/0001571949-25-000007-index.htm,https://www.sec.gov/Archives/edgar/data/1571949/000157194925000007/ice-20250331.htm,5.625435540069686,1.3885017421602788,1.6829268292682926,1.5348432055749128,5.519163763066202,48.85540069686411,-32.47560975609756,48.73519163763066,36.28397212543554,99015000000.0,118853000000.0,31.058657465495607,30.66429235057293,102.5,112.38933030646992,3.539536712661757,3.539536712661757,36.807990089811085,71.51203369434417,123.03623188405795,134.90692395005675,0.0080492854617987,0.0088976417714487,0.7371487810109387,0.1443340099391054,11.936221419975931,0.9991803278688524,5.927184466019417,1.1896551724137931,0.0028076554057466,0.3488080301129234,0.0,0.0,0.3267585917267446,0.087991718426501,0.0263239393000929,0.2185089974293059,0.0176525240012387,39.01986950389144,0.0175049145904197,0.0082860291518516,-189.8201219512195,-76000000.0,-18641000000.0,-22183000000.0,48826000000.0,3366000000.0,525500000.0,0.0,100.4242799628368,0.0,0.0,0.8961976131001943,0.0,0.0,0.0284907414027311,0.1480836236933798,2025-05-01,1.7,bmo,2460126342.0,2025-05-11,2025-03-31,0.0117647058823529,163.83966666666666,3132242.716666667
2024-12-31,ICE,USD,1571949,2025-03-20,2025-03-20 16:30:16,2024,Q4,3030000000.0,1411000000.0,1619000000.0,0.5343234323,0,137000000.0,0.0,137000000.0,405000000.0,542000000.0,1953000000.0,36000000.0,213000000.0,389000000.0,1483000000.0,0.4894389439,1077000000.0,0.3554455446,-172000000.0,905000000.0,0.298679868,196000000.0,698000000.0,0.2303630363,1.22,1.21,574000000,577000000,https://www.sec.gov/Archives/edgar/data/1571949/000119312525059270/0001193125-25-059270-index.htm,https://www.sec.gov/Archives/edgar/data/1571949/000119312525059270/d941683d10ka.htm,5.278745644599304,1.21602787456446,2.6236933797909407,2.142857142857143,2.3832752613240418,48.29268292682927,-33.41637630662021,48.16550522648084,36.4390243902439,85531740000.0,105390740000.0,30.634577363896845,28.22829702970297,56.793984063745015,69.538,3.093707816399609,3.093707816399609,34.782422442244226,71.06590694538099,69.98057104913678,85.68352845528456,0.0081607132042444,0.0143806264200868,0.7488335081564004,0.1484852396936053,13.391099123398517,0.9948857101381304,5.056338028169014,2.1241184767277854,0.0030281156445548,0.3710601719197707,0.0452145214521452,0.0,0.3363815015635309,0.1832669322709163,0.091089108910891,0.7095115681233933,0.0198019801980198,36.30204445106804,0.0159492868184703,0.0075437439882412,-188.1415505226481,-458000000.0,-19181000000.0,-22613000000.0,48596000000.0,2347000000.0,1048000000.0,0.0,92.94059405940595,67.03756201275691,0.0,0.9683604985618408,1.3425309229305424,0.0,0.0252468622273664,0.4808362369337979,2025-02-06,1.53,bmo,2327746558.0,2025-05-06,2024-12-31,-0.0065359477124183,158.3953125,2966880.03125
2024-09-30,ICE,USD,1571949,2024-10-31,2024-10-31 08:26:25,2024,Q3,3033000000.0,1383000000.0,1650000000.0,0.5440158259,0,124000000.0,0.0,124000000.0,423000000.0,547000000.0,1930000000.0,39000000.0,223000000.0,386000000.0,1528000000.0,0.5037916255,1103000000.0,0.363666337,-205000000.0,898000000.0,0.2960764919,227000000.0,657000000.0,0.2166172107,1.14,1.14,574000000,577000000,https://www.sec.gov/Archives/edgar/data/1571949/000157194924000017/0001571949-24-000017-index.htm,https://www.sec.gov/Archives/edgar/data/1571949/000157194924000017/ice-20240930.htm,5.2839721254355405,1.1445993031358883,1.5644599303135889,1.4268292682926829,4.351916376306621,47.51393728222997,-34.66550522648084,47.444250871080136,37.87630662020906,92207359999.99998,111727359999.99998,35.08651445966514,30.401371579294423,102.6808017817372,112.58529914529912,3.385868615282929,3.385868615282929,36.83724365314869,73.11999999999999,124.417995545657,136.41924297924297,0.0071252446659355,0.0088821543095909,0.7901443102118753,0.1591556275471335,12.774869109947645,1.0015728104822497,4.946188340807175,1.338301043219076,0.0028305766481113,0.3972602739726027,0.0408836135839103,0.0,0.3488953484071863,0.0879732739420935,0.0260468183316848,0.2046632124352331,0.0187932739861523,34.95503927774876,0.0154752203857659,0.0074633647620129,-181.6310975609756,133000000.0,-19898000000.0,-23233000000.0,49333000000.0,1556500000.0,1026500000.0,0.0,46.43916913946588,68.00433839479393,0.0,1.9380191693290736,1.323444976076555,0.0,0.0241251422906033,0.1376306620209059,2024-10-31,1.55,bmo,2353689269.0,2025-04-25,2024-09-30,0.0,154.19609375,2781141.125
2024-06-30,ICE,USD,1571949,2024-08-01,2024-08-01 08:27:18,2024,Q2,2756000000.0,823000000.0,1933000000.0,0.7013788099,0,168000000.0,603000000.0,168000000.0,-8000000.0,549000000.0,1678000000.0,36000000.0,233000000.0,381000000.0,1462000000.0,0.530478955,1078000000.0,0.3911465893,-205000000.0,861000000.0,0.3124092888,222000000.0,632000000.0,0.229317852,1.1,1.1,573000000,575000000,https://www.sec.gov/Archives/edgar/data/1571949/000157194924000014/0001571949-24-000014-index.htm,https://www.sec.gov/Archives/edgar/data/1571949/000157194924000014/ice-20240630.htm,4.80977312390925,1.1029668411867364,2.087260034904014,1.7993019197207678,4.602094240837697,46.67364746945898,-35.97556719022688,46.57417102966841,39.02792321116929,78460890000.0,98453890000.0,31.03674446202532,28.469118287373004,65.6027508361204,76.1017361784675,2.94004159328512,2.94004159328512,35.72347242380261,67.3419220246238,82.31930602006689,95.4935887487876,0.0080549685327301,0.0131403046791847,0.8292427024393899,0.160732702895077,13.675102599179208,0.994592060733559,4.626609442060086,1.8924050632911391,0.0033264980807635,0.4129746835443038,0.0609579100145137,0.0,0.3439665315727546,0.1379598662207357,0.0598693759071117,0.4330708661417323,0.0206821480406386,33.997349040526586,0.014967611698118,0.0069970329037686,-186.98080279232116,-473000000.0,-20614000000.0,-23947000000.0,48877000000.0,1596500000.0,987500000.0,0.0,50.55152394775036,110.23086269744836,0.0,1.7803617571059431,0.816468253968254,0.0,0.0236819425188293,0.2879581151832461,2024-08-01,1.49,bmo,2311966350.0,2025-04-25,2024-06-30,0.0201342281879194,134.36095238095237,2274786.222222222
2024-03-31,ICE,USD,1571949,2024-05-02,2024-05-02 08:27:24,2024,Q1,2731000000.0,825000000.0,1906000000.0,0.6979128524,0,143000000.0,0.0,143000000.0,-810000000.0,810000000.0,1635000000.0,30000000.0,241000000.0,381000000.0,1477000000.0,0.5408275357,1096000000.0,0.4013181985,-99000000.0,964000000.0,0.3529842549,181000000.0,767000000.0,0.2808495057,1.34,1.33,573000000,575000000,https://www.sec.gov/Archives/edgar/data/1571949/000157194924000011/0001571949-24-000011-index.htm,https://www.sec.gov/Archives/edgar/data/1571949/000157194924000011/ice-20240331.htm,4.766143106457243,1.3385689354275745,1.7609075043630018,1.5078534031413613,3.647469458987784,45.87958115183246,-37.20069808027923,45.79232111692845,39.354275741710296,78518190000.0,98737190000.0,25.59263037809648,28.750710362504577,77.81782953419227,90.87753472222222,2.9924231106368384,2.9924231106368384,36.15422555840352,66.84982396750169,97.85648166501488,114.2791550925926,0.0097684370971872,0.0110038196244717,0.8502229505697626,0.1697831761760161,13.689234935680432,1.006171297221667,4.547717842323651,1.3155149934810952,0.0032858628045297,0.3363754889178618,0.052361772244599,0.0,0.3622989870392779,0.1437066402378592,0.0530941047235444,0.3805774278215223,0.020871475649945,37.13709758294935,0.0167129591220286,0.0091536184838648,-177.63394415357766,494000000.0,-21316000000.0,-24566000000.0,50059000000.0,1505500000.0,985000000.0,40095500000.0,54.21091175393629,105.4909090909091,0.0,1.6601823708206689,0.8531540847983454,0.0,0.0292312969244254,0.2530541012216405,2024-05-02,1.48,bmo,2310805333.0,2025-04-25,2024-03-31,0.0,132.81180327868853,2425086.098360656
2023-12-31,ICE,USD,1571949,2024-03-27,2024-03-27 17:19:33,2023,Q4,2666000000.0,1162000000.0,1504000000.0,0.5641410353,0,132000000.0,0.0,132000000.0,-190000000.0,511000000.0,1673000000.0,32000000.0,251000000.0,379000000.0,1372000000.0,0.5146286572,925000000.0,0.3469617404,-409000000.0,516000000.0,0.1935483871,126000000.0,373000000.0,0.1399099775,0.64,0.64,565000000,565000000,https://www.sec.gov/Archives/edgar/data/1571949/000119312524078967/0001193125-24-078967-index.htm,https://www.sec.gov/Archives/edgar/data/1571949/000119312524078967/d753112d10ka.htm,4.71858407079646,0.6601769911504425,1.7150442477876109,1.4265486725663716,1.9982300884955757,45.63893805309735,-39.08672566371681,45.51681415929203,40.99646017699115,72562950000.0,94575950000.0,48.634684986595175,27.21791072768192,74.8843653250774,90.02847394540943,2.821594665007583,2.821594665007583,35.47484996249062,68.93290816326531,97.6015995872033,117.33988833746898,0.0051403643319352,0.0111075969210182,0.890928179803243,0.16836659710179,16.044460641399418,1.0041003946777587,3.685258964143426,2.4846153846153847,0.0033350353038292,0.6487935656836461,0.0495123780945236,0.0,0.3517680256312278,0.1682146542827657,0.0611402850712678,0.4300791556728232,0.0348837209302325,26.00203745699159,0.0130893414771351,0.0042283537760446,-120.44070796460176,347000000.0,-22084000000.0,-25325000000.0,50140000000.0,1394000000.0,983500000.0,80344500000.0,46.11402850712678,77.68502581755594,6211.006884681583,1.951683748169839,1.1585244267198405,0.0144904041600678,0.0145040245751837,0.2884955752212389,2024-02-08,1.29,bmo,2203643090.0,2025-04-25,2023-12-31,0.0310077519379845,113.37587301587304,2615159.603174603
2023-09-30,ICE,USD,1571949,2023-11-02,2023-11-02 08:29:32,2023,Q3,2429000000.0,1010000000.0,1419000000.0,0.5841910251,0,110000000.0,0.0,110000000.0,-51000000.0,419000000.0,1429000000.0,94000000.0,206000000.0,309000000.0,1309000000.0,0.5389048991,845000000.0,0.3478797859,-163000000.0,682000000.0,0.2807739811,123000000.0,541000000.0,0.2227254014,0.96,0.96,563000000,565000000,https://www.sec.gov/Archives/edgar/data/1571949/000157194923000019/0001571949-23-000019-index.htm,https://www.sec.gov/Archives/edgar/data/1571949/000157194923000019/ice-20230930.htm,4.314387211367674,0.960923623445826,1.3641207815275311,1.1456483126110124,2.783303730017762,45.31438721136768,-40.0461811722913,45.2202486678508,42.29307282415631,61941260000.0,84709260000.0,28.623502772643253,25.50072457801565,80.65268229166666,96.03296124031009,2.432980871204682,2.432980871204682,34.874129271305065,64.7129564553094,110.298515625,131.33218604651162,0.008734081289273,0.0104130913707599,0.9271770297340822,0.1722716060194713,17.393430099312454,1.0013484674374429,4.101941747572815,1.3738819320214668,0.0038907829772917,0.4454713493530499,0.0452861259777686,0.0,0.3507319992409978,0.16015625,0.0506381226842321,0.3980582524271844,0.0325236722931247,31.26814860314295,0.0128266873955254,0.0060811114608156,-121.8960923623446,115000000.0,-22546000000.0,-26113000000.0,50091000000.0,1367500000.0,941500000.0,86781500000.0,52.688349114862085,85.9009900990099,7173.089108910891,1.7081575246132208,1.0477178423236515,0.0125468955750453,0.0212498527043481,0.2184724689165186,2023-11-02,1.4,bmo,1906790000.0,2025-04-25,2023-09-30,0.0428571428571429,114.56666666666666,2418152.984126984
2023-06-30,ICE,USD,1571949,2023-08-03,2023-08-03 08:29:09,2023,Q2,2336000000.0,972000000.0,1364000000.0,0.5839041096,0,117000000.0,0.0,117000000.0,-35000000.0,384000000.0,1356000000.0,102000000.0,175000000.0,267000000.0,1247000000.0,0.5338184932,955000000.0,0.4088184932,-108000000.0,847000000.0,0.3625856164,32000000.0,799000000.0,0.3420376712,1.43,1.42,560000000,561000000,https://www.sec.gov/Archives/edgar/data/1571949/000157194923000015/0001571949-23-000015-index.htm,https://www.sec.gov/Archives/edgar/data/1571949/000157194923000015/ice-20230630.htm,4.171428571428572,1.4267857142857143,2.057142857142857,1.8464285714285715,6.45,42.65892857142857,-17.9625,42.535714285714285,33.073214285714286,63324800000.0,78793800000.0,19.813767209011264,27.10821917808219,54.96944444444445,61.24255319148936,2.6584718723761545,2.6584718723761545,33.73022260273972,63.18668805132317,68.39739583333333,76.20290135396519,0.0126174895143766,0.0163285158421345,0.770193115029387,0.1346169368153034,12.404971932638333,1.0999733936410805,5.457142857142857,1.4134969325153377,0.0037268179291525,0.295369211514393,0.0500856164383561,0.0,0.2490993007198256,0.1024305555555555,0.0505136986301369,0.4419475655430712,0.0192636986301369,36.95281266047834,0.0199422669035133,0.0078076904284946,-109.40133928571429,9018000000.0,-10059000000.0,-13172000000.0,44684000000.0,1481500000.0,934000000.0,100641000000.0,50.586472602739725,85.0925925925926,8617.12962962963,1.779131759329779,1.057671381936888,0.0104443131144898,0.0335432409739714,0.2107142857142857,2023-08-03,1.37,bmo,1891600000.0,2025-04-25,2023-06-30,0.043795620437956,108.28693548387096,2268789.193548387
2023-03-31,ICE,USD,1571949,2023-05-04,2023-05-04 08:28:53,2023,Q1,2472000000.0,1100000000.0,1372000000.0,0.5550161812,0,122000000.0,0.0,122000000.0,260000000.0,382000000.0,1482000000.0,91000000.0,176000000.0,260000000.0,1250000000.0,0.5056634304,969000000.0,0.3919902913,-120000000.0,849000000.0,0.3434466019,175000000.0,655000000.0,0.2649676375,1.17,1.17,559000000,561000000,https://www.sec.gov/Archives/edgar/data/1571949/000157194923000011/0001571949-23-000011-index.htm,https://www.sec.gov/Archives/edgar/data/1571949/000157194923000011/ice-20230331.htm,4.422182468694096,1.1717352415026834,1.1681574239713777,1.0161001788908766,3.701252236135957,41.52236135957066,-19.41860465116279,41.44364937388193,33.1520572450805,58298110000.0,74585110000.0,22.25118702290077,23.58337783171521,89.27735068912712,102.6375176056338,2.516428972245004,2.516428972245004,30.17197006472492,59.668088,114.21915773353751,131.31181338028168,0.0112353556573274,0.0097430259745984,0.7923339232529029,0.1211217419993401,13.0296,1.078580457709941,5.505681818181818,0.9688427299703264,0.0040481586795866,0.3603053435114504,0.0493527508090614,0.0,0.2247838997030683,0.1301684532924961,0.0343851132686084,0.3269230769230769,0.0161812297734627,33.054835522610105,0.0168905897081469,0.0055752272649892,-126.87656529516994,8330000000.0,-10855000000.0,-14003000000.0,44123000000.0,1409500000.0,907500000.0,130869000000.0,60.07281553398058,77.64545454545454,8854.118181818181,1.4981818181818185,1.1591148577449948,0.0101647615439348,0.0282729744895756,0.1520572450805009,2023-05-04,1.4,bmo,1900970000.0,2025-04-25,2023-03-31,0.0071428571428571,104.13645161290324,2766244.5322580645
2022-12-31,ICE,USD,1571949,2023-03-15,2023-03-15 09:28:38,2022,Q4,2377000000.0,1128000000.0,1249000000.0,0.5254522507,0,110000000.0,0.0,110000000.0,263000000.0,373000000.0,1501000000.0,66000000.0,176000000.0,263000000.0,1139000000.0,0.4791754312,864000000.0,0.3634833824,-300000000.0,564000000.0,0.2372738746,124000000.0,425000000.0,0.1787968027,0.76,0.76,559000000,560000000,https://www.sec.gov/Archives/edgar/data/1571949/000119312523070799/0001193125-23-070799-index.htm,https://www.sec.gov/Archives/edgar/data/1571949/000119312523070799/d454149d10ka.htm,4.252236135957066,0.7602862254025045,1.9534883720930232,1.6726296958855098,7.898032200357782,40.71735241502683,-20.46511627906977,40.61896243291592,33.18783542039356,57347810000.0,73924810000.0,33.734005882352946,24.12612957509466,52.516309523809525,61.33455614973262,2.5256676649343786,2.5256676649343786,31.10004627681952,64.90325724319578,67.69671245421246,79.0639679144385,0.0074109194405156,0.0163040227691345,0.8093015062098123,0.0945569060091181,14.553994732221248,1.0521280946028384,4.909090909090909,2.481818181818182,0.0037141784490113,0.5011764705882353,0.0462768195204038,0.0,0.1759871975630088,0.1437728937728937,0.0660496424063946,0.596958174904943,0.0164072360117795,26.35992880543259,0.014922019729284,0.0026539775317384,-160.15161001788908,7776000000.0,-11440000000.0,-14630000000.0,43744000000.0,1208500000.0,827000000.0,162122000000.0,44.26167437946992,69.09574468085106,12249.015957446809,2.033361847733105,1.302540415704388,0.0073475290025468,0.018717519598344,0.2808586762075134,2023-02-02,1.26,bmo,1784447965.0,2025-04-25,2022-12-31,-0.0079365079365079,99.59,2502494.126984127
2022-09-30,ICE,USD,1571949,2022-11-03,2022-11-03 08:25:30,2022,Q3,2387000000.0,1089000000.0,1298000000.0,0.5437788018,0,108000000.0,0.0,108000000.0,258000000.0,366000000.0,1455000000.0,33000000.0,176000000.0,258000000.0,-261000000.0,-0.1093422706,-132000000.0,-0.0552995392,-1240000000.0,-327000000.0,-0.1369920402,-152000000.0,-175000000.0,-0.073313783,-0.31,-0.31,558000000,560000000,https://www.sec.gov/Archives/edgar/data/1571949/000157194922000016/0001571949-22-000016-index.htm,https://www.sec.gov/Archives/edgar/data/1571949/000157194922000016/ice-20220930.htm,4.277777777777778,-0.3136200716845878,1.32078853046595,1.103942652329749,2.120071684587814,40.17921146953405,-21.26344086021505,40.10573476702509,33.26702508960574,50415300000.0,67619300000.0,-72.02185714285713,21.12077922077922,68.40610583446403,81.84301948051949,2.2527950310559004,2.2527950310559004,28.32815249266862,-259.0777777777778,91.7493894165536,109.7715909090909,-0.0034711684746495,0.0122185130307664,0.8216184816122257,0.0870217518883819,-65.91570881226053,1.044438164753699,-0.75,-4.211428571428572,0.0042249079148591,-1.217142857142857,0.045245077503142,0.0,0.1622635972966321,0.1641791044776119,0.0506912442396313,0.4689922480620155,0.0167574361122748,,-0.0015705945536676,-0.0009886614653657,-181.7051971326165,7391000000.0,-11865000000.0,-15160000000.0,43396000000.0,1309500000.0,753500000.0,172220000000.0,47.0548806032677,65.12396694214875,14109.338842975209,1.9126602564102564,1.381979695431472,0.0063787538878768,-0.0078198310916484,0.2168458781362007,2022-11-03,1.26,bmo,1801810736.0,2025-04-25,2022-09-30,0.0396825396825397,100.2665625,2542943.8125
2022-06-30,ICE,USD,1571949,2022-08-04,2022-08-04 08:28:24,2022,Q2,2413000000.0,1123000000.0,1290000000.0,0.5346042271,0,112000000.0,0.0,112000000.0,23000000.0,368000000.0,1491000000.0,8000000.0,161000000.0,256000000.0,1178000000.0,0.4881889764,869000000.0,0.360132615,-130000000.0,739000000.0,0.3062577704,173000000.0,555000000.0,0.2300041442,0.99,0.99,558000000,560000000,https://www.sec.gov/Archives/edgar/data/1571949/000157194922000013/0001571949-22-000013-index.htm,https://www.sec.gov/Archives/edgar/data/1571949/000157194922000013/ice-20220630.htm,4.32437275985663,0.9946236559139784,1.7365591397849462,1.5555555555555556,1.4874551971326164,40.96953405017921,-20.863799283154123,40.88530465949821,33.227598566308245,52474320000.0,70024320000.0,23.63708108108108,21.746506423539163,54.15306501547988,60.45428571428572,2.300092925396686,2.300092925396686,29.01961044343141,59.44339558573854,72.264520123839,80.6731797235023,0.0105766020407696,0.0165414244529514,0.8056456561760322,0.0854061438521981,14.898132427843803,1.0410395344170178,5.39751552795031,1.7120141342756183,0.0040591283507818,0.3837837837837838,0.0464152507252382,0.0,0.1603247106274424,0.1042311661506708,0.0418566100290095,0.39453125,0.0157480314960629,30.24852974700929,0.0145355212476503,0.0030713210554276,-185.7155017921147,6953000000.0,-11642000000.0,-15971000000.0,43159000000.0,1533500000.0,726000000.0,169870500000.0,51.13551595524243,57.622439893143365,13922.110418521816,1.7600291757840991,1.5618915159944369,0.0064645371495017,0.0243271675287104,0.1810035842293906,2022-08-04,1.28,bmo,1801974139.0,2025-04-25,2022-06-30,0.03125,106.90451612903226,3624759.903225807
2022-03-31,ICE,USD,1571949,2022-05-05,2022-05-05 08:23:52,2022,Q1,2459000000.0,1094000000.0,1365000000.0,0.5551037007,0,110000000.0,0.0,110000000.0,254000000.0,364000000.0,1458000000.0,1000000.0,103000000.0,254000000.0,1255000000.0,0.5103700691,992000000.0,0.4034160228,-160000000.0,832000000.0,0.3383489223,165000000.0,657000000.0,0.2671817812,1.16,1.16,561000000,564000000,https://www.sec.gov/Archives/edgar/data/1571949/000157194922000010/0001571949-22-000010-index.htm,https://www.sec.gov/Archives/edgar/data/1571949/000157194922000010/ice-20220331.htm,4.383244206773618,1.1711229946524064,1.3475935828877006,1.1639928698752229,2.3868092691622103,40.46880570409982,-21.415329768270944,40.40463458110517,25.96969696969697,74119320000.0,87947320000.0,28.203698630136987,30.14205774705165,98.04142857142855,113.50584992343032,3.269921912913045,3.269921912913045,35.76548190321269,70.07754581673306,116.33243386243386,134.68196018376722,0.0088640856392098,0.0088101186033546,0.6381964971103367,0.0693852883619201,11.018326693227092,1.0053359765905543,9.631067961165048,1.133433283358321,0.002887236418251,0.3257229832572298,0.0447336315575437,0.0,0.1665179770538352,0.1362433862433862,0.0418869459129727,0.405511811023622,0.0154534363562423,32.62932614367559,0.0190319540221421,0.003780837999436,-178.54188948306594,899000000.0,-12014000000.0,-16407000000.0,37349000000.0,1452000000.0,718000000.0,156497500000.0,62.07401382675884,60.30164533820841,13658.281535648994,1.449882075471698,1.4924965893587994,0.0065894087601792,0.0289848678695901,0.1836007130124777,2022-05-05,1.42,bmo,2441683098.0,2025-04-25,2022-03-31,0.0070422535211267,129.1883870967742,2884239.709677419
2021-12-31,ICE,USD,1571949,2022-02-03,2022-02-03 08:33:47,2021,Q4,2328000000.0,1028000000.0,1300000000.0,0.558419244,0,110000000.0,0.0,110000000.0,1330000000.0,360000000.0,1388000000.0,1000000.0,102000000.0,250000000.0,1190000000.0,0.5111683849,880000000.0,0.3780068729,1229000000.0,2109000000.0,0.9059278351,580000000.0,1527000000.0,0.6559278351,2.72,2.7,562000000,565000000,https://www.sec.gov/Archives/edgar/data/1571949/000157194922000006/0001571949-22-000006-index.htm,https://www.sec.gov/Archives/edgar/data/1571949/000157194922000006/ice-20211231.htm,4.142348754448399,2.717081850533808,1.7669039145907472,1.5462633451957295,1.0800711743772242,40.47686832740214,-21.54982206405694,40.40747330960854,25.395017793594302,76864740000.0,90427740000.0,12.584273084479372,33.0175,77.40658610271905,88.45194476409667,3.384769915011669,3.384769915011669,38.843530927835054,75.9896974789916,91.06519637462236,104.05953970080552,0.0198660660271536,0.0113055739211503,0.6239816812717425,0.0732292172690721,11.39747899159664,1.0057948908487655,8.627450980392156,0.6494440810987574,0.0024198351545845,0.1218074656188605,0.0472508591065292,0.0,0.1801480088061105,0.1248741188318227,0.0532646048109965,0.496,0.0326460481099656,49.701954468592064,0.0153318650513285,0.0096253852990677,-170.38345195729536,889000000.0,-12111000000.0,-16454000000.0,37447000000.0,1267500000.0,699500000.0,128357000000.0,46.70103092783505,61.54669260700389,12867.110894941634,1.9271523178807948,1.4623044096728308,0.0069945771614808,0.0672420626183451,0.2206405693950178,2022-02-03,1.32,bmo,1865550000.0,2025-04-25,2021-12-31,0.0151515151515151,132.47375,2171414.65625
2021-09-30,ICE,USD,1571949,2021-10-28,2021-10-28 08:29:23,2021,Q3,2277000000.0,1017000000.0,1260000000.0,0.5533596838,0,115000000.0,0.0,115000000.0,54000000.0,368000000.0,1385000000.0,0.0,108000000.0,253000000.0,1145000000.0,0.5028546333,878000000.0,0.3855950812,-54000000.0,824000000.0,0.3618796662,187000000.0,633000000.0,0.277997365,1.12,1.12,563000000,566000000,https://www.sec.gov/Archives/edgar/data/1571949/000157194921000013/0001571949-21-000013-index.htm,https://www.sec.gov/Archives/edgar/data/1571949/000157194921000013/ice-20210930.htm,4.044404973357016,1.1243339253996447,0.9289520426287744,0.7726465364120781,2.342806394316163,38.50621669626998,-24.08170515097691,38.29307282415631,25.9449378330373,64643659999.99999,78524660000.0,25.53067140600316,28.38983750548968,123.60164435946464,148.6061149425287,2.9984535460828425,2.9984535460828425,34.486016688625384,68.58048908296944,150.1427533460803,180.51645977011492,0.0097921435760289,0.0067291981920578,0.6725265550350201,0.0962352816237671,12.123144104803494,1.0061411025421307,8.12962962962963,0.8210361067503925,0.0028927817515283,0.2954186413902053,0.0505050505050505,0.0,0.2338811379113512,0.1682600382409178,0.038647342995169,0.3478260869565217,0.0171277997364953,31.124259346849648,0.0167752933845201,0.0054840805717998,-127.52619893428064,688000000.0,-13558000000.0,-16263000000.0,37648000000.0,1313500000.0,666000000.0,101434500000.0,52.45059288537549,61.5929203539823,9711.769911504423,1.7159005275056518,1.4612068965517242,0.0092671058746343,0.0293612876292963,0.1563055062166962,2021-10-28,1.22,bmo,1718900000.0,2025-04-25,2021-09-30,0.0655737704918033,118.68671875,2021917.875
2021-06-30,ICE,USD,1571949,2021-07-29,2021-07-29 08:28:09,2021,Q2,2134000000.0,957000000.0,1177000000.0,0.5515463918,0,117000000.0,0.0,117000000.0,1239000000.0,368000000.0,1325000000.0,0.0,106000000.0,251000000.0,1060000000.0,0.4967197751,799000000.0,0.3744142455,1133000000.0,1932000000.0,0.9053420806,679000000.0,1252000000.0,0.5866916589,2.23,2.22,563000000,565000000,https://www.sec.gov/Archives/edgar/data/1571949/000157194921000010/0001571949-21-000010-index.htm,https://www.sec.gov/Archives/edgar/data/1571949/000157194921000010/ice-20210630.htm,3.7904085257548847,2.2238010657193605,1.5506216696269983,1.330373001776199,2.25222024866785,37.66429840142096,-25.236234458259325,37.44227353463588,26.369449378330373,66828100000.0,80966100000.0,13.344269169329074,31.31588566073102,76.54994272623138,89.22309746328438,3.1702134724857687,3.1702134724857687,37.94100281162137,76.38311320754717,92.7446735395189,108.09893190921228,0.0187346340835666,0.0112078601666065,0.6992409867172675,0.1098442506893211,13.337735849056603,1.0192679045092838,7.537735849056604,0.6967278531524341,0.002798224100341,0.1493610223642172,0.0548266166822867,0.0,0.2639019300991132,0.1420389461626575,0.0581068416119962,0.4940239043824701,0.0173383317713214,43.2832967235489,0.0128717777580979,0.0126750154388167,-113.99467140319716,1816000000.0,-14208000000.0,-16919000000.0,38974000000.0,1415000000.0,654500000.0,89899500000.0,54.82661668228678,59.81191222570533,8757.931034482757,1.6415384615384616,1.5047169811320755,0.0102763997165131,0.059392789373814,0.2202486678507993,2021-07-29,1.16,bmo,1706680000.0,2025-04-25,2021-06-30,0.0,115.09825396825396,2569328.4603174604
2021-03-31,ICE,USD,1571949,2021-04-29,2021-04-29 08:26:46,2021,Q1,2429000000.0,1148000000.0,1281000000.0,0.5273775216,0,116000000.0,0.0,116000000.0,48000000.0,371000000.0,1519000000.0,0.0,107000000.0,255000000.0,1165000000.0,0.4796212433,892000000.0,0.3672293125,-59000000.0,833000000.0,0.3429394813,183000000.0,646000000.0,0.2659530671,1.15,1.14,562000000,565000000,https://www.sec.gov/Archives/edgar/data/1571949/000157194921000007/0001571949-21-000007-index.htm,https://www.sec.gov/Archives/edgar/data/1571949/000157194921000007/ice-20210331.htm,4.322064056939502,1.1494661921708185,1.3060498220640568,1.099644128113879,1.0,35.738434163701065,-27.51067615658363,35.52135231316726,29.558718861209965,62764160000.00001,78707160000.0,24.289535603715173,25.83950596953479,85.50975476839238,101.5601294498382,3.144024445223664,3.144024445223664,32.40311239193083,67.55979399141631,107.23046321525884,127.3578640776699,0.0102924981390653,0.0098463836686414,0.826779542152983,0.1288999960951228,13.684978540772532,0.997460906914834,8.336448598130842,1.1292307692307693,0.0029794073560452,0.2894736842105263,0.0477562783038287,0.0,0.2776055293061033,0.1580381471389645,0.0477562783038287,0.4549019607843137,0.0148209139563606,30.309872247238616,0.0170970601401622,0.0069838592849652,-111.94661921708185,-227000000.0,-15461000000.0,-18785000000.0,37050000000.0,1380000000.0,656000000.0,85878000000.0,56.68999588307946,52.76132404181185,6794.921602787456,1.5875816993464051,1.7057949479940564,0.0132451859287205,0.0323598657516405,0.2064056939501779,2021-04-29,1.3,bmo,2354261538.0,2025-04-25,2021-03-31,0.0307692307692307,113.44983606557376,2433374.0655737706
2020-12-31,ICE,USD,1571949,2021-02-04,2021-02-04 08:29:58,2020,Q4,2233000000.0,1062000000.0,1171000000.0,0.5244066279,0,119000000.0,0.0,119000000.0,5000000.0,376000000.0,1438000000.0,1000000.0,112000000.0,257000000.0,1043000000.0,0.4670846395,780000000.0,0.3493058665,-106000000.0,674000000.0,0.3018360949,146000000.0,526000000.0,0.2355575459,0.94,0.93,561000000,564000000,https://www.sec.gov/Archives/edgar/data/1571949/000157194921000003/0001571949-21-000003-index.htm,https://www.sec.gov/Archives/edgar/data/1571949/000157194921000003/ice-20201231.htm,3.980392156862745,0.9376114081996436,1.9001782531194296,1.6470588235294117,1.03921568627451,34.98573975044563,-28.648841354723707,34.75579322638146,30.24777183600713,64677690000.0,80951690000.0,30.740346958174907,28.96448275862069,60.67325515947468,69.9975,3.31714483536773,3.31714483536773,36.25243618450515,77.61427612655801,75.93967166979363,87.61005411255411,0.0081326342978544,0.0142862245080181,0.8645502102779772,0.1335736925515055,15.60306807286673,0.9911362629120786,6.964285714285714,2.018939393939394,0.0026129566470292,0.3212927756653992,0.0532915360501567,0.0,0.2828763866877971,0.1332082551594746,0.0635915808329601,0.5525291828793775,0.0152261531571876,27.077982479809517,0.0150457641994399,0.0058120904741384,-111.45454545454544,-780000000.0,-16072000000.0,-19354000000.0,36632000000.0,1270000000.0,616500000.0,85988000000.0,49.57456336766681,54.15254237288136,7210.423728813559,1.8154471544715447,1.6619718309859155,0.0124819294101054,0.0269771258590624,0.2531194295900178,2021-02-04,1.08,bmo,2129620370.0,2025-04-25,2020-12-31,0.0462962962962961,103.77515625,2524922.0
2020-09-30,ICE,USD,1571949,2020-10-29,2020-10-29 08:31:07,2020,Q3,1930000000.0,948000000.0,982000000.0,0.5088082902,0,99000000.0,0.0,99000000.0,44000000.0,279000000.0,1227000000.0,1000000.0,89000000.0,180000000.0,883000000.0,0.4575129534,627000000.0,0.3248704663,-44000000.0,583000000.0,0.3020725389,189000000.0,390000000.0,0.2020725389,0.71,0.71,548000000,551000000,https://www.sec.gov/Archives/edgar/data/1571949/000157194920000012/0001571949-20-000012-index.htm,https://www.sec.gov/Archives/edgar/data/1571949/000157194920000012/ice-20200930.htm,3.521897810218978,0.7116788321167883,0.7974452554744526,0.5711678832116789,1.1131386861313868,34.93795620437956,-30.2992700729927,34.70985401459854,32.36496350364963,54827400000.0,71864400000.0,35.14576923076923,28.4079792746114,125.46315789473684,175.16741214057507,2.882466747279323,2.882466747279323,37.23544041450777,81.38663646659117,164.44942791762014,229.59872204472845,0.0071132317053152,0.0057088244199068,0.9277640502602388,0.1377810743285446,19.29445073612684,0.9938786432665077,7.044943820224719,1.1091370558375635,0.0031006394612912,0.4358974358974359,0.0512953367875647,0.0,0.2791224234853217,0.2837528604118993,0.0642487046632124,0.6888888888888889,0.016580310880829,23.57543293942252,0.010371193407656,0.0042239792050254,-116.59671532846716,-549000000.0,-16604000000.0,-19797000000.0,36894000000.0,1294500000.0,557000000.0,90923000000.0,61.08808290155441,56.392405063291136,8249.335443037975,1.4732824427480915,1.595959595959596,0.0109099697328898,0.0205036538562641,0.2262773722627737,2020-10-29,0.99,bmo,1855048543.0,2025-04-25,2020-09-30,0.0404040404040404,98.58296875,2999419.953125
2020-06-30,ICE,USD,1571949,2020-07-30,2020-07-30 08:29:37,2020,Q2,1966000000.0,970000000.0,996000000.0,0.506612411,0,93000000.0,0.0,93000000.0,11000000.0,250000000.0,1220000000.0,2000000.0,84000000.0,157000000.0,903000000.0,0.4593082401,744000000.0,0.3784333672,-71000000.0,673000000.0,0.3423194303,145000000.0,523000000.0,0.2660223805,0.96,0.95,546000000,549000000,https://www.sec.gov/Archives/edgar/data/1571949/000157194920000009/0001571949-20-000009-index.htm,https://www.sec.gov/Archives/edgar/data/1571949/000157194920000009/ice-20200630.htm,3.600732600732601,0.957875457875458,1.5714285714285714,1.4157509157509158,1.6117216117216118,31.2985347985348,-12.076923076923077,31.04945054945055,16.054945054945055,50013600000.0,57815600000.0,23.90707456978967,25.439267548321464,58.29090909090909,64.7006468305304,2.9501327198725886,2.9501327198725886,29.407731434384537,64.02613510520487,67.38414918414918,74.79379042690815,0.0104571556536622,0.0154557960234816,0.5121217483631215,0.0699822666451717,8.640088593576966,1.0129115424199266,8.857142857142858,1.625,0.0032791080826015,0.3135755258126195,0.0473041709053916,0.0,0.1908995647267451,0.099067599067599,0.04323499491353,0.5414012738853503,0.0162767039674465,25.868589058766183,0.0204291902274881,0.0052103569542823,-105.59569597069596,1242000000.0,-6594000000.0,-9536000000.0,26435000000.0,1424000000.0,534000000.0,102407500000.0,58.55035605289929,48.24742268041237,8810.072164948453,1.5371383893666928,1.8653846153846152,0.010215580339747,0.0308499970506694,0.1556776556776556,2020-07-30,1.04,bmo,1355887850.0,2025-04-25,2020-06-30,0.0288461538461538,91.54587301587304,3017781.698412698
2020-03-31,ICE,USD,1571949,2020-04-30,2020-04-30 08:30:32,2020,Q1,2115000000.0,965000000.0,1150000000.0,0.5437352246,0,99000000.0,0.0,99000000.0,20000000.0,256000000.0,1221000000.0,6000000.0,72000000.0,157000000.0,1051000000.0,0.4969267139,882000000.0,0.4170212766,-46000000.0,836000000.0,0.3952718676,178000000.0,650000000.0,0.3073286052,1.18,1.17,552000000,555000000,https://www.sec.gov/Archives/edgar/data/1571949/000157194920000006/0001571949-20-000006-index.htm,https://www.sec.gov/Archives/edgar/data/1571949/000157194920000006/ice202033110q.htm,3.8315217391304346,1.177536231884058,0.9420289855072465,0.8351449275362319,1.056159420289855,30.90942028985507,-12.096014492753625,30.68659420289855,15.701086956521738,44574000000.0,52586000000.0,17.143846153846155,21.07517730496454,85.71923076923078,96.68980477223428,2.631442233898105,2.631442233898105,24.863356973995277,50.034253092293056,101.12692307692308,114.06941431670282,0.0145824920357158,0.0103423520437923,0.5074089379538343,0.061878604185715,7.623215984776404,0.9887867096524144,12.25,0.790273556231003,0.0037241441198905,0.2553846153846154,0.0468085106382978,0.0,0.1709058970057811,0.1134615384615384,0.0278959810874704,0.375796178343949,0.0193853427895981,28.513645354607284,0.0244043359919424,0.0056442229207551,-118.0221920289855,-1273000000.0,-6677000000.0,-9586000000.0,23969000000.0,1278500000.0,526500000.0,87896000000.0,66.76595744680851,51.10880829015544,10246.19689119171,1.3479923518164436,1.760948905109489,0.0087837468824525,0.0383729854182655,0.1068840579710145,2020-04-30,1.24,bmo,1510281250.0,2025-04-25,2020-03-31,0.032258064516129,90.61870967741936,4661061.354838709
2019-12-31,ICE,USD,1571949,2020-02-06,2020-02-06 08:33:20,2019,Q4,1667000000.0,766000000.0,901000000.0,0.5404919016,0,89000000.0,0.0,89000000.0,29000000.0,278000000.0,1044000000.0,7000000.0,71000000.0,189000000.0,847000000.0,0.5080983803,622000000.0,0.3731253749,-35000000.0,587000000.0,0.3521295741,134000000.0,448000000.0,0.2687462507,0.81,0.8,556000000,560000000,https://www.sec.gov/Archives/edgar/data/1571949/000157194920000003/0001571949-20-000003-index.htm,https://www.sec.gov/Archives/edgar/data/1571949/000157194920000003/ice2019123110k.htm,2.9982014388489207,0.8057553956834532,1.3974820143884892,1.2140287769784173,1.512589928057554,31.230215827338128,-11.215827338129497,31.034172661870503,14.696043165467628,51457800000.0,58716800000.0,28.71529017857143,30.86850629874025,66.22625482625483,76.23377777777777,2.9821964647928136,2.9821964647928136,35.22303539292142,69.32325855962219,75.56859716859717,86.98785185185186,0.0087061631084111,0.0131175448620034,0.4694291509707331,0.0857206353909813,8.570247933884298,0.9878371308997907,8.76056338028169,1.7152317880794703,0.0029927435685163,0.34375,0.0533893221355728,0.0,0.2497539500280444,0.1312741312741312,0.0611877624475105,0.5396825396825397,0.0233953209358128,23.719905599299224,0.0169939184827967,0.0063193827317224,-76.5863309352518,-837000000.0,-6236000000.0,-9150000000.0,24299000000.0,1022000000.0,524000000.0,66431500000.0,53.34133173365326,59.33420365535248,7746.344647519581,1.687246963562753,1.5168316831683168,0.0116183831336265,0.0259634888438133,0.1834532374100719,2020-02-06,0.95,bmo,1298000000.0,2025-04-25,2019-12-31,0.0,92.8046875,2415434.0625
2019-09-30,ICE,USD,1571949,2019-10-31,2019-10-31 08:31:49,2019,Q3,1663000000.0,714000000.0,949000000.0,0.570655442,0,85000000.0,0.0,85000000.0,-2000000.0,243000000.0,957000000.0,8000000.0,72000000.0,158000000.0,864000000.0,0.5195429946,706000000.0,0.4245339747,-66000000.0,640000000.0,0.3848466627,103000000.0,529000000.0,0.3180998196,0.95,0.94,559000000,563000000,https://www.sec.gov/Archives/edgar/data/1571949/000157194919000015/0001571949-19-000015-index.htm,https://www.sec.gov/Archives/edgar/data/1571949/000157194919000015/ice201993010q.htm,2.9749552772808587,0.9463327370304114,0.8944543828264758,0.7710196779964222,1.1717352415026834,30.871198568872988,-11.418604651162791,30.699463327370303,14.640429338103758,51578930000.0,59035930000.0,24.375675803402647,31.015592303066747,103.15786,119.67269141531322,3.0055900005827167,3.0055900005827167,35.49965724594107,68.32862268518518,118.07186,136.97431554524363,0.010256125902573,0.0083561252627768,0.4726997261231863,0.085085851540293,8.630787037037036,1.0049172673417577,9.805555555555555,0.931098696461825,0.0030051030527387,0.2930056710775047,0.0511124473842453,0.0,0.2479572892520374,0.138,0.0414912808177991,0.4367088607594936,0.0216476247745039,25.56693002706796,0.0210555955427596,0.007378066639702,-77.22450805008944,337000000.0,-6383000000.0,-9211000000.0,25482000000.0,1059000000.0,530500000.0,64583000000.0,57.149729404690326,68.44537815126051,8436.932773109243,1.574810606060606,1.3149171270718232,0.0106673838017121,0.0308257094574908,0.1234347048300536,2019-10-31,0.96,bmo,1209962264.0,2025-04-25,2019-09-30,0.1041666666666667,91.28375,1959543.484375
2019-06-30,ICE,USD,1571949,2019-08-01,2019-08-01 08:35:16,2019,Q2,1634000000.0,708000000.0,926000000.0,0.5667074663,0,88000000.0,0.0,88000000.0,9000000.0,245000000.0,953000000.0,10000000.0,71000000.0,157000000.0,838000000.0,0.5128518972,680000000.0,0.4161566707,-52000000.0,628000000.0,0.3843329253,150000000.0,472000000.0,0.2888616891,0.84,0.84,563000000,566000000,https://www.sec.gov/Archives/edgar/data/1571949/000157194919000012/0001571949-19-000012-index.htm,https://www.sec.gov/Archives/edgar/data/1571949/000157194919000012/ice201963010q.htm,2.902309058614565,0.8383658969804618,1.2930728241563054,1.1705150976909413,1.4866785079928952,30.58259325044405,-11.60923623445826,30.399644760213143,14.504440497335702,48508080000.0,55766080000.0,25.692838983050844,29.68670746634027,66.63197802197803,73.6086191198786,2.8342436459246274,2.8342436459246274,34.12856793145655,66.54663484486873,76.60175824175825,84.62227617602429,0.0097303377086868,0.0135853655720861,0.4729769208296815,0.0890245243593973,8.66109785202864,1.0037579329809296,9.577464788732394,1.5230125523012552,0.0031953439509459,0.3283898305084746,0.0538555691554467,0.0,0.2612339161992741,0.0947802197802197,0.0422276621787025,0.4394904458598726,0.0214198286413708,23.946514831262576,0.0184178925996155,0.007026318923425,-72.75666074600355,241000000.0,-6536000000.0,-9340000000.0,25520000000.0,1121500000.0,513500000.0,63832500000.0,58.49449204406365,65.84745762711864,7910.974576271186,1.5386064030131827,1.3667953667953667,0.0113766008387832,0.0275781478235465,0.1225577264653641,2019-08-01,0.92,bmo,1270382978.0,2025-04-25,2019-06-30,0.0217391304347825,81.66904761904762,2423545.0
2019-03-31,ICE,USD,1571949,2019-05-02,2019-05-02 08:31:50,2019,Q1,1583000000.0,668000000.0,915000000.0,0.5780164245,0,92000000.0,0.0,92000000.0,23000000.0,250000000.0,918000000.0,9000000.0,71000000.0,158000000.0,823000000.0,0.5198989261,665000000.0,0.4200884397,-39000000.0,626000000.0,0.395451674,134000000.0,484000000.0,0.3057485786,0.85,0.85,568000000,570000000,https://www.sec.gov/Archives/edgar/data/1571949/000157194919000006/0001571949-19-000006-index.htm,https://www.sec.gov/Archives/edgar/data/1571949/000157194919000006/ice201933110q.htm,2.7869718309859155,0.852112676056338,1.1514084507042253,1.0369718309859155,1.1496478873239435,30.283450704225352,-11.096830985915492,30.116197183098592,13.862676056338028,43736000000.0,50886000000.0,22.59090909090909,27.628553379658875,66.87461773700306,74.2546689303905,2.556763708640243,2.556763708640243,32.1452937460518,61.82989064398542,77.80733944954129,86.39388794567063,0.011066398390342,0.0134671666361807,0.4561557348298842,0.0831371128418764,8.687727825030377,1.0067129111658089,9.366197183098592,1.329268292682927,0.0035897201390159,0.3243801652892562,0.0581174984207201,0.0,0.2504235166263571,0.0993883792048929,0.0410612760581175,0.4113924050632911,0.0183196462413139,24.02922909546696,0.0187821812336399,0.0068795929100393,-74.65008802816901,450000000.0,-6303000000.0,-9171000000.0,25492000000.0,1067000000.0,515000000.0,65102500000.0,67.14466203411244,68.57784431137725,8815.688622754491,1.34038950042337,1.31237721021611,0.0102090720136936,0.0282941657897813,0.1144366197183098,2019-05-02,0.9,bmo,1242391304.0,2025-04-25,2019-03-31,0.0222222222222222,74.91721311475409,3008469.295081967
2018-12-31,ICE,USD,1571949,2019-02-07,2019-02-07 08:32:23,2018,Q4,1677000000.0,743000000.0,934000000.0,0.556946929,0,100000000.0,0.0,100000000.0,126000000.0,257000000.0,1000000000.0,7000000.0,71000000.0,157000000.0,944000000.0,0.5629099583,676000000.0,0.4031007752,62000000.0,738000000.0,0.4400715564,119000000.0,611000000.0,0.3643410853,1.07,1.07,569000000,573000000,https://www.sec.gov/Archives/edgar/data/1571949/000157194919000003/0001571949-19-000003-index.htm,https://www.sec.gov/Archives/edgar/data/1571949/000157194919000003/ice2018123110k.htm,2.9472759226713534,1.0738137082601054,1.4024604569420036,1.193321616871705,1.2724077328646748,30.40773286467487,-10.975395430579963,30.23022847100176,13.202108963093146,42862770000.0,49579770000.0,17.537958265139117,25.559194991055456,53.71274436090225,63.12631811487481,2.491876635079356,2.491876635079356,29.56456171735241,52.52094279661017,62.130037593984966,73.01880706921943,0.0142547950120815,0.0158412533767649,0.4325911284227661,0.0801909667963487,7.115466101694915,1.0088340291643976,9.52112676056338,1.2891760904684977,0.0032195772695045,0.2258592471358428,0.0596302921884317,0.0,0.2537638348546734,0.1491228070175438,0.0709600477042337,0.7579617834394905,0.0220632081097197,27.02566852197969,0.0205181041460845,0.0088238692161053,-73.22275922671353,584000000.0,-6245000000.0,-8797000000.0,25372000000.0,986500000.0,503500000.0,62177000000.0,51.14490161001789,63.10901749663526,7845.989232839838,1.7597061909758658,1.4261036468330135,0.0114708288947555,0.0355211906284518,0.2091388400702987,2019-02-07,0.92,bmo,1280170212.0,2025-04-25,2018-12-31,0.0217391304347825,76.63746031746031,3166564.571428572
2018-09-30,ICE,USD,1571949,2018-10-31,2018-10-31 08:30:21,2018,Q3,1463000000.0,621000000.0,842000000.0,0.5755297334,0,86000000.0,0.0,86000000.0,18000000.0,234000000.0,855000000.0,6000000.0,66000000.0,148000000.0,757000000.0,0.5174299385,602000000.0,0.4114832536,-48000000.0,554000000.0,0.3786739576,89000000.0,458000000.0,0.3130553657,0.8,0.79,572000000,576000000,https://www.sec.gov/Archives/edgar/data/1571949/000157194918000014/0001571949-18-000014-index.htm,https://www.sec.gov/Archives/edgar/data/1571949/000157194918000014/ice201893010q.htm,2.5576923076923075,0.8006993006993007,0.8723776223776224,0.7797202797202797,0.9003496503496503,29.465034965034967,-11.407342657342657,29.426573426573427,13.552447552447552,43043000000.0,50214000000.0,23.49508733624454,29.42105263157895,86.25851703406813,96.50896860986548,2.5572124524714828,2.5572124524714828,34.32262474367737,66.332892998679,100.62925851703407,112.58744394618834,0.0106405222684292,0.0103617312919638,0.4566302281368821,0.0880997684601453,9.472919418758256,1.0037664783427496,9.12121212121212,1.0731182795698924,0.003206096229352,0.3013100436681222,0.0587833219412166,0.0,0.2679787258430572,0.1062124248496994,0.036226930963773,0.3581081081081081,0.0218728639781271,23.024798092584096,0.018458038672667,0.0071716017099102,-68.7368881118881,230000000.0,-6525000000.0,-9093000000.0,24815000000.0,1034500000.0,445500000.0,57694500000.0,62.747778537252216,70.43478260869566,8634.927536231884,1.434313725490196,1.2777777777777777,0.0104227857874154,0.0272100760456273,0.0926573426573426,2018-10-31,0.8,bmo,1129411764.0,2025-04-25,2018-09-30,0.0624999999999999,75.1784126984127,2214085.4603174604
2018-06-30,ICE,USD,1571949,2018-08-02,2018-08-02 08:30:30,2018,Q2,1556000000.0,659000000.0,897000000.0,0.5764781491,0,84000000.0,0.0,84000000.0,11000000.0,227000000.0,886000000.0,5000000.0,55000000.0,143000000.0,809000000.0,0.5199228792,655000000.0,0.4209511568,-44000000.0,611000000.0,0.3926735219,149000000.0,455000000.0,0.2924164524,0.79,0.78,578000000,581000000,https://www.sec.gov/Archives/edgar/data/1571949/000157194918000011/0001571949-18-000011-index.htm,https://www.sec.gov/Archives/edgar/data/1571949/000157194918000011/ice201863010q.htm,2.692041522491349,0.78719723183391,1.1470588235294117,1.0484429065743943,0.9204152249134948,29.13494809688581,-10.150519031141869,29.07439446366782,12.060553633217992,42511900000.0,48895900000.0,23.35818681318681,27.321272493573264,64.12051282051283,70.1516501650165,2.529717346027968,2.529717346027968,31.42410025706941,60.43992583436341,73.74947209653092,80.68630363036304,0.0107028855449885,0.0142548321764023,0.411544183278786,0.0834791845208637,7.8912237330037085,0.977349135735389,11.909090909090908,1.4350649350649352,0.0032696727269305,0.3054945054945055,0.0539845758354755,0.0,0.2740835516071795,0.085972850678733,0.0366323907455012,0.3986013986013986,0.0205655526992287,22.69281524797101,0.0186205748214089,0.0075656800798137,-63.64057093425605,-1334000000.0,-5867000000.0,-8447000000.0,22593000000.0,1108000000.0,440500000.0,55295500000.0,60.67480719794344,55.31107738998482,7621.729893778453,1.4833174451858913,1.6271604938271604,0.0118083428899082,0.0270752752157096,0.0986159169550173,2018-08-02,0.89,bmo,1232155555.0,2025-04-25,2018-06-30,0.0112359550561797,72.8165625,2437616.296875
2018-03-31,ICE,USD,1571949,2018-05-03,2018-05-03 08:30:46,2018,Q1,1580000000.0,700000000.0,880000000.0,0.5569620253,0,80000000.0,0.0,80000000.0,19000000.0,218000000.0,918000000.0,4000000.0,52000000.0,138000000.0,800000000.0,0.5063291139,650000000.0,0.4113924051,-33000000.0,617000000.0,0.3905063291,143000000.0,464000000.0,0.2936708861,0.8,0.79,582000000,586000000,https://www.sec.gov/Archives/edgar/data/1571949/000157194918000007/0001571949-18-000007-index.htm,https://www.sec.gov/Archives/edgar/data/1571949/000157194918000007/ice201833110q.htm,2.7147766323024056,0.7972508591065293,0.9845360824742267,0.8969072164948454,0.8986254295532646,29.219931271477662,-10.02405498281787,29.171821305841924,11.93127147766323,42206640000.0,48575640000.0,22.740646551724137,26.71306329113924,73.65905759162303,80.85563218390804,2.485960654965249,2.485960654965249,30.74407594936709,60.71955,84.77424083769634,93.0567816091954,0.0109935308757105,0.0123677222351743,0.4059370950642007,0.0839852794228753,7.96125,0.977358230076278,12.5,1.2088607594936709,0.0033170136262919,0.3017241379310345,0.050632911392405,0.0,0.278326143647486,0.0890052356020942,0.0322784810126582,0.3695652173913043,0.0183544303797468,22.875496518112,0.0186750327904117,0.0078349262098544,-62.31314432989691,-1312000000.0,-5834000000.0,-8422000000.0,22763000000.0,1035000000.0,469000000.0,53387000000.0,66.4746835443038,61.2,7043.528571428571,1.353898886032562,1.4705882352941178,0.0127776865085884,0.027329485216162,0.0876288659793814,2018-05-03,0.88,bmo,1197777777.0,2025-04-25,2018-03-31,0.0227272727272727,73.09786885245902,2887315.426229508
2017-12-31,ICE,USD,1571949,2018-02-07,2018-02-07 08:34:03,2017,Q4,1439000000.0,625000000.0,814000000.0,0.5656706046,0,82000000.0,0.0,82000000.0,127000000.0,213000000.0,838000000.0,0.0,50000000.0,131000000.0,732000000.0,0.5086865879,592000000.0,0.4113968033,77000000.0,669000000.0,0.4649061849,-562000000.0,1225000000.0,0.851285615,2.1,2.08,584000000,589000000,https://www.sec.gov/Archives/edgar/data/1571949/000157194918000003/0001571949-18-000003-index.htm,https://www.sec.gov/Archives/edgar/data/1571949/000157194918000003/ice2017123110k.htm,2.464041095890411,2.0976027397260277,1.1558219178082192,0.9554794520547946,0.9434931506849316,29.02739726027397,-9.474315068493151,28.97945205479452,10.530821917808218,41207040000.0,46772040000.0,8.409600000000001,28.63588603196664,61.047466666666665,73.84774193548387,2.434828645710234,2.434828645710234,32.50315496872828,63.89622950819672,69.2919111111111,83.82086021505377,0.0297279299847792,0.0135413754542913,0.3604348853698889,0.0779413267913727,7.602459016393443,0.988757822451127,11.84,0.5483346872461413,0.0028635883577175,0.0963265306122449,0.0569840166782487,0.0,0.2872968414596749,0.1733333333333333,0.0813064628214037,0.8931297709923665,0.0229325920778318,36.98264465371103,0.0420163309462933,0.0219616701626059,-58.37029109589041,-609000000.0,-5533000000.0,-7750000000.0,23122000000.0,900000000.0,444500000.0,52577000000.0,56.47671994440584,66.528,7486.704000000001,1.593576965669989,1.352813852813853,0.0120213113808159,0.0723824155046088,0.2003424657534246,2018-02-07,0.72,bmo,1130301369.0,2025-04-25,2017-12-31,0.0138888888888889,68.65047619047618,3100890.4603174604
2017-09-30,ICE,USD,1571949,2017-11-02,2017-11-02 08:34:54,2017,Q3,1432000000.0,619000000.0,813000000.0,0.5677374302,0,85000000.0,0.0,85000000.0,11000000.0,213000000.0,832000000.0,0.0,47000000.0,128000000.0,742000000.0,0.5181564246,596000000.0,0.4162011173,-36000000.0,560000000.0,0.3910614525,185000000.0,369000000.0,0.2576815642,0.63,0.63,588000000,592000000,https://www.sec.gov/Archives/edgar/data/1571949/000157194917000011/0001571949-17-000011-index.htm,https://www.sec.gov/Archives/edgar/data/1571949/000157194917000011/ice201793010q.htm,2.435374149659864,0.6275510204081632,0.5306122448979592,0.3775510204081632,0.7397959183673469,27.24319727891157,-10.29421768707483,27.197278911564627,10.389455782312924,40395600000.0,46038600000.0,27.368292682926832,28.20921787709497,129.47307692307692,181.96216216216217,2.5259879939969987,2.5259879939969987,32.149860335195534,62.0466307277628,147.5596153846154,207.38108108108108,0.0091346582301042,0.0054956480408757,0.379064532266133,0.0766197325513789,7.605121293800539,1.0117032967032966,12.680851063829786,0.832,0.0029458653912802,0.3224932249322493,0.0593575418994413,0.0,0.2789757071715665,0.2884615384615384,0.0628491620111731,0.703125,0.0237430167597765,19.596499763956587,0.0155204022110496,0.0064684640465589,-60.22066326530612,639000000.0,-6053000000.0,-7860000000.0,23903000000.0,904500000.0,421000000.0,53758500000.0,56.375698324022345,62.08400646203554,7729.67689822294,1.596432552954292,1.449648711943794,0.0116434362244418,0.0230740370185092,0.1530612244897959,2017-11-02,0.7,bmo,1100821917.0,2025-04-25,2017-09-30,0.0428571428571429,65.88412698412698,2092115.650793651
2017-06-30,ICE,USD,1571949,2017-08-03,2017-08-03 08:30:10,2017,Q2,1494000000.0,647000000.0,847000000.0,0.5669344043,0,87000000.0,0.0,87000000.0,1000000.0,229000000.0,876000000.0,0.0,45000000.0,142000000.0,754000000.0,0.5046854083,609000000.0,0.4076305221,-44000000.0,565000000.0,0.3781793842,139000000.0,418000000.0,0.2797858099,0.71,0.71,591000000,595000000,https://www.sec.gov/Archives/edgar/data/1571949/000157194917000009/0001571949-17-000009-index.htm,https://www.sec.gov/Archives/edgar/data/1571949/000157194917000009/ice201763010q.htm,2.527918781725888,0.7072758037225042,0.8240270727580372,0.6818950930626058,0.7021996615905245,26.95939086294416,-10.441624365482234,26.900169204737733,10.05414551607445,38958720000.0,44457720000.0,23.300669856459333,26.076787148594377,79.99737166324435,96.6717617866005,2.450542206566864,2.450542206566864,29.757510040160643,58.962493368700265,91.28895277207393,110.31692307692308,0.0107293052749166,0.0103442823583526,0.3709271606491383,0.0734151685673024,7.293103448275862,0.993470494024886,13.533333333333331,1.1431924882629108,0.0030545151380743,0.284688995215311,0.0582329317269076,0.0,0.2751854987301429,0.1724845995893223,0.0562248995983935,0.5915492957746479,0.0227576974564926,20.690127425354955,0.0179871208570564,0.0071796633459292,-61.1082910321489,-371000000.0,-6171000000.0,-7943000000.0,22894000000.0,955500000.0,433000000.0,53725500000.0,54.93975903614458,57.727975270479135,7560.834621329212,1.638157894736842,1.5590361445783132,0.0119034477683335,0.0262926154233236,0.1421319796954314,2017-08-03,0.76,bmo,1195733333.0,2025-04-25,2017-06-30,-0.0131578947368421,61.33285714285714,2602642.603174603
2017-03-31,ICE,USD,1571949,2017-05-03,2017-05-03 08:31:25,2017,Q1,1469000000.0,648000000.0,821000000.0,0.5588835943,0,91000000.0,0.0,91000000.0,186000000.0,225000000.0,873000000.0,0.0,45000000.0,134000000.0,740000000.0,0.5037440436,582000000.0,0.3961878829,141000000.0,723000000.0,0.4921715453,213000000.0,502000000.0,0.3417290674,0.85,0.84,594000000,599000000,https://www.sec.gov/Archives/edgar/data/1571949/000157194917000006/0001571949-17-000006-index.htm,https://www.sec.gov/Archives/edgar/data/1571949/000157194917000006/ice201733110q.htm,2.473063973063973,0.8451178451178452,1.0286195286195283,0.9175084175084176,0.6414141414141414,26.63973063973064,-11.505050505050503,26.523569023569024,10.594276094276092,35562780000.0,41450780000.0,17.71054780876494,24.208835942818244,58.20422258592472,65.25280733944955,2.2572377023167247,2.2572377023167247,28.21700476514636,56.01456756756757,67.840883797054,76.05647706422019,0.0141158818292608,0.0153250111492971,0.3965725166613773,0.0786277890338899,7.956756756756757,0.9833410705995786,12.933333333333334,1.1980392156862745,0.0033743143814966,0.2390438247011952,0.0619469026548672,0.0,0.285138995507343,0.1080196399345335,0.044928522804629,0.4925373134328358,0.023144996596324,22.4577310453604,0.0158920535395477,0.0088372502420561,-60.53914141414141,-933000000.0,-6834000000.0,-8566000000.0,22857000000.0,888000000.0,419500000.0,54463000000.0,61.20490129339687,62.638888888888886,7374.583333333333,1.4704704704704703,1.436807095343681,0.0122040793265156,0.031862900666455,0.1111111111111111,2017-05-03,0.73,bmo,1148270270.0,2025-04-25,2017-03-31,0.0136986301369863,58.51306451612904,2842275.870967742
2016-12-31,ICE,USD,1571949,2017-02-07,2017-02-07 08:26:48,2016,Q4,1484000000.0,680000000.0,804000000.0,0.5417789757,0,87000000.0,0.0,87000000.0,16000000.0,227000000.0,907000000.0,0.0,44000000.0,140000000.0,717000000.0,0.4831536388,558000000.0,0.3760107817,-28000000.0,530000000.0,0.3571428571,171000000.0,352000000.0,0.2371967655,0.59,0.59,595000000,600000000,https://www.sec.gov/Archives/edgar/data/1571949/000157194917000003/0001571949-17-000003-index.htm,https://www.sec.gov/Archives/edgar/data/1571949/000157194917000003/ice2016123110k.htm,2.494117647058824,0.5915966386554622,1.0773109243697478,0.8907563025210085,0.7226890756302521,26.537815126050425,-11.631932773109243,26.415126050420167,10.769747899159665,33569900000.0,39526900000.0,23.84225852272727,22.62122641509434,52.37113884555383,63.33943396226415,2.1358974358974363,2.1358974358974363,26.635377358490565,55.128172942817294,61.66443057722309,74.57905660377358,0.0104855838116884,0.0157879528982809,0.4049118788572883,0.0776069168201163,8.308228730822874,0.9746831124076633,12.681818181818182,1.7855153203342615,0.0030384362181597,0.2897727272727273,0.0586253369272237,0.0,0.2769532821969928,0.1731669266770671,0.0747978436657682,0.7928571428571428,0.022911051212938,18.75125982632901,0.0146051253037539,0.0059367199622208,-62.66512605042017,-1484000000.0,-6921000000.0,-9080000000.0,22356000000.0,783000000.0,385500000.0,53145000000.0,47.12264150943396,51.35294117647059,7389.132352941176,1.90990990990991,1.7525773195876289,0.0121800497949094,0.022396131577273,0.1865546218487395,2017-02-07,0.69,bmo,1118577464.0,2025-04-25,2016-12-31,0.0289855072463768,55.38047619047619,2956110.714285714
2016-09-30,ICE,USD,1571949,2016-11-01,2016-11-01 08:24:15,2016,Q3,1416000000.0,667000000.0,749000000.0,0.5289548023,0,80000000.0,0.0,80000000.0,13000000.0,261000000.0,928000000.0,0.0,44000000.0,181000000.0,668000000.0,0.4717514124,474000000.0,0.3347457627,-31000000.0,443000000.0,0.3128531073,93000000.0,344000000.0,0.2429378531,0.58,0.57,596000000,600000000,https://www.sec.gov/Archives/edgar/data/1571949/000157194916000029/0001571949-16-000029-index.htm,https://www.sec.gov/Archives/edgar/data/1571949/000157194916000029/ice201693010q.htm,2.3758389261744965,0.5771812080536913,0.6795302013422819,0.5167785234899329,0.8087248322147651,26.13758389261745,-11.39261744966443,26.026845637583893,10.65268456375839,32106520000.0,37953520000.0,23.33322674418604,22.67409604519774,79.27535802469134,104.24194805194806,2.069785972150593,2.069785972150593,26.80333333333333,56.81664670658682,93.7123950617284,123.22571428571428,0.0107143346585055,0.0095930670779642,0.4064595152140278,0.0826386704414386,8.752994011976048,0.9902586239828858,10.772727272727272,1.1571428571428573,0.0031769248115336,0.2965116279069767,0.0564971751412429,0.0,0.2931739540736081,0.2395061728395061,0.068502824858757,0.5359116022099447,0.0211864406779661,18.384766510779283,0.0146704312814979,0.006378875537754,-57.741191275167786,-510000000.0,-6790000000.0,-8874000000.0,22938000000.0,825500000.0,366500000.0,49842000000.0,50.14830508474576,51.67916041979011,6808.830584707646,1.7946768060836502,1.741514360313316,0.0132181288519847,0.0221763795771016,0.1627516778523489,2016-11-01,0.64,bmo,1078000000.0,2025-04-25,2016-09-30,0.0,54.5778125,2626769.921875
2016-06-30,ICE,USD,1571949,2016-08-03,2016-08-03 08:23:46,2016,Q2,1504000000.0,703000000.0,801000000.0,0.5325797872,0,84000000.0,0.0,84000000.0,9000000.0,230000000.0,933000000.0,0.0,44000000.0,146000000.0,717000000.0,0.4767287234,551000000.0,0.366356383,-35000000.0,516000000.0,0.3430851064,153000000.0,357000000.0,0.2373670213,0.6,0.6,595000000,599000000,https://www.sec.gov/Archives/edgar/data/1571949/000157194916000025/0001571949-16-000025-index.htm,https://www.sec.gov/Archives/edgar/data/1571949/000157194916000025/ice201663010q.htm,2.5277310924369747,0.6,0.8504201680672269,0.680672268907563,0.6957983193277311,25.82016806722689,-12.060504201680672,25.70084033613445,11.04873949579832,30458050000.0,36598050000.0,21.329166666666666,20.25136303191489,60.19377470355731,75.20506172839507,1.9917636672770072,1.9917636672770072,24.33380984042553,51.04330543933055,72.32816205533597,90.36555555555556,0.0117210392654815,0.0132969773179832,0.4270206643996861,0.0868074018930128,8.563458856345886,0.9842917687312882,12.522727272727272,1.393939393939394,0.0033817004043266,0.2885154061624649,0.0558510638297872,0.0,0.2996251196426672,0.1996047430830039,0.0671542553191489,0.6917808219178082,0.0206117021276595,18.626898414331222,0.015143262609808,0.0067761222359305,-57.46050420168067,-808000000.0,-7176000000.0,-9231000000.0,22779000000.0,901500000.0,374500000.0,51104500000.0,51.58244680851064,44.80796586059744,6301.664295874823,1.7447795823665893,2.0085714285714285,0.0142819413688722,0.0233455401517133,0.1697478991596638,2016-08-03,0.68,bmo,1112637681.0,2025-04-25,2016-06-30,0.014705882352941,50.46078125,3987140.234375
2016-03-31,ICE,USD,1571949,2016-05-04,2016-05-04 08:21:36,2016,Q1,1554000000.0,728000000.0,826000000.0,0.5315315315,0,72000000.0,0.0,72000000.0,2000000.0,215000000.0,943000000.0,0.0,46000000.0,143000000.0,754000000.0,0.4851994852,584000000.0,0.3758043758,-44000000.0,540000000.0,0.3474903475,163000000.0,369000000.0,0.2374517375,0.62,0.62,595000000,598000000,https://www.sec.gov/Archives/edgar/data/1571949/000157194916000022/0001571949-16-000022-index.htm,https://www.sec.gov/Archives/edgar/data/1571949/000157194916000022/ice201633110q.htm,2.611764705882353,0.6201680672268908,1.0033613445378151,0.9092436974789916,0.8285714285714286,25.401680672268903,-12.806722689075633,25.290756302521007,11.44873949579832,27982850000.0,34280850000.0,18.958570460704607,18.006981981981983,46.87244556113903,51.72430683918669,1.8595727006911216,1.8595727006911216,22.05974903474904,45.46531830238727,57.42185929648241,63.36571164510166,0.0131866482506249,0.0193332701994257,0.4496278575225944,0.0854724608388074,8.352785145888594,0.9805521604716372,12.695652173913045,1.5835543766578248,0.0036450897603353,0.2764227642276423,0.0463320463320463,0.0,0.2871905002526528,0.0938023450586264,0.036036036036036,0.3916083916083916,0.0186615186615186,18.78567772889541,0.0159439433176332,0.0065395385106156,-61.09957983193277,-1082000000.0,-7620000000.0,-9492000000.0,22670000000.0,820500000.0,398500000.0,52406000000.0,54.49806949806949,49.32692307692307,6550.4670329670325,1.6514346439957492,1.824561403508772,0.0137394783527724,0.0245215311004784,0.0941176470588235,2016-05-04,0.73,bmo,1138405405.0,2025-04-25,2016-03-31,0.0136986301369863,48.64754098360656,5133373.1147540985
2015-12-31,ICE,USD,1571949,2016-02-04,2016-02-04 08:31:47,2015,Q4,1219000000.0,566000000.0,653000000.0,0.5356849877,0,83000000.0,0.0,83000000.0,3000000.0,181000000.0,747000000.0,0.0,30000000.0,98000000.0,573000000.0,0.4700574241,418000000.0,0.3429040197,-27000000.0,391000000.0,0.320754717,18000000.0,370000000.0,0.3035274815,0.66,0.66,559000000,560000000,https://www.sec.gov/Archives/edgar/data/1571949/000157194916000020/0001571949-16-000020-index.htm,https://www.sec.gov/Archives/edgar/data/1571949/000157194916000020/ice2015123110k.htm,2.1806797853309483,0.6618962432915921,0.7531305903398927,0.6010733452593918,1.1735241502683362,26.610017889087658,-14.243291592128802,26.49016100178891,13.12701252236136,28648750000.0,35329750000.0,19.357263513513512,23.501845775225597,68.04928741092637,85.2641369047619,1.9346805780659104,1.9346805780659104,28.98256767842494,61.65750436300174,83.9186460807601,105.14806547619048,0.012915048649592,0.0117282603953052,0.4935170178282009,0.093707925679921,11.659685863874346,0.9738779387318928,13.933333333333334,1.128686327077748,0.0031065927832802,0.2405405405405405,0.0680885972108285,0.0,0.2928308564247887,0.2019002375296912,0.0697292863002461,0.8673469387755102,0.0262510254306808,19.86225330000738,0.0154347603347428,0.0067089755213055,-64.43291592128801,-1430000000.0,-7962000000.0,-9799000000.0,22444000000.0,595000000.0,347500000.0,49246000000.0,51.681706316653,63.28621908127209,8240.883392226147,1.741428571428571,1.4221105527638191,0.01092115926369,0.024986493787142,0.1520572450805009,2016-02-04,0.6,bmo,807692307.0,2025-04-25,2015-12-31,0.0833333333333334,50.29578125,3720276.171875
2015-09-30,ICE,USD,1571949,2015-10-28,2015-10-28 08:29:35,2015,Q3,1151000000.0,534000000.0,617000000.0,0.5360556038,0,75000000.0,0.0,75000000.0,4000000.0,169000000.0,703000000.0,0.0,21000000.0,94000000.0,542000000.0,0.470894874,440000000.0,0.3822762815,-17000000.0,423000000.0,0.3675065161,113000000.0,306000000.0,0.2658557776,0.55,0.55,550000000,555000000,https://www.sec.gov/Archives/edgar/data/1571949/000157194915000017/0001571949-15-000017-index.htm,https://www.sec.gov/Archives/edgar/data/1571949/000157194915000017/ice201593010q.htm,2.0927272727272728,0.5563636363636364,0.2181818181818181,0.1163636363636363,1.2872727272727271,22.563636363636363,-6.818181818181818,22.43636363636364,6.401818181818181,25850000000.0,28663000000.0,21.11928104575163,22.458731537793224,215.41666666666669,403.90625,2.0948136142625606,2.0948136142625606,24.902693310165077,52.88376383763838,238.8583333333333,447.859375,0.0118375241779497,0.0024758220502901,0.2836304700162074,0.0531462585034013,5.1900369003690034,0.991621610466796,20.952380952380956,0.3870967741935484,0.0032495164410058,0.2745098039215686,0.0651607298001737,0.0,0.2453838678328474,0.4666666666666667,0.048653344917463,0.5957446808510638,0.0278019113814074,16.758952214826646,0.0172603912237237,0.0061574372182871,-52.79545454545455,-406000000.0,-3750000000.0,-5394000000.0,16658000000.0,515500000.0,310500000.0,45189000000.0,38.31450912250217,50.0561797752809,7865.056179775282,2.3489795918367347,1.797979797979798,0.0114430206145802,0.0247974068071312,0.1018181818181818,2015-10-28,0.58,bmo,816000000.0,2025-04-25,2015-09-30,0.0,46.27953125,3425160.234375
2015-06-30,ICE,USD,1571949,2015-08-05,2015-08-05 08:32:11,2015,Q2,1073000000.0,467000000.0,606000000.0,0.5647716682,0,76000000.0,0.0,76000000.0,-9000000.0,169000000.0,636000000.0,0.0,23000000.0,93000000.0,530000000.0,0.4939422181,430000000.0,0.4007455732,-32000000.0,398000000.0,0.3709226468,109000000.0,283000000.0,0.2637465051,0.51,0.51,555000000,560000000,https://www.sec.gov/Archives/edgar/data/1571949/000157194915000010/0001571949-15-000010-index.htm,https://www.sec.gov/Archives/edgar/data/1571949/000157194915000010/ice201563010q.htm,1.933333333333333,0.5099099099099099,0.5495495495495496,0.4126126126126126,1.2612612612612613,22.491891891891893,-6.754954954954955,22.36036036036036,5.920720720720721,24819600000.0,27404600000.0,21.925441696113072,23.131034482758626,81.37573770491802,108.3825327510917,1.9999677679290897,1.9999677679290897,25.54016775396086,51.706792452830186,89.8511475409836,119.6707423580786,0.0114022788441393,0.0092265789940208,0.2629331184528606,0.0517082910750507,4.877358490566038,0.9901930671347082,18.695652173913043,1.055363321799308,0.0034247127270383,0.3003533568904594,0.0708294501397949,0.0,0.2572261663286004,0.2491803278688524,0.0708294501397949,0.8172043010752689,0.02143522833178,16.016860181706985,0.0166899818743063,0.0060377197473971,-49.836486486486486,-447000000.0,-3749000000.0,-5488000000.0,16696000000.0,574500000.0,358000000.0,44805000000.0,45.37744641192917,62.441113490364025,8424.154175588865,1.9833641404805915,1.441358024691358,0.0106835651537335,0.0228041901692183,0.1369369369369369,2015-08-05,0.55,bmo,755775862.0,2025-04-25,2015-06-30,0.0545454545454543,46.38698412698413,3162535.3174603176
2015-03-31,ICE,USD,1571949,2015-05-05,2015-05-05 08:29:14,2015,Q1,1156000000.0,508000000.0,648000000.0,0.5605536332,0,78000000.0,0.0,78000000.0,2000000.0,167000000.0,675000000.0,0.0,23000000.0,89000000.0,570000000.0,0.4930795848,462000000.0,0.3996539792,-21000000.0,441000000.0,0.3814878893,118000000.0,315000000.0,0.2724913495,0.56,0.56,560000000,560000000,https://www.sec.gov/Archives/edgar/data/1571949/000157194915000007/0001571949-15-000007-index.htm,https://www.sec.gov/Archives/edgar/data/1571949/000157194915000007/ice201533110q.htm,2.0642857142857145,0.5625,0.8303571428571429,0.7232142857142857,3.258928571428572,22.310714285714287,-6.667857142857143,21.95892857142857,7.528571428571428,26124000000.0,29565000000.0,20.73333333333333,22.598615916955016,56.18064516129032,64.5037037037037,2.124420590387899,2.124420590387899,25.57525951557093,51.86842105263158,63.58064516129032,73.0,0.0120578778135048,0.0155029857602204,0.3409774741806944,0.0631209730836394,6.036842105263158,0.9936062953399728,20.08695652173913,1.4396284829721362,0.0027943653345582,0.2317460317460317,0.0674740484429065,0.0,0.2442945745769856,0.1290322580645161,0.0519031141868512,0.6741573033707865,0.0207612456747404,16.6708634968961,0.0172046447214232,0.0062749003984063,-51.25714285714286,-312000000.0,-3734000000.0,-5448000000.0,16795000000.0,558000000.0,400500000.0,46842500000.0,47.33564013840831,69.4488188976378,8131.535433070867,1.9013157894736843,1.2959183673469388,0.0110680203930454,0.025616003903391,0.1071428571428571,2015-05-05,0.59,bmo,822131147.0,2025-04-25,2015-03-31,0.0338983050847458,45.0788524590164,4019154.180327869
2014-12-31,ICE,USD,1571949,2015-02-05,2015-02-05 08:30:33,2014,Q4,1132000000.0,529000000.0,603000000.0,0.5326855124,0,87000000.0,0.0,87000000.0,35000000.0,176000000.0,705000000.0,0.0,23000000.0,89000000.0,524000000.0,0.4628975265,400000000.0,0.3533568905,12000000.0,412000000.0,0.3639575972,118000000.0,288000000.0,0.2544169611,0.51,0.51,555000000,565000000,https://www.sec.gov/Archives/edgar/data/1571949/000157194915000003/0001571949-15-000003-index.htm,https://www.sec.gov/Archives/edgar/data/1571949/000157194915000003/ice2014123110k.htm,2.03963963963964,0.518918918918919,0.9747747747747748,0.8144144144144144,3.336936936936937,22.625225225225226,-6.771171171171171,22.27027027027027,7.769369369369369,24342300000.0,27979300000.0,21.13046875,21.50379858657244,44.99500924214418,53.85464601769912,1.9694417475728152,1.9694417475728152,24.716696113074207,53.3956106870229,51.7177449168207,61.90110619469026,0.0118312567012977,0.0185685001006478,0.3470064724919094,0.0628157998799045,6.940839694656488,0.9941827103820812,17.391304347826086,1.8401360544217689,0.0030399756801945,0.2569444444444444,0.0768551236749116,0.0,0.2389460888413714,0.1645101663585952,0.0786219081272084,1.0,0.0212014134275618,16.125149701175424,0.014354382358757,0.005542298514356,-53.325225225225225,-294000000.0,-3758000000.0,-5477000000.0,16895000000.0,477000000.0,345500000.0,47314000000.0,40.3886925795053,69.58412098298676,8130.113421550094,2.228346456692913,1.293398533007335,0.0110699562642559,0.0233009708737864,0.1603603603603603,2015-02-05,0.51,bmo,784615384.0,2025-04-25,2014-12-31,0.0196078431372549,42.8515625,3932035.703125
2014-09-30,ICE,USD,1571949,2014-11-04,2014-11-04 08:32:04,2014,Q3,1006000000.0,451000000.0,555000000.0,0.5516898608,0,102000000.0,0.0,102000000.0,5000000.0,185000000.0,636000000.0,0.0,22000000.0,83000000.0,453000000.0,0.4502982107,330000000.0,0.3280318091,-17000000.0,313000000.0,0.3111332008,90000000.0,206000000.0,0.2047713718,0.36,0.36,570000000,570000000,https://www.sec.gov/Archives/edgar/data/1571949/000157194914000018/0001571949-14-000018-index.htm,https://www.sec.gov/Archives/edgar/data/1571949/000157194914000018/ice201493010q.htm,1.7649122807017543,0.3614035087719298,0.143859649122807,0.0333333333333333,3.2964912280701757,22.433333333333337,-6.031578947368421,22.12982456140351,7.294736842105263,22235700000.0,25733700000.0,26.98507281553398,22.103081510934395,271.16707317073167,1170.3,1.7627794514032027,1.7627794514032027,25.58021868787276,56.80728476821192,313.82560975609755,1354.4052631578948,0.0092643811528308,0.0008544817568144,0.3278896464246076,0.061468953422703,7.7218543046357615,1.0008310193161318,15.0,0.3677130044843049,0.0033279815791722,0.3592233009708738,0.1013916500994035,0.0,0.2411348571768272,0.7682926829268293,0.062624254473161,0.7590361445783133,0.0238568588469184,13.414559832974968,0.0118515889246023,0.0040343902391257,-50.64035087719298,41000000.0,-3438000000.0,-5121000000.0,17105000000.0,439000000.0,287500000.0,47015500000.0,39.90059642147117,56.27494456762749,9347.427937915743,2.25560538116592,1.599290780141844,0.00962831707265,0.0163310607261772,0.1105263157894736,2014-11-04,0.4,bmo,696488372.0,2025-04-25,2014-09-30,0.0749999999999999,38.32234375,4326103.671875
2014-06-30,ICE,USD,1571949,2014-08-07,2014-08-07 08:31:39,2014,Q2,1011000000.0,455000000.0,556000000.0,0.549950544,0,111000000.0,0.0,111000000.0,16000000.0,192000000.0,647000000.0,0.0,23000000.0,73000000.0,445000000.0,0.4401582591,327000000.0,0.3234421365,-7000000.0,320000000.0,0.3165182987,93000000.0,226000000.0,0.2235410485,0.39,0.39,575000000,580000000,https://www.sec.gov/Archives/edgar/data/1571949/000157194914000015/0001571949-14-000015-index.htm,https://www.sec.gov/Archives/edgar/data/1571949/000157194914000015/ice201463010q.htm,1.758260869565217,0.3930434782608695,0.6469565217391304,0.5652173913043478,3.6226086956521737,23.547826086956523,-5.217391304347826,23.031304347826087,6.8765217391304345,21723500000.0,23597500000.0,24.030420353982304,21.487141444114737,58.39650537634409,66.84153846153846,1.6403760477233256,1.6403760477233256,23.340751730959447,53.02808988764045,63.43413978494624,72.6076923076923,0.0104034801021934,0.0149607567841277,0.2968360643358755,0.0574019450366519,4.21123595505618,1.0104892289108114,14.217391304347826,1.7302325581395348,0.0034524823347987,0.331858407079646,0.1097922848664688,0.0,0.2415233199964954,0.1263440860215053,0.0464886251236399,0.6438356164383562,0.0267062314540059,14.271539486666136,0.0113181568675286,0.0043510068923029,-50.3304347826087,521000000.0,-3000000000.0,-4751000000.0,17906000000.0,488000000.0,325000000.0,45152500000.0,38.45697329376854,57.95604395604395,9334.285714285714,2.3402777777777777,1.552901023890785,0.0096418732782369,0.0170656195726043,0.0817391304347826,2014-08-07,0.4,bmo,714285714.0,2025-04-25,2014-06-30,0.0499999999999999,38.97111111111111,4846227.142857143
2014-03-31,ICE,USD,1571949,2014-05-08,2014-05-08 08:23:03,2014,Q1,1198000000.0,513000000.0,685000000.0,0.5717863105,0,127000000.0,0.0,127000000.0,-2000000.0,215000000.0,728000000.0,0.0,27000000.0,88000000.0,496000000.0,0.4140233723,409000000.0,0.3414023372,-47000000.0,380000000.0,0.3171953255,107000000.0,262000000.0,0.2186978297,0.46,0.45,575000000,580000000,https://www.sec.gov/Archives/edgar/data/1571949/000157194914000009/0001571949-14-000009-index.htm,https://www.sec.gov/Archives/edgar/data/1571949/000157194914000009/ice201433110q.htm,2.083478260869565,0.4556521739130434,0.902608695652174,0.8139130434782609,1.7756521739130435,23.01913043478261,-9.836521739130434,22.46086956521739,8.535652173913043,22752750000.0,26669750000.0,21.7106393129771,18.99227879799666,43.83959537572255,48.61698717948718,1.7617305458768877,1.7617305458768877,22.261894824707845,53.76965725806452,51.38680154142582,56.9866452991453,0.0115150915823362,0.0205689422157761,0.3779326364692218,0.0740431728887607,7.897177419354839,0.9967182785278506,15.148148148148149,1.901098901098901,0.0033402555735021,0.2900763358778626,0.1060100166944908,0.0,0.2865854583516634,0.0982658959537572,0.0425709515859766,0.5795454545454546,0.018363939899833,15.174740229104218,0.0134693655982725,0.0055710306406685,-51.649565217391306,-149000000.0,-5656000000.0,-7431000000.0,19641000000.0,545000000.0,374500000.0,42804000000.0,40.86811352253756,62.63157894736842,7564.035087719299,2.202205882352941,1.4369747899159664,0.0118984112257914,0.0202864885791715,0.088695652173913,2014-05-08,0.52,bmo,797000000.0,2025-04-25,2014-03-31,0.0,42.2027868852459,4998535.24590164
2013-12-31,ICE,USD,1571949,2014-02-14,2014-02-14 16:25:29,2013,Q4,733623000.0,292480000.0,441143000.0,0.6013211145,0,84071000.0,0.0,84071000.0,-238258000.0,145446000.0,437926000.0,878000.0,26249000.0,61375000.0,-114915000.0,-0.1566403998,163084000.0,0.2222994644,-263629000.0,-100545000.0,-0.1370526824,69541000.0,-176080000.0,-0.2400142853,-0.31,-0.31,575000000,575000000,https://www.sec.gov/Archives/edgar/data/1571949/000157194914000006/0001571949-14-000006-index.htm,https://www.sec.gov/Archives/edgar/data/1571949/000157194914000006/ice2013123110k.htm,1.2758660869565217,-0.3062260869565217,0.3011582608695652,0.1670869565217391,1.8,22.499130434782607,-10.379130434782608,21.88347826086957,8.842172173913044,25863500000.0,29960500000.0,-36.72123466606087,35.25448356989898,149.3566866474943,269.20114493884984,2.055431931971708,2.055431931971708,40.83909582987447,-260.7187921507201,173.01606550939562,311.8449128285194,-0.0068080499545691,0.0037146944535735,0.4019709131367718,0.0780338794779228,-35.6524387590828,0.9981281854675026,6.212960493733094,-1.0181084862951684,0.0028998395422119,-0.4259427532939573,0.1145970069095434,0.0,0.2916628097133512,0.4451855445064273,0.1050825832886918,1.2560651731160897,0.0302675897565916,,0.0127656984367408,-0.0038350793892797,-50.76521739130435,-83000000.0,-5968000000.0,-7622000000.0,19713000000.0,360913000.0,243265000.0,43047668500.0,66.98263276914709,120.62363238512036,13075.663293216629,1.3436318681318682,0.7461224489795918,0.006883016026169,-0.01399348327108,0.134071304347826,2014-02-11,0.4,bmo,522600000.0,2025-04-25,2013-12-31,0.0,41.1784375,4264892.265625
2013-09-30,ICE,USD,1571949,2013-11-05,2013-11-05 11:24:17,2013,Q3,337871000.0,72477000.0,265394000.0,0.7854891364,0,22784000.0,0.0,22784000.0,-389000.0,57175000.0,129652000.0,700000.0,9902000.0,34391000.0,237000000.0,0.7014511456,202146000.0,0.5982934315,-9000000.0,192555000.0,0.5699068579,47511000.0,141315000.0,0.4182513444,0.39,0.38,365000000,370000000,https://www.sec.gov/Archives/edgar/data/1571949/000119312513426946/0001193125-13-426946-index.htm,https://www.sec.gov/Archives/edgar/data/1571949/000119312513426946/d596211d10q.htm,0.9256739726027398,0.3871643835616438,0.4931835616438356,0.3453643835616438,4.311753424657534,11.194679452054794,3.617909589041096,11.073613698630137,2.1931260273972604,13242200000.0,12495523000.0,23.426741676396706,39.19306480875837,73.56287358620536,105.04846975201892,3.2762566030715,3.2762566030715,36.98311781715507,52.723725738396624,69.41494455925161,99.12518840533724,0.0106715651477851,0.0095194152029119,0.1955998573927062,0.0161724548536552,-3.150535864978903,1.028174769659335,20.41466370430216,1.2410854637213535,0.0,0.0,0.0674340206765304,0.0,0.056572079195809,0.2997244628135902,0.1596881650097226,1.5688406850629526,0.0352412607178479,9.821631660888784,0.0293505626413352,0.0030641125796354,-58.334312328767126,1243798000.0,1320537000.0,590755000.0,4210992000.0,180805000.0,101739000.0,39534361500.0,46.83544903232299,117.38482553085808,54144.21582019123,1.9216213756782272,0.7667089812757855,0.0016622274168469,0.0349627857805386,0.1478191780821917,2013-11-05,0.37,bmo,320666666.0,2025-04-25,2013-09-30,0.0540540540540541,36.2109375,2857285.234375
2013-06-30,ICE,USD,1571949,2013-08-07,2013-08-07 09:02:48,2013,Q2,371609000.0,79049000.0,292560000.0,0.7872791025,0,26386000.0,0.0,26386000.0,1716000.0,59454000.0,138503000.0,695000.0,9929000.0,33068000.0,260000000.0,0.6996601266,224692000.0,0.6046462814,-16000000.0,217174000.0,0.5844153398,59313000.0,153323000.0,0.4125922677,0.42,0.42,365000000,365000000,https://www.sec.gov/Archives/edgar/data/1571949/000119312513323138/0001193125-13-323138-index.htm,https://www.sec.gov/Archives/edgar/data/1571949/000119312513323138/d573452d10q.htm,1.0181068493150685,0.4200630136986301,0.6344328767123287,0.565054794520548,4.0919917808219175,10.668613698630136,3.16966301369863,10.540350684931507,2.226641095890411,12994000000.0,12339747000.0,21.18729740482511,34.96686032900172,56.11310716506599,63.00273946035056,3.3774967327124883,3.3774967327124883,33.206265187334,47.460565384615386,53.28779019553651,59.830526800649714,0.011799522856703,0.0158723256887794,0.2086684230828014,0.0197665927089134,-2.516357692307692,1.0432155065095332,22.62987209185215,1.466910763266418,0.0,0.0,0.0710047388518577,0.0,0.0673938887706612,0.1093544876666897,0.0681442053341011,0.7657856538042821,0.0401389632651523,9.981044943713902,0.0325495770602593,0.0040479599415047,-47.544041095890414,1540408000.0,1156927000.0,465523000.0,4442426000.0,186369500.0,102112500.0,34616596500.0,44.99503510410136,124.0410378372908,40379.697908891954,2.000220686388494,0.7255663252193707,0.002228842825993,0.039852849896081,0.0693780821917808,2013-08-06,0.43,bmo,362966930.0,2025-04-25,2013-06-30,0.0232558139534883,33.52640625,3492566.25
2013-03-31,ICE,USD,1571949,2013-03-31,2013-03-30 20:00:00,2013,Q1,351897000.0,76994000.0,274903000.0,0.7812030225,0,24759000.0,0.0,24759000.0,-69000.0,56925000.0,133919000.0,727000.0,9920000.0,32166000.0,233000000.0,0.6621255652,200078000.0,0.5685697804,-27000000.0,190816000.0,0.5422495787,53635000.0,135442000.0,0.3848910335,0.37,0.37,365000000,365000000,,,0.9641013698630136,0.3710739726027397,0.4116547945205479,0.3441698630136986,3.810509589041096,10.308720547945205,2.762301369863014,10.192890410958904,2.5216986301369864,11687300000.000002,11206964000.000002,21.57251812583985,33.21227518279497,77.78361973724495,93.03545557306845,3.1414053039924417,3.1414053039924417,31.847284858921796,48.09855793991417,74.58679303046841,89.21179411249624,0.0115888186321904,0.0107485903502091,0.2447314203695565,0.0234311446156606,-2.0615278969957083,1.043219315574956,20.16915322580645,1.095297453729015,0.0,0.0,0.0703586560840245,0.0,0.0708838575163033,0.1639357354879071,0.0699977550249078,0.7657775290679599,0.0425465406070526,9.225080898546368,0.0287809839652818,0.0037514305164394,-45.70246095890411,1465551000.0,1008240000.0,279327000.0,4374818000.0,156977500.0,82638500.0,32868061500.0,47.81498563500115,111.37140556406992,39470.77213808868,1.8822550881228104,0.8081068883361147,0.0022801682137135,0.0364051763181696,0.0674849315068493,2013-05-01,0.39,bmo,333851000.0,2025-04-25,2013-03-31,0.0512820512820511,29.40666666666667,5600003.0
2012-12-31,ICE,USD,1571949,2012-12-31,2012-12-30 19:00:00,2012,Q4,323371000.0,67785000.0,255586000.0,0.7903800897,0,20308000.0,0.0,20308000.0,206000.0,53855000.0,121640000.0,612000.0,9790000.0,33547000.0,226731000.0,0.7011482168,192366000.0,0.5948770916,-8972000.0,183394000.0,0.5671318702,50841000.0,129472000.0,0.4003822235,0.36,0.35,363310000,367245000,,,0.8900690870055875,0.3563678401365225,0.4410558476232418,0.3918994797831053,4.437518923233602,10.119616856128376,2.586278935344472,10.02828713770609,3.1441193471140347,8995555600.0,8515860600.0,17.36969306104795,27.818065318163967,56.13801547678483,63.17946636138249,2.469015860834605,2.469015860834605,26.33464534543914,37.55931301851092,53.1444121318023,59.81037217044409,0.0143928853043829,0.0158279272933402,0.3108379945308981,0.0304314069101784,-2.11570098486753,1.0466539768081304,19.64923391215526,1.2088749405898018,0.0,0.0,0.062800931437884,0.0,0.0735442327015656,0.1114515726410384,0.0552275868893623,0.5323575878618059,0.0375141864916767,8.967138792251225,0.0270931484152315,0.0037552165655076,-43.6161432385566,1504390000.0,939621000.0,211803000.0,4384719000.0,137948500.0,76862500.0,32290337000.0,35.346397790772826,92.9409161318876,42446.53595928303,2.546228346456693,0.9683571428571428,0.0021203143664381,0.0355362620996948,0.0491563678401365,2013-02-06,0.35,bmo,323371000.0,2025-04-25,2012-12-31,0.0,25.950483870967744,3953161.693548387
2012-09-30,ICE,USD,1571949,2012-09-30,2012-09-29 20:00:00,2012,Q3,323187000.0,72893000.0,250294000.0,0.7744556557,0,21094000.0,0.0,21094000.0,-279000.0,53958000.0,126851000.0,332000.0,9445000.0,32864000.0,226968000.0,0.7022807229,194051000.0,0.6004294727,-9392000.0,184659000.0,0.5713688979,50552000.0,131082000.0,0.4055918091,0.36,0.36,363945000,367055000,,,0.8880105510448008,0.3601698058772616,0.5691656706370468,0.5226586434763495,3.410339474371128,9.90797785379659,2.342488562832296,9.825273049499238,2.361469452801934,9600869100.0,9209693100.0,18.31080754794709,29.70685423609242,46.34854377368509,50.47271355647964,2.6849126601468343,2.6849126601468343,28.49648376945855,40.57705535582109,44.46012744695744,48.41626283389146,0.0136531389642631,0.0198126854994825,0.2377051220420044,0.0226424639859623,-1.7234852490218886,1.0373099737881428,20.545367919534144,1.5446248145137838,0.0,0.0,0.0652687143975469,0.0,0.0733461864390074,0.0817108788529773,0.0523721560582572,0.5150316455696202,0.0361338791473666,8.923130081754255,0.0294844070485296,0.0037681683859175,-44.71993639148773,1224153000.0,852537000.0,100370000.0,4118501000.0,162041500.0,78664500.0,33689725500.0,41.464322512972366,103.37412371558312,40264.80210719822,2.170540709349416,0.8706240668856375,0.0022352028394524,0.0366574856558941,0.0465070271606973,2012-11-05,0.34,bmo,304176000.0,2025-04-25,2012-09-30,0.0588235294117645,26.96,2293536.26984127
2012-06-30,ICE,USD,1571949,2012-06-30,2012-06-29 20:00:00,2012,Q2,351213000.0,76460000.0,274753000.0,0.7822973523,0,22983000.0,0.0,22983000.0,305000.0,55091000.0,131551000.0,442000.0,9599000.0,32108000.0,248271000.0,0.7068958154,215416000.0,0.6133485947,-8852000.0,206564000.0,0.5881445163,61266000.0,143157000.0,0.4076073494,0.39,0.39,363775000,366715000,,,0.9654676654525464,0.3935317160332623,0.4946051817744485,0.4455336402996357,2.974415504089066,9.36657824204522,1.86253041028108,9.279769088035186,2.397358257164456,9894680000.0,9675162000.0,17.2794204963781,28.172875149837846,54.99335834375434,61.05038439231462,2.93110741678585,2.93110741678585,27.54784703299707,38.97016566574429,53.773305543976655,59.69595370016165,0.0144680777953405,0.0163799132463101,0.2554989294224569,0.0218328076246391,-0.8841870375517076,1.031551642916551,22.441504323367017,1.2383171137937206,0.0,0.0,0.0654389216800061,0.0,0.0691001400134788,0.099213561206058,0.0508267063007348,0.5559673601594618,0.0400156030670846,9.064622314589585,0.0329457098289882,0.0038927822210006,-48.1066235997526,1102905000.0,677542000.0,-38987000.0,3970368000.0,177015000.0,75212500.0,33045631500.0,44.89224487704043,86.6382422181533,40925.03753596652,2.004800611921044,1.0388022390087497,0.0021991427600012,0.0424074901325572,0.0490715414748127,2012-08-01,0.38,bmo,341970552.0,2025-04-25,2012-06-30,0.0263157894736842,25.822222222222223,2868819.285714286
2012-03-31,ICE,USD,1571949,2012-03-31,2012-03-30 20:00:00,2012,Q1,365194000.0,79778000.0,285416000.0,0.7815462467,0,24788000.0,0.0,24788000.0,-279000.0,56771000.0,136549000.0,240000.0,10068000.0,31983000.0,257126000.0,0.7040805709,225182000.0,0.6166092543,-10107000.0,215075000.0,0.5889335531,65296000.0,147865000.0,0.4048943849,0.41,0.4,363205000,366260000,,,1.0054762461970512,0.4071116862377996,0.511127324789031,0.4693520188323398,2.666221555319998,9.382847152434575,1.7807188777687533,9.285764237827122,2.436827686843518,9980873400.0,9887488400.0,16.874976160687115,27.33033237128759,53.76351188295878,58.54880536865508,2.959368695584107,2.959368695584107,27.07461896964353,38.45386464223765,53.26047919674215,58.00099958350688,0.0148148357437336,0.0170797677886586,0.2594409832546411,0.0242220560727587,-0.363187697860193,1.030309597936337,22.36611044894716,1.23945279378284,0.0,0.0,0.0678762520742399,0.0,0.0764345941785513,0.0817317015362737,0.0415477800840101,0.4744082793984304,0.0390176180331549,9.222674263983318,0.033916764206363,0.0044320095003532,-43.9203782987569,956283000.0,646766000.0,-209420000.0,3850661000.0,157587500.0,71392500.0,31465991500.0,44.07509433342278,86.66411792724811,35336.62538544461,2.0419695376976583,1.038492078988818,0.0025469325103429,0.0438425611302257,0.0417753059566911,2012-05-02,0.4,bmo,365194000.0,2025-04-25,2012-03-31,0.0,25.84483870967742,3689653.790322581
2011-12-31,ICE,USD,1571949,2011-12-31,2011-12-30 19:00:00,2011,Q4,327215000.0,273506000.0,53709000.0,0.1641397858,0,-175152000.0,0.0,-175152000.0,33189000.0,-141963000.0,131543000.0,270000.0,11276000.0,33189000.0,228077000.0,0.6970248919,194808000.0,0.5953516801,-11196000.0,183612000.0,0.5611356448,53345000.0,126773000.0,0.3874302828,0.35,0.35,359975000,365695000,,,0.9089936801166748,0.3521716785887909,0.4777692895339954,0.3526383776651156,2.2861282033474546,8.784890617403986,1.125030904923953,8.671504965622614,2.4967733870407667,8678997250.0,8743548250.0,17.11523204862234,26.523836773986524,50.46368724016629,68.37032361490772,2.7803708924323844,2.7803708924323844,26.72111073758844,38.33594904352478,50.8390164839957,68.8788354432374,0.0146068717788797,0.0146262288537999,0.2843161595694412,0.0245519347975858,0.2830228387781319,1.0253166368105673,17.276339127350123,1.3202499481833463,0.0,0.0,-0.53528108430237,0.0,0.0762799705122272,0.2619065616187458,0.1376587259141543,1.3571966615444877,0.0380483779777821,8.289259034544216,0.031428912367298,0.0037966780138042,-45.15846725467046,805077000.0,404983000.0,-380132000.0,3693397000.0,147775000.0,72722000.0,15857565500.0,37.49763916690861,21.70614172998033,10401.20937017835,2.400151102830611,4.146291916803105,0.0086528399532117,0.0406125211234893,0.1251309118688797,2012-02-08,0.34,bmo,317591029.0,2025-04-25,2011-12-31,0.0294117647058822,24.45952380952381,3356051.8253968256
2011-09-30,ICE,USD,1571949,2011-09-30,2011-09-29 20:00:00,2011,Q3,340778000.0,14189000.0,326589000.0,0.9583629225,0,89445000.0,0.0,89445000.0,33095000.0,122540000.0,136729000.0,908000.0,8244000.0,33095000.0,237274000.0,0.6962714729,204049000.0,0.5987739819,-7998000.0,196455000.0,0.5764896795,59507000.0,132631000.0,0.3892005939,0.36,0.36,365695000,369180000,,,0.9318639850148348,0.3626820164344604,0.6008230902801515,0.5659251562094095,1.3598846032896266,8.233998277252901,0.6476818113455202,8.131940551552523,1.9532971465292115,8648686750.0,8857450750.0,16.302159280258763,25.379240297202283,39.36266828389117,41.78997830456716,2.9082849106028967,2.9082849106028967,25.99185026615568,37.3300519652385,40.31281346999336,42.79871446104486,0.0153353918154105,0.0239291820807361,0.2374284167448492,0.0182603235391252,0.8798435563947167,1.0084242757388624,24.75121300339641,1.6043899874404883,0.0,0.0,0.2624729295905252,0.0,0.0717484514465019,0.058083543451151,0.0374496006197583,0.3856171627134008,0.0399585654003486,8.146130580045357,0.0356450760404694,0.0036952337499817,-95.6691279618261,294249000.0,236854000.0,-432649000.0,3167641000.0,162488500.0,80783000.0,112692500.0,42.04998562113752,504.1370075410529,674.3688772993163,2.140309887639038,0.1785228988424761,0.1334581162173855,0.0445996886149417,0.034897934070742,2011-11-02,0.35,bmo,321304971.0,2025-04-25,2011-09-30,0.0571428571428572,23.87921875,3627306.640625
2011-06-30,ICE,USD,1571949,2011-06-30,2011-06-29 20:00:00,2011,Q2,325218000.0,14299000.0,310919000.0,0.9560325689,0,87204000.0,0.0,87204000.0,32837000.0,120041000.0,134340000.0,846000.0,8371000.0,32837000.0,224277000.0,0.6896205007,190878000.0,0.586923233,-7190000.0,183068000.0,0.5629085721,58696000.0,121365000.0,0.3731804513,0.33,0.33,367185000,370690000,,,0.8857061154458924,0.3305282078516279,0.4513011152416357,0.4040007080899274,2.060743222081512,8.405926168007952,0.6752971935128069,8.304268965235508,1.560278878494492,9157593900.0,8965459900.0,18.863745519713262,28.15832426249469,55.26243822075783,61.73256506879327,3.003274593393749,3.003274593393749,27.56753900460614,39.97494125567936,54.10298592127258,60.43736408189129,0.0132529353589265,0.0161989056972705,0.1851434620784513,0.0181869884909486,-0.8566816927281888,1.0204039851627706,22.80229363277984,1.3653936472623902,0.0,0.0,0.268140139844658,0.0,0.0914462360643014,0.1048089746607044,0.0534041781205222,0.5289155525778847,0.0404959135103223,7.858618874741074,0.0327655182185206,0.0043033721148011,-73.5700450726473,558519000.0,247959000.0,-22789000.0,3496548000.0,165501000.0,75444000.0,120241500.0,45.871446229913474,516.6613049863627,749.4251346247989,1.962004850444624,0.1741953560899544,0.1200920490144204,0.0398022040513537,0.0473004071517082,2011-08-03,0.33,bmo,315362909.0,2025-04-25,2011-06-30,0.0303030303030303,23.906031746031744,3689315.555555556
2011-03-31,ICE,USD,1571949,2011-03-31,2011-03-30 20:00:00,2011,Q1,334280000.0,11242000.0,323038000.0,0.9663695106,0,86309000.0,0.0,86309000.0,33131000.0,119440000.0,130682000.0,988000.0,8206000.0,33131000.0,237166000.0,0.7094830681,203598000.0,0.6090642575,-7306000.0,196104000.0,0.5866459256,65950000.0,128904000.0,0.3856168482,0.35,0.35,367165000,371005000,,,0.910435362847766,0.3510792150667955,0.4231231190336769,0.389184698977299,1.8908583334468152,8.09363909958738,0.3371835550774175,8.000166137839935,1.746296624133564,9072647150.0,9011363150.0,17.595744022683547,27.140861403613737,58.3990779242514,63.49170474824171,3.0886858565504443,3.0886858565504443,26.95753006461649,37.99601608156313,58.00460329823116,63.06283039994401,0.0142079811844109,0.0157500889913921,0.2154888998056432,0.0221145322396991,-0.2584012885489488,1.0208624058414943,24.8108700950524,1.2052069757338797,0.0,0.0,0.2581937298073471,0.0,0.0994986425185704,0.0802093256777981,0.0372771329424434,0.3761130059460927,0.0410045470862749,7.949564207032235,0.0344557477922378,0.0050012042867642,-67.46801029509894,521261000.0,123802000.0,-143868000.0,3463942000.0,139850000.0,66982000.0,123333000.0,44.48952973555104,550.8076854652197,972.0192136630492,2.022947883130401,0.1633964128949739,0.0925907623377479,0.043883990534425,0.0339384200563779,2011-05-04,0.34,bmo,324448235.0,2025-04-25,2011-03-31,0.0294117647058822,24.55258064516129,3936014.1129032257
2010-12-31,ICE,USD,1571949,2010-12-31,2010-12-30 19:00:00,2010,Q4,285023000.0,8691000.0,276332000.0,0.9695077239,0,84409000.0,0.0,84409000.0,33342000.0,117751000.0,126442000.0,769000.0,7642000.0,33342000.0,192692000.0,0.6760577217,158581000.0,0.5563796606,-8231000.0,150350000.0,0.5275012894,48541000.0,99132000.0,0.3478035106,0.27,0.27,366005000,368295000,,,0.7787407275856887,0.2708487588967364,0.4240024043387385,0.3946558107129684,1.7043237114247074,7.695974098714499,0.0270269531836996,7.588830753678228,1.601458996461797,8721899150.0,8678607150.0,21.99567029314449,30.60068538328486,56.20251148614252,60.381728466001135,3.140141185577217,3.140141185577217,30.448795886647744,45.03875173852573,55.92354482012024,60.0820178475001,0.0113658732226914,0.0165613013308001,0.2082770787204551,0.021713624208818,-0.2246694206298133,1.0193880120639671,20.751243130070662,1.5242954945044151,0.0,0.0,0.2961480301589696,0.0,0.1053541668519925,0.0692132717302351,0.0376846780786112,0.3221462419770859,0.0380741203341484,6.80051992865255,0.0285014018487347,0.004159026415599,-62.986123140394255,448394000.0,9892000.0,-249716000.0,3349770000.0,,,,36.14108335116816,674.7877114256127,1297.031411805316,2.4902407912210807,0.1333752800712071,0.0693892215568862,0.0356904466166225,0.0293465936257701,2011-02-09,0.27,bmo,285023000.0,2025-04-25,2010-12-31,0.0,23.06328125,3128548.90625
2010-09-30,ICE,USD,1571949,2010-09-30,2010-09-29 20:00:00,2010,Q3,287146000.0,8262000.0,278884000.0,0.9712271806,0,88568000.0,0.0,88568000.0,31739000.0,120307000.0,128569000.0,478000.0,7511000.0,31739000.0,186491000.0,0.6494640357,151558000.0,0.5278081533,-4317000.0,147241000.0,0.5127739895,47328000.0,96315000.0,0.3354217019,0.26,0.26,368295000,372215000,,,0.7796630418550347,0.261515904370138,0.3237947840725505,0.2891676509319974,,,,,,7712097300.0,,20.017902974614547,26.85775633301526,64.67059084962936,72.41473910553151,0.0,0.0,,,,,0.0124888206480486,0.0138093434064946,0.0,0.0,,0.0,20.17813872986287,1.19355839580435,0.0,0.0,0.3084423951578639,0.0,0.0,0.1069416026565592,0.0444129467239662,0.4018085005828791,0.0423303824535253,,0.0,0.0,,,,,,,,,,,,0.0,0.0,0.0,0.0,0.034627133140553,2010-11-01,0.27,bmo,276510962.0,2025-04-25,2010-09-30,0.037037037037037,20.75578125,4446681.328125
2010-06-30,ICE,USD,1571949,2010-06-30,2010-06-29 20:00:00,2010,Q2,296155000.0,58870000.0,237285000.0,0.8012189563,0,29578000.0,0.0,29578000.0,-15317000.0,57492000.0,116362000.0,340000.0,7502000.0,27914000.0,191232000.0,0.6457159258,178295000.0,0.6020327194,-22479000.0,155816000.0,0.5261298982,53289000.0,101688000.0,0.3433607402,0.27,0.27,369800000,373815000,,,0.8008518117901569,0.2749810708491076,0.4266062736614386,0.3900297458085451,0.8358923742563548,7.231441319632234,1.4904948620876148,7.133510005408329,1.316933477555435,8361178000.0,8533570000.0,20.55596038863976,28.23243909439314,52.9996893996539,57.96993753163285,3.1695476676780494,3.1695476676780494,28.81453968361162,44.62417377844712,54.09244480505074,59.16517024536687,0.0121619226381737,0.017250320469197,0.1817684190734397,0.0174681995889162,0.9014809236947792,1.0373848905390115,23.76632897893895,1.5387068772128318,0.0,0.0,0.0998733771167125,0.0,0.0773410274529059,0.0857383730880647,0.0456720298492343,0.4845597191373504,0.0485151356553156,6.643459562193491,0.0344710114915449,0.0040150229327506,-32.63842617631152,903172000.0,551185000.0,286222000.0,3119723000.0,138260000.0,57170000.0,12348267500.0,41.31208319967585,96.4178698827926,37592.80125700696,2.1785393770872874,0.9334369252235682,0.0023940753812067,0.0385477935323043,0.0365765278528934,2010-08-04,0.28,bmo,275001071.0,2025-04-25,2010-06-30,0.0714285714285712,23.20555555555556,5108595.396825396
2010-03-31,ICE,USD,1571949,2010-03-31,2010-03-30 20:00:00,2010,Q1,281620000.0,9094000.0,272526000.0,0.9677082594,0,80497000.0,0.0,80497000.0,28214000.0,108711000.0,117805000.0,726000.0,7110000.0,28214000.0,192059000.0,0.6819792628,163815000.0,0.5816880903,-7080000.0,156735000.0,0.5565478304,53217000.0,101163000.0,0.3592180953,0.27,0.27,368380000,372635000,,,0.7644823280308377,0.2746158857701287,0.275693577284326,0.2465171833432868,1.6675688148107932,6.908360931646669,1.0977496063847114,6.81232965959064,1.0274526304359628,8266447200.0,8025536200.0,20.428534147860383,29.353196505929976,81.39471445450965,91.02813725058364,3.294027318306326,3.294027318306326,28.497749449612957,41.78682696463066,79.02260929499803,88.3752830022464,0.0122377845708613,0.0109856142309842,0.1479893015653155,0.0155952909807598,-1.2543593374952489,1.0282766056550907,23.04008438818565,0.9810854150968914,0.0,0.0,0.2858355230452382,0.0,0.0898854365522902,0.1058290665616384,0.0381649030608621,0.3809456298291628,0.0424153114125417,6.487866654887304,0.0348726235356826,0.0046676372628081,-55.637720560291,588978000.0,404389000.0,149251000.0,2820582000.0,124823000.0,54280000.0,106370500.0,44.9258575385271,507.42027710578407,1055.6344842753465,2.003300658709044,0.17736776408176,0.0852567828548928,0.0403115966919649,0.0291763939410391,2010-05-05,0.26,bmo,270788461.0,2025-04-25,2010-03-31,0.0384615384615384,21.07163934426229,5385866.147540984
2009-12-31,ICE,USD,1571949,2009-12-31,2009-12-30 19:00:00,2009,Q4,256554000.0,9649000.0,246905000.0,0.9623899842,0,94428000.0,0.0,94428000.0,28607000.0,123035000.0,132684000.0,709000.0,6388000.0,28607000.0,153186000.0,0.597090671,123870000.0,0.4828223298,5531000.0,129401000.0,0.5043811439,46409000.0,84254000.0,0.3284064953,0.23,0.23,365685000,365685000,,,0.7015710242421757,0.2304004812885406,0.5339704937309433,0.4897329668977399,1.5162503247330352,6.655036438464799,0.725640920464334,6.562292683593803,1.1008162763033758,8213285100.0,8056984100.0,24.370608813824862,32.013864917327346,42.062249251017846,45.86172775395336,3.422584313581684,3.422584313581684,31.40463255299079,52.59608645698693,41.26179346016952,44.98896687661932,0.010258258294236,0.0218046735039064,0.1650867680224291,0.0181021824433541,-1.0203347564398837,1.0259396540416428,19.391045710707576,2.352817139001349,0.0,0.0,0.3680628639584649,0.0,0.0990771480303177,0.0828463882416203,0.0630549513942483,0.5654909637501311,0.0680051762981672,5.832580589650377,0.0262084107992586,0.0042732554483068,-51.30623213968306,492019000.0,265356000.0,8623000.0,2752045000.0,139523000.0,58530000.0,104555500.0,38.261418648705536,534.3476007876463,989.4030469478704,2.3522389701837385,0.1684296885909789,0.0909639406080603,0.0351097539225213,0.0442375268332034,2010-02-10,0.23,bmo,267708521.0,2025-04-25,2009-12-31,-0.0434782608695652,20.95234375,4860443.515625
2009-09-30,ICE,USD,1571949,2009-09-30,2009-09-29 20:00:00,2009,Q3,256264000.0,9866000.0,246398000.0,0.96150064,0,78541000.0,0.0,78541000.0,27868000.0,106409000.0,116275000.0,298000.0,4374000.0,27868000.0,169648000.0,0.6620048075,139989000.0,0.5462686917,-2583000.0,137406000.0,0.5361892423,50524000.0,87454000.0,0.3412652577,0.24,0.24,365685000,371020000,,,0.7007779919876397,0.2391511820282483,0.3280965858594145,0.3003568645145412,1.0764264325854218,6.392006781793073,0.3893678986012552,6.295811969317856,1.1629818012770554,7108916400.0,7138198400.0,20.321873213346446,27.74059719664096,59.25084514085681,64.72300884955752,3.087766930578504,3.087766930578504,27.854862173383697,42.076525511647645,59.49490248374729,64.98960632215302,0.0123020155364325,0.0154504559935463,0.1828232311912865,0.0215170553863874,0.1726044515703103,1.0244019045283663,32.00480109739369,1.3809534771299004,0.0,0.0,0.3064847188836512,0.0,0.1122126776260882,0.0845474245707618,0.0395841788155964,0.3640017224056265,0.0543619080323416,5.820407603555277,0.0296544575207661,0.0050357400267397,-45.535481356905535,407204000.0,142386000.0,-129687000.0,2688869000.0,144795500.0,55965500.0,-8812837000.0,59.69632878593949,545.2544090816947,939.9189134400972,1.5076303992281357,0.1650605634745365,0.0957529407197484,0.0379857567528593,0.0277397213448733,2009-11-03,0.23,bmo,245122086.0,2025-04-25,2009-09-30,0.0434782608695651,18.5946875,9606740.625
2009-06-30,ICE,USD,1571949,2009-06-30,2009-06-29 20:00:00,2009,Q2,250417000.0,9342000.0,241075000.0,0.962694226,0,78535000.0,0.0,78535000.0,27579000.0,106114000.0,115456000.0,344000.0,6906000.0,27579000.0,162884000.0,0.6504510477,134961000.0,0.5389450397,-17139000.0,117822000.0,0.4705032007,45764000.0,72058000.0,0.2877520296,0.2,0.19,364460000,370370000,,,0.6870904900400593,0.1977116830379191,0.284332985787192,0.2555451901443231,49.798457992646654,6.121083246446798,0.0601273116391373,6.0229956648191845,50.200921911869614,8327911000.000001,26316774000.0,28.89308265563852,33.25617270392985,80.36352144208129,89.41667024566227,3.793793200527894,3.793793200527894,105.09180287280816,161.5675818373812,253.9542787663566,282.5628543205635,0.0086525900673049,0.0111835969428587,8.33172994354349,0.8765962227511178,110.439717836006,1.017055285581809,19.54257167680278,1.4381192927919175,0.0,0.0,0.3136168870324299,0.0,0.1058748934349711,0.1012467672829737,0.0418981139459381,0.3804343884839914,0.0479719827328016,5.176231613923739,0.0039799896568284,0.0038626548475224,-25.40259630686495,308299000.0,21914000.0,-248383000.0,2604355000.0,115130000.0,49199000.0,-8812679500.0,42.98897439071629,502.495183044316,-170796.82080924854,2.09356006454148,0.1791061945206004,-0.0005269418925573,0.0328261373642968,0.0287877956428689,2009-08-04,0.23,bmo,261304695.0,2025-04-25,2009-06-30,-0.0434782608695652,19.89666666666667,11364043.650793651
2009-03-31,ICE,USD,1571949,2009-03-31,2009-03-30 20:00:00,2009,Q1,231553000.0,12839000.0,218714000.0,0.944552651,0,77612000.0,0.0,77612000.0,27303000.0,104915000.0,117754000.0,610000.0,5254000.0,27303000.0,141633000.0,0.6116655798,113799000.0,0.4914598386,-4723000.0,109076000.0,0.4710627804,36854000.0,72222000.0,0.3119026745,0.2,0.2,363355000,368030000,,,0.6372638328906992,0.1987642938723837,0.1863742070426992,0.1645525725530129,0.6403709870512309,5.851307949525946,-0.2851343727208928,5.753334892873361,1.2917532440726012,5410355950.0,5644870950.0,18.72821283680873,23.365518693344505,79.89302938570586,90.48779833085248,2.588064188379543,2.588064188379543,24.378310581162843,39.85561945309356,83.35603883638511,94.41004415380242,0.0133488444507981,0.01105121373761,0.2220092484918701,0.0297032826949486,1.655793494453976,1.0175559761373367,21.659497525694707,0.9376644235828416,0.0,0.0,0.335180282699857,0.0,0.1427021064958726,0.1170850561134081,0.034242700375292,0.2904076475112625,0.042236550595328,5.0724791587890925,0.0267484352594374,0.0053916332262029,-36.13948136120323,226669000.0,-103605000.0,-360919000.0,2543281000.0,95947500.0,47951000.0,84965000.0,43.00626638393802,324.13038398629175,724.4793208193785,2.0927182842734102,0.2776660394904734,0.1242271482617488,0.0345476662793595,0.0218216344896863,2009-05-05,0.19,bmo,194992000.0,2025-04-25,2009-03-31,0.1578947368421052,12.619344262295082,12723888.44262295
2008-12-31,ICE,USD,1571949,2008-12-31,2008-12-30 19:00:00,2008,Q4,207260000.0,63720000.0,143540000.0,0.6925600695,0,0.0,0.0,20157000.0,26056000.0,46213000.0,109933000.0,0.0,0.0,26821000.0,124148000.0,0.5989964296,97327000.0,0.4695889221,-16171000.0,81156000.0,0.3915661488,32301000.0,48855000.0,0.2357184213,0.14,0.14,357415000,357415000,,,0.5798861267714002,0.1366898423401368,0.2117706307793461,0.1580711497838647,0.8028230488367863,5.629814081669768,-0.423851824909419,5.613169564791629,1.0614411818194536,5893773349.999999,5989626349.999999,30.159519752328315,28.43661753353276,77.86726582111243,104.3201116873462,2.937734164211399,2.937734164211399,28.89909461545884,48.24585454457582,79.13365504029593,106.01671504681664,0.0082892566610149,0.0095858793076934,0.1890983640468121,0.0253600017273211,0.7720865418693817,1.019570582055586,0.0,1.5492784771261898,0.0,0.0,0.0,0.0,0.1446344653637023,0.2535737878187343,0.0926034931969506,0.7155959882181873,0.0,4.1549276063363605,0.0217416713274105,0.0038180168506968,-35.158665696739085,240946000.0,-151491000.0,-394813000.0,2493569000.0,89971000.0,48506000.0,63393500.0,35.2809032133552,70.1454802259887,94.03813559322032,2.550955100433242,1.2830477417795945,0.95705853196954,0.0243516324889805,0.0536994809954814,2009-02-10,0.17,bmo,219451764.0,2025-04-25,2008-12-31,-0.0588235294117647,14.85671875,10585185.546875
2008-09-30,ICE,USD,1571949,2008-09-30,2008-09-29 20:00:00,2008,Q3,201444000.0,50275000.0,151169000.0,0.7504269177,0,0.0,0.0,17626000.0,14401000.0,32027000.0,82302000.0,3297000.0,4438000.0,14920000.0,133781000.0,0.6641101249,119142000.0,0.5914398046,-860000.0,118282000.0,0.5871706281,43319000.0,74963000.0,0.3721282341,0.21,0.21,357415000,362120000,,,0.5636137263405285,0.2097365807254871,0.3018060238098569,0.2610942461844074,0.6868150469342361,5.484904103073458,-0.5940349453716268,5.4686428941146845,1.1000881328427738,5768678100.0,5915701100.0,19.238417952856743,28.636634002501932,53.47805784740892,61.816758645077634,2.951372088561452,2.951372088561452,29.3664795178809,44.21929197718659,54.841022527115975,63.39224702365006,0.0129948315195469,0.0161768430101863,0.1988923423250578,0.0934299573334525,1.0989826656999129,1.1219010558212632,26.845876520955382,1.4389765617704735,0.0,0.0,0.0,0.0,0.5221752849343323,0.1348938537128024,0.0722334743154425,0.9752680965147452,0.0,5.080051711445248,0.0285333521117455,0.0377045791424965,-5.178522166109425,189960000.0,-212317000.0,-452211000.0,2438906000.0,88535000.0,39164500.0,52331000.0,44.09394174063264,84.76200895077076,107.7816011934361,2.041096723205058,1.0617964476546495,0.8350219239968111,0.0383525830423493,0.0407117776254494,2008-10-30,0.21,bmo,201444000.0,2025-04-25,2008-09-30,0.0,17.813125,12121995.0
2008-06-30,ICE,USD,1571949,2008-06-30,2008-06-29 20:00:00,2008,Q2,197160000.0,37851000.0,159309000.0,0.8080188679,0,0.0,0.0,15680000.0,10844000.0,26524000.0,64375000.0,2925000.0,4041000.0,11027000.0,143842000.0,0.7295698925,132785000.0,0.6734885372,-1146000.0,131639000.0,0.6676759992,46775000.0,84864000.0,0.4304321363,0.24,0.24,352980000,357015000,,,0.5585585585585585,0.2404215536291008,0.3178848659980735,0.2933254008725707,1.0606040002266417,4.810411354750977,0.2908975012748597,4.810411354750977,0.5869057736982265,8047944000.0,7888211000.0,23.70835690045249,40.81935483870968,71.72408138529683,77.72937472232417,4.739719395822917,4.739719395822917,40.00918543315074,54.839414079337054,70.30052492268753,76.18662713206746,0.0105448049837324,0.0128651491610776,0.1196275101164384,0.067797419142086,-1.1104753827115863,1.401490419125584,32.859440732491954,1.3221978695324283,0.0,0.0,0.0,0.0,0.5324656598770785,0.0772589945368827,0.0439693649827551,0.786161240591276,0.0,5.101161422543566,0.0402990668945863,0.060584254261972,-2.3873817213439854,366358000.0,102681000.0,-19226000.0,2026032000.0,76450000.0,28026500.0,41053000.0,35.7772367620207,73.66251882380914,105.7002457002457,2.5155659895886497,1.2217882504841833,0.8514644351464435,0.049979416706567,0.0245594651255028,2008-08-04,0.24,bmo,197160000.0,2025-04-25,2008-06-30,0.0,28.691875,7844021.875
2008-03-31,ICE,USD,1571949,2008-03-31,2008-03-30 20:00:00,2008,Q1,207214000.0,37651000.0,169563000.0,0.8182989566,0,0.0,0.0,14337000.0,10946000.0,25283000.0,62934000.0,2919000.0,5134000.0,11123000.0,155049000.0,0.7482554268,144280000.0,0.696285,-1861000.0,142419000.0,0.6873039466,50129000.0,92290000.0,0.4453849643,0.26,0.26,351805000,356740000,,,0.5890024303236168,0.262332826423729,0.2255368741206065,0.2073478205255752,0.7863816602947655,4.532300564233027,-0.0128764514432711,4.532300564233027,0.6186211111269027,9182110500.0,9178733500.0,24.872983259291363,44.312211047516094,115.72387043922112,125.87544896224604,5.758664861278181,5.758664861278181,44.29591388612739,59.19892098626886,115.68130947129625,125.82915444301264,0.010051066146503,0.0079443609396772,0.1332717878990471,0.0696051504535799,-0.0217802114170359,1.2653289585980616,28.10284378652123,0.8597356159930654,0.0,0.0,0.0,0.0,0.5237635259185014,0.0806478038943852,0.0308811180711727,0.5752944349545985,0.0,5.172219290341914,0.0459237635098504,0.0634767136271002,-3.146848396128537,279800000.0,-4530000.0,-124109000.0,1941499000.0,63271000.0,26442000.0,37562000.0,32.36827627476907,59.93386629837189,90.00239037475764,2.780500241532929,1.5016551669126152,0.9999734409858706,0.0578807214362496,0.0181890535950313,2008-05-02,0.26,bmo,207214000.0,2025-04-25,2008-03-31,0.0,27.95786885245902,12736301.721311476
2007-12-31,ICE,USD,1571949,2007-12-31,2007-12-30 19:00:00,2007,Q4,159296000.0,41438000.0,117858000.0,0.7398679188,0,0.0,0.0,11752000.0,9546000.0,21298000.0,62736000.0,0.0,0.0,9785000.0,106345000.0,0.6675936621,96527000.0,0.6059599739,-438000.0,96089000.0,0.6032103757,31437000.0,64652000.0,0.4058607875,0.19,0.19,347195000,347195000,,,0.4588084505825257,0.1862123590489494,0.2943360359452181,0.2613920131338297,0.7504485951698613,4.253678768415444,-0.2032085715520096,4.253678768415444,0.6390501015279598,13367007500.0,13469285500.0,51.68829850584668,83.9130141372037,130.80287595897917,147.28835643607997,9.050989060544833,9.050989060544833,84.55507671253515,126.65650007052518,131.80371751213403,148.41533706503296,0.004836684650622,0.006789402938541,0.1502346877420682,0.0793446445270522,0.9617565470873102,1.2537243636116149,0.0,1.5806471570871743,0.0,0.0,0.0,0.0,0.5533684148415163,0.1119265695944888,0.0718034351145038,1.1689320388349516,0.0,4.221607520520953,0.0337756731748335,0.0517656629322879,-2.883646077852504,231133000.0,-70553000.0,-177395000.0,1842066000.0,61784500.0,30629000.0,35010000.0,29.389438529529933,60.40325305275351,81.38616728606593,3.062324579953094,1.489985976771781,1.1058390264731,0.0437767798620854,0.0329440228113884,2008-01-31,0.18,bmo,159296000.0,2025-04-25,2007-12-31,0.0,34.1459375,7877933.984375
2007-09-30,ICE,USD,1571949,2007-09-30,2007-09-29 20:00:00,2007,Q3,151735000.0,29659000.0,122076000.0,0.8045342208,0,0.0,0.0,12170000.0,8898000.0,21068000.0,50727000.0,0.0,0.0,9065000.0,109915000.0,0.7243879131,100864000.0,0.6647378654,-1590000.0,99274000.0,0.6542590701,32593000.0,66681000.0,0.439456948,0.19,0.19,347195000,356735000,,,0.4370310632353577,0.1920563372168378,0.2614813001339305,0.0900790621984763,0.5561111191117384,3.993113380088999,-0.4030213568743789,3.993113380088999,0.6660522184939299,10693606000.0,10832031000.0,40.09240263343381,70.47553959205193,117.79044996420112,341.9218545163869,7.713279606228843,7.713279606228843,71.38782087191485,98.54916071509804,119.31520625654018,346.3479136690647,0.006235595364183,0.0029246448765739,0.1668002270646983,0.0861517851022421,1.259382249920393,1.1994149245795844,0.0,1.3614822813095184,0.0,0.0,0.0,0.0,0.5686263698599516,0.655504764002864,0.3921969222657923,6.564809707666851,0.0,4.153951302327387,0.0366407183988889,0.05758787460057,-2.980488630308616,174031000.0,-139927000.0,-251088000.0,1761115000.0,76693500.0,36511500.0,31466000.0,42.43971397502224,101.494655922317,98.76664756060556,2.120655196992355,0.8867461954734356,0.91123878579329,0.0480968905552482,0.1714022379354541,2007-10-25,0.18,bmo,143305277.0,2025-04-25,2007-09-30,0.0555555555555556,29.30079365079365,13780656.42857143
2007-06-30,ICE,USD,1571949,2007-06-30,2007-06-29 20:00:00,2007,Q2,136654000.0,28431000.0,108223000.0,0.7919490099,0,0.0,0.0,13002000.0,7748000.0,20750000.0,49181000.0,0.0,0.0,7902000.0,95375000.0,0.6979305399,76529000.0,0.560020197,-1322000.0,75207000.0,0.5503461296,21514000.0,53693000.0,0.392912026,0.16,0.15,346025000,356140000,,,0.3949252221660285,0.1551708691568528,0.184879705223611,0.149367820244202,0.6682436240156058,3.774183946246658,-0.2712289574452713,3.774183946246658,0.6953977313777906,10231959250.0,10351732250.0,47.6410297897305,74.87493414023739,159.94183874447032,197.96767437360936,7.834806257762477,7.834806257762477,75.75140317883121,108.53716644823066,161.81408172197646,200.2850391796459,0.0052475775839314,0.0050513297343321,0.1842511497271743,0.0944277335970442,1.2558112712975098,1.1960154226904385,0.0,1.1914588493844636,0.0,0.0,0.0,0.0,0.5493247313347029,0.1920810341862973,0.0899205292197813,1.5550493545937738,0.0,3.630010547392532,0.031880829521609,0.0467533530529914,-2.7006285673000505,170918000.0,-93852000.0,-199403000.0,1627931000.0,79844500.0,40621500.0,32108500.0,53.89699533127461,125.28015194681862,96.1823361823362,1.6698518989197908,0.7183899332929048,0.935722748815166,0.0411137536926801,0.035511884979409,2007-07-26,0.15,bmo,136654000.0,2025-04-25,2007-06-30,0.0,28.01047619047619,16604354.76190476
2007-03-31,ICE,USD,1571949,2007-03-31,2007-03-30 20:00:00,2007,Q1,126608000.0,28326000.0,98282000.0,0.7762700619,0,0.0,0.0,12130000.0,6509000.0,18639000.0,46965000.0,0.0,0.0,6647000.0,86290000.0,0.6815525085,79643000.0,0.6290518767,8221000.0,87864000.0,0.6939845823,32278000.0,55586000.0,0.439040187,0.16,0.16,337670000,348790000,,,0.3749459531495246,0.1646163413984067,0.0913051203838066,0.0287321941540557,0.5250925459768413,3.672511623774691,-0.0334912784671424,3.672511623774691,0.7403678147303581,8252654800.0,8387790800.0,37.11660669952866,65.18272778971313,267.67392559436934,850.6137703566275,6.654846193483253,6.654846193483253,66.25008530266649,97.2046679800672,272.05704647919305,864.5424448567305,0.0067355295171197,0.0011756216920644,0.2015971331274892,0.1089356421298573,1.566067910534245,1.241983244972108,0.0,0.5546540495808298,0.0,0.0,0.0,0.0,0.5452908647006253,0.6853167266712076,0.1668851889296095,3.1787272453738527,0.0,3.688156329807687,0.0320186709133854,0.0532674286338542,-2.3757566559066543,183621000.0,-11309000.0,-112398000.0,1485718000.0,54987000.0,27447500.0,28660000.0,55.342237457348666,132.38826519805127,107.497352255878,1.6262443322672215,0.6798185614515084,0.8372299234475217,0.0448239129680984,0.0625729262297509,2007-05-02,0.14,bmo,126608000.0,2025-04-25,2007-03-31,0.0,27.278032786885248,25449815.95081967
2006-12-31,ICE,USD,1571949,2006-12-31,2006-12-30 19:00:00,2006,Q4,95264000.0,19562000.0,75702000.0,0.7946548539,0,0.0,0.0,7628000.0,3889000.0,11517000.0,31079000.0,0.0,0.0,3939000.0,68124000.0,0.7151074908,64185000.0,0.6737592375,3215000.0,67400000.0,0.7075075579,18408000.0,48992000.0,0.5142761169,0.17,0.17,283960000,283960000,,,0.3354838709677419,0.1725313424425975,0.2176715030285956,0.1939885899422453,0.9917277081279052,1.6004648542048177,1.3147696858712494,1.6004648542048177,0.0,6127856799.999999,5923599799.999999,31.2696807642064,64.32499999999999,99.14021679339912,111.24365616774077,13.483582562468644,13.483582562468644,62.18088469936176,86.95320004697315,95.8356220676266,107.53562312789325,0.0079949648953937,0.0089892766423654,0.0,0.0,-2.998311901826082,8.995408849837727,0.0,1.261634552580013,0.0,0.0,0.0,0.0,0.1644853825239096,0.108801164860055,0.0705932986227746,1.7072861132267072,0.0,2.4925755497343407,0.1024683449202185,0.1188880934758605,0.9814841879137908,303018000.0,373342000.0,302174000.0,410424000.0,34410000.0,7013500.0,23135500.0,30.346090863285184,60.85880789285349,108.0579695327676,2.9657856231126054,1.4788327789537346,0.8328862775152212,0.1078007692510803,0.0236829130863501,2007-02-07,0.15,bmo,88913066.0,2025-04-25,2006-12-31,0.0666666666666667,18.73333333333333,14467356.80952381
2006-09-30,ICE,USD,1571949,2006-09-30,2006-09-29 20:00:00,2006,Q3,94662000.0,18936000.0,75726000.0,0.79996197,0,0.0,0.0,7017000.0,3327000.0,10344000.0,29280000.0,0.0,0.0,3351000.0,68733000.0,0.72608861,65382000.0,0.6906889776,2731000.0,68113000.0,0.7195389914,24467000.0,43646000.0,0.4610720247,0.15,0.15,283960000,298060000,,,0.3333638540639527,0.1537047471474855,0.1599873221580504,0.1405690942386251,0.8741019861952387,1.3362198901253697,1.0504085082405972,1.3362198901253697,0.0,4262239600.0,4192057600.0,24.41368968519452,45.02587733198116,93.81993396434076,106.7802284798076,11.233181088624344,11.233181088624344,44.284481629376096,60.99046455123449,92.27509575170592,105.021986170959,0.0102401563722508,0.0093650295961775,0.0,0.0,-1.0210815765352887,8.817278287461773,0.0,1.040898155573376,0.0,0.0,0.0,0.0,0.1928454318640846,0.1213735417125247,0.0582493503200862,1.6454789615040286,0.0,2.149680245470502,0.1086700724011325,0.1284873605718137,0.8652952880687421,276075000.0,298274000.0,269974000.0,379629000.0,33151500.0,1001500.0,11392000.0,34.89161437535653,3.797528517110266,108.2889733840304,2.5794163328701054,23.69962453066333,0.8311095505617978,0.1150295309053245,0.0194182279194252,2006-11-02,0.14,bmo,87900428.0,2025-04-25,2006-09-30,0.0714285714285712,12.551428571428572,6581793.650793651
2006-06-30,ICE,USD,1571949,2006-06-30,2006-06-29 20:00:00,2006,Q2,73591000.0,15167000.0,58424000.0,0.7939014282,0,0.0,0.0,7699000.0,3309000.0,11008000.0,26175000.0,0.0,0.0,3345000.0,50761000.0,0.6897718471,47416000.0,0.6443179193,853000.0,48269000.0,0.6559090106,17302000.0,30967000.0,0.420798739,0.11,0.1,279355000,296045000,,,0.2634318340462852,0.1108517835728732,0.0773496089205491,0.0621073544414812,0.674965545631902,1.133478906767375,0.8428379660288879,1.133478906767375,0.0,3237724450.0,3183630450.0,26.13850590951658,43.99620130178962,149.8391544798223,186.61236023054755,10.225157195958856,10.225157195958856,43.26113859031675,62.71804042473553,147.33572982228804,183.49455043227667,0.0095644334402824,0.0053587018499983,0.0,0.0,-1.0656606449833534,9.43612797758057,0.0,0.6977750508605935,0.0,0.0,0.0,0.0,0.2318314202501284,0.1970566456867826,0.0578603361824136,1.2729446935724962,0.0,1.681393340444575,0.0937353862922923,0.115106977712357,0.6342503266453079,216741000.0,235451000.0,208856000.0,321820000.0,25180500.0,1961500.0,0.0,36.20497071652784,7.14445836355245,0.0,2.4858465072287528,12.597176079734218,0.0,0.0977978354171732,0.0152422544790678,2006-07-26,0.1,bmo,73591000.0,2025-04-25,2006-06-30,0.0,12.20920634920635,7142531.904761905
2006-03-31,ICE,USD,1571949,2006-03-31,2006-03-30 19:00:00,2006,Q1,50282000.0,0.0,50282000.0,1.0,0,0.0,0.0,19441000.0,3188000.0,22629000.0,22629000.0,0.0,0.0,3226000.0,30879000.0,0.6141163836,27653000.0,0.5499582356,1108000.0,28761000.0,0.5719939541,9097000.0,19664000.0,0.3910743407,0.07,0.066,277665000,294860000,,,0.1810887220211406,0.0708191525759458,0.061498568418778,0.0495489168602452,0.5117353645580105,0.9243548880845625,0.6482884050924675,0.9243548880845625,0.0,3834553650.0,3826355650.0,48.75093635577706,76.26096117895072,224.5580727336613,278.7144679459224,14.940149263035678,14.940149263035678,76.09792072709917,123.91449366883644,224.07798371984072,278.11859645297284,0.0051281066311329,0.0035879012932835,0.0,0.0,-0.2654878720165808,6.440404970087437,0.0,0.8683889340927583,0.0,0.0,0.0,0.0,0.2627872853930119,0.1943078004216444,0.0659878286464341,1.0285182889026658,0.0,1.2136291326865856,0.0717656924615048,0.0914426019103245,0.4416247996686654,153686000.0,180007000.0,146900000.0,251896000.0,17765000.0,2208000.0,0.0,37.15305675987431,0.0,0.0,2.422411716529364,0.0,0.0,0.076614678505889,0.0119496515585327,2006-05-02,0.06,bmo,41901666.0,2025-04-25,2006-03-31,0.1666666666666668,11.139193548387096,4678443.548387097
