date,symbol,reportedCurrency,cik,fillingDate,acceptedDate,calendarYear,period,revenue,costOfRevenue,grossProfit,grossProfitRatio,researchAndDevelopmentExpenses,generalAndAdministrativeExpenses,sellingAndMarketingExpenses,sellingGeneralAndAdministrativeExpenses,otherExpenses,operatingExpenses,costAndExpenses,interestIncome,interestExpense,depreciationAndAmortization,ebitda,ebitdaratio,operatingIncome,operatingIncomeRatio,totalOtherIncomeExpensesNet,incomeBeforeTax,incomeBeforeTaxRatio,incomeTaxExpense,netIncome,netIncomeRatio,eps,epsdiluted,weightedAverageShsOut,weightedAverageShsOutDil,link,finalLink,revenuePerShare,netIncomePerShare,operatingCashFlowPerShare,freeCashFlowPerShare,cashPerShare,bookValuePerShare,tangibleBookValuePerShare,shareholdersEquityPerShare,interestDebtPerShare,marketCap,enterpriseValue,peRatio,priceToSalesRatio,pocfratio,pfcfRatio,pbRatio,ptbRatio,evToSales,enterpriseValueOverEBITDA,evToOperatingCashFlow,evToFreeCashFlow,earningsYield,freeCashFlowYield,debtToEquity,debtToAssets,netDebtToEBITDA,currentRatio,interestCoverage,incomeQuality,dividendYield,payoutRatio,salesGeneralAndAdministrativeToRevenue,researchAndDdevelopementToRevenue,intangiblesToTotalAssets,capexToOperatingCashFlow,capexToRevenue,capexToDepreciation,stockBasedCompensationToRevenue,grahamNumber,roic,returnOnTangibleAssets,grahamNetNet,workingCapital,tangibleAssetValue,netCurrentAssetValue,investedCapital,averageReceivables,averagePayables,averageInventory,daysSalesOutstanding,daysPayablesOutstanding,daysOfInventoryOnHand,receivablesTurnover,payablesTurnover,inventoryTurnover,roe,capexPerShare,report_date,epsEstimated,time,revenueEstimated,updatedFromDate,fiscalDateEnding,surprise(%),QuarterAvgPrice,QuarterAvgVolume
2025-03-31,IDXX,USD,874716,2025-05-01,2025-05-01 16:11:17,2025,Q1,998427000.0,375048000.0,623379000.0,0.62436112,59061000,91561000.0,156223000.0,247784000.0,0.0,306845000.0,681893000.0,1216000.0,7666000.0,34063000.0,351813000.0,0.3523672737,316534000.0,0.3170326924,-6450000.0,310084000.0,0.3105725306,67407000.0,242677000.0,0.2430593323,2.98425952114512,2.962293401040013,81319000,81922000,https://www.sec.gov/Archives/edgar/data/874716/000087471625000062/0000874716-25-000062-index.htm,https://www.sec.gov/Archives/edgar/data/874716/000087471625000062/idxx-20250331.htm,12.106988249845394,2.9427164805316064,2.8855420956261293,2.5214449416130087,1.9883104757054333,17.55869620575503,17.55869620575503,17.55869620575503,12.845853492912315,34632016650.0,35527405650.0,35.67706936586492,34.68657863819789,145.53591182625797,166.5513266101108,23.91692384667817,23.91692384667817,35.583378304072305,112.23882947803396,149.29865125524245,170.85740636542013,0.0070073020134101,0.0060041551175449,0.7315949511503005,0.3296395513069248,2.8287292992222004,1.15965316362337,0.0,0.9805708822838588,0.0,0.0,0.0917052523619653,0.0591540493195796,0.0,0.1261798102218001,0.0300733053092514,0.0,0.0,34.096641414951264,0.0964696433262015,0.0755135297783948,-11.527007772806092,181400000.0,1448013000.0,-448063000.0,1015023000.0,582734500.0,117153500.0,388932000.0,54.459434690768575,28.819351123056247,95.02471683624496,1.652606210678421,3.1229016786570742,0.9471220014798466,0.167593108625406,0.3640971540131203,2025-05-01,2.85,bmo,997097675.0,2025-05-11,2025-03-31,0.0385964912280701,434.2478333333333,719361.95
2024-12-31,IDXX,USD,874716,2025-02-21,2025-02-21 08:28:50,2024,Q4,954288000.0,383628000.0,570660000.0,0.5979955737,57729000,101137000.0,150108000.0,251245000.0,0.0,308974000.0,694323000.0,2199000.0,7498000.0,33706000.0,298563000.0,0.3128646698,261686000.0,0.2742211995,-5299000.0,256387000.0,0.2686683685,40238000.0,216149000.0,0.2265029006,2.63,2.62,81846000,82538000,https://www.sec.gov/Archives/edgar/data/874716/000087471625000037/0000874716-25-000037-index.htm,https://www.sec.gov/Archives/edgar/data/874716/000087471625000037/idxx-20241231.htm,11.659555751044644,2.6409231972240548,3.201439288419715,2.7218190259756128,3.522053612882731,19.49164284143391,13.177638491801677,19.49164284143391,12.150208928964153,33838410240.0,34537092240.0,39.1378288125321,35.45932699562396,129.14191485545274,151.8984164833685,21.21114178847662,21.21114178847662,36.19147703837835,115.6777371610012,131.8083856120599,155.0347544103784,0.0063876818818306,0.0065833471023016,0.6186547718222066,0.2996705878923667,2.3401493152199038,1.3108680832574846,34.90077353961056,1.212242480881244,0.0,0.0,0.1059816323793236,0.0604943161812786,0.1569105644154157,0.1498139490506631,0.0411353805140586,1.16462944282917,0.0149409821772881,34.03246191460225,0.0827874415731888,0.0778447685660542,-9.749266915915255,331981000.0,1078537000.0,-298233000.0,1678009000.0,574193500.0,112407000.0,385840500.0,52.93835823147729,26.794159967468488,89.58921142356658,1.700090501606938,3.358940907618356,1.004585246034718,0.1354900260951926,0.4796202624441023,2025-02-03,2.39,bmo,935146737.0,2025-05-03,2024-12-31,0.0962343096234309,438.62703125,634812.890625
2024-09-30,IDXX,USD,874716,2024-10-31,2024-10-31 16:14:44,2024,Q3,975543000.0,379505000.0,596038000.0,0.6109807564,53978000,91887000.0,146281000.0,238168000.0,0.0,292146000.0,671651000.0,2714000.0,7697000.0,34133000.0,341999000.0,0.350572963,303892000.0,0.3115106151,-4983000.0,298909000.0,0.3064026906,66068000.0,232841000.0,0.2386783566,2.83,2.8,82304000,83056000,https://www.sec.gov/Archives/edgar/data/874716/000087471624000139/0000874716-24-000139-index.htm,https://www.sec.gov/Archives/edgar/data/874716/000087471624000139/idxx-20240930.htm,11.852923308709176,2.829036255832037,2.6739769634525663,2.3326934292379478,3.749951399688958,19.659481920684293,13.354126166407465,19.659481920684293,12.222698775272162,41581626880.0,42271270880.0,44.64594603184147,42.62408410495488,188.9395484348802,216.5822536590447,25.698540889241027,25.698540889241027,43.3310175768777,123.6005686566335,192.07316863489928,220.1743365800302,0.0055996125565734,0.0046171834631209,0.6169633399132538,0.297925907091095,2.0165088202012287,1.4206400164879154,39.48187605560608,0.945190065323547,0.0,0.0,0.094190619993173,0.055331236039826,0.1548768251796753,0.1276314414369385,0.0287931951743798,0.8229279582808425,0.0163170664952749,35.37500827280514,0.0872985558258868,0.0822233836309639,-9.584840955482116,424520000.0,1099098000.0,-298968000.0,1782274000.0,597689500.0,114035500.0,384881000.0,54.16100571681618,26.229614893084413,92.44241841345963,1.6617121268126005,3.431236042421996,0.97357902946096,0.1439018722490102,0.341283534214619,2024-10-31,2.68,bmo,980319485.0,2025-04-25,2024-09-30,0.0447761194029849,485.804375,460836.125
2024-06-30,IDXX,USD,874716,2024-08-06,2024-08-06 16:07:57,2024,Q2,1003578000.0,382698000.0,620880000.0,0.6186664116,55450000,157243000.0,142665000.0,299908000.0,0.0,355358000.0,738056000.0,3354000.0,8099000.0,32193000.0,300727000.0,0.299654835,265522000.0,0.2645753494,-4745000.0,259056000.0,0.2581324013,55758000.0,203298000.0,0.2025731931,2.46,2.44,82630000,83393000,https://www.sec.gov/Archives/edgar/data/874716/000087471624000121/0000874716-24-000121-index.htm,https://www.sec.gov/Archives/edgar/data/874716/000087471624000121/idxx-20240630.htm,12.1454435435072,2.460341280406632,3.0051071039574007,2.602045262011376,4.860099237565049,19.12444632699988,12.84545564564928,19.12444632699988,13.0215902214692,39364932000.0,40031217000.0,48.407918425168965,39.22458642975434,158.53012339315055,183.0867460129205,24.91052508680572,24.91052508680572,39.888495961449934,133.11480844752882,161.2133807468024,186.18564511853103,0.0051644443333472,0.005461891817824,0.6757620456977459,0.312713496601771,2.2155809089306917,1.3688629553811134,32.78454130139524,1.2214188039233047,0.0,0.0,0.1566823904071233,0.0552523072446785,0.1519335892144555,0.1341256161603144,0.0331862595632825,1.0345416705494983,0.0156629579365031,32.53743931493185,0.0760946036589712,0.070198761478629,-9.522134817862762,411910000.0,1061420000.0,-306002000.0,1758447000.0,593275000.0,117465000.0,385278500.0,54.55253104392484,27.625229293071826,89.35562767508584,1.6497859636894467,3.2578915108795585,1.007211323356792,0.1286490201252584,0.4030618419460244,2024-08-06,2.88,bmo,1006652568.0,2025-04-25,2024-06-30,0.0486111111111111,502.0253968253968,520659.253968254
2024-03-31,IDXX,USD,874716,2024-05-01,2024-05-01 16:13:57,2024,Q1,964095000.0,371025000.0,593070000.0,0.61515722,52635000,92024000.0,149453000.0,241477000.0,0.0,294112000.0,665137000.0,4432000.0,7911000.0,29904000.0,334551000.0,0.3470104087,298958000.0,0.3100918478,-3479000.0,295479000.0,0.3064832822,59900000.0,235579000.0,0.2443524756,2.84,2.81,83096000,83957000,https://www.sec.gov/Archives/edgar/data/874716/000087471624000083/0000874716-24-000083-index.htm,https://www.sec.gov/Archives/edgar/data/874716/000087471624000083/idxx-20240331.htm,11.60218301723308,2.835022143063445,2.389826225089054,2.025512660055839,4.782817464137865,18.880644074323676,12.574395879464715,18.880644074323676,12.959143641089824,44241141360.0,44912650360.0,46.94936874678982,45.88877793163537,222.78188866228564,262.8519734778269,28.19872022925529,28.19872022925529,46.58529539101437,134.2475447988498,226.1633575546995,266.8416414753553,0.0053248852257911,0.0038044226443076,0.6813295379073061,0.3187527117069701,2.0071947176962555,1.5696205045030736,37.79016559221338,0.8429656293642472,0.0,0.0,0.0954511744174588,0.054595242170118,0.1562611170667195,0.1524435380315733,0.0314004325299892,1.0123394863563402,0.0149362873990633,34.70386852477923,0.0869615473712842,0.0832584376483261,-9.12432608067777,545071000.0,1044882000.0,-282636000.0,1897706000.0,553885000.0,114052500.0,385440500.0,53.97992936380752,28.49290479078229,94.74808975136446,1.6672863610737374,3.158681105378761,0.9498872244936624,0.1501549487349784,0.3643135650332146,2024-05-01,2.67,bmo,964412193.0,2025-04-25,2024-03-31,0.0524344569288389,546.4921311475409,428345.98360655736
2023-12-31,IDXX,USD,874716,2024-02-22,2024-02-22 16:17:19,2023,Q4,901601000.0,375434000.0,526167000.0,0.5835918549,51812000,87021000.0,142032000.0,229053000.0,0.0,280865000.0,656299000.0,3631000.0,9265000.0,29737000.0,276870000.0,0.3070870596,245302000.0,0.2720737887,-5634000.0,239668000.0,0.2658249048,45147000.0,194521000.0,0.215750648,2.34,2.32,83088000,83933000,https://www.sec.gov/Archives/edgar/data/874716/000087471624000057/0000874716-24-000057-index.htm,https://www.sec.gov/Archives/edgar/data/874716/000087471624000057/idxx-20231231.htm,10.851157808588484,2.3411443289042944,3.007064798767572,2.6152392764298096,5.463267860581552,17.866960331215097,12.445467456191029,17.866960331215097,11.519653860966686,46117994400.0,46611942400.0,59.27122829925817,51.15122365658423,184.5819884651252,212.2367941635252,31.06572073316133,31.06572073316133,51.69908019179216,168.35317080218152,186.5589587394087,214.50996196640529,0.0042178980792798,0.0047117183612824,0.6385051160973507,0.2907674256309577,1.7840430526962112,1.5713926900090065,26.47620075553157,1.2844422967186062,0.0,0.0,0.0965183046602654,0.0574666620822292,0.1381813998788315,0.1303016557868489,0.0361090981487376,1.0947976931095942,0.0168844089569554,30.678257597508697,0.0750397376623213,0.0692377620784605,-8.836125553629886,543707000.0,1034069000.0,-280141000.0,1696345000.0,525696500.0,111626000.0,387128000.0,52.85877012115116,26.523623326603342,91.16217497616093,1.702650284781919,3.3932015581645474,0.9872515659431684,0.1310320438118461,0.3918255223377623,2024-02-05,2.12,bmo,891250000.0,2025-04-25,2023-12-31,0.0943396226415093,469.4692063492064,522321.0634920635
2023-09-30,IDXX,USD,874716,2023-11-01,2023-11-01 16:20:22,2023,Q3,915527000.0,367545000.0,547982000.0,0.5985426973,47967000,89034000.0,135698000.0,224732000.0,0.0,272699000.0,640244000.0,1255000.0,8647000.0,28985000.0,305823000.0,0.3340403942,275283000.0,0.3006825577,-7392000.0,267891000.0,0.2926085195,55660000.0,212231000.0,0.231812934,2.55,2.53,83097000,83993000,https://www.sec.gov/Archives/edgar/data/874716/000087471623000128/0000874716-23-000128-index.htm,https://www.sec.gov/Archives/edgar/data/874716/000087471623000128/idxx-20230930.htm,11.0175698280323,2.554015187070532,3.278493808440738,2.8682022215001743,3.9916723828778418,15.613162930069675,10.211102687220958,15.613162930069675,12.364465624511114,36335825190.0,37022932190.0,42.80221220038543,39.68842556254485,133.3752709473522,152.4543830006839,28.006496951226563,28.006496951226563,40.43892991686755,121.0599993787256,135.89738464136136,155.337280889825,0.005840819601323,0.006559339130286,0.7852609088743933,0.3300938567990451,2.2467473015437034,1.4267573565259697,31.83566554874523,1.2836626129076336,0.0,0.0,0.0972489069137229,0.0523927748717405,0.1454427223396548,0.1251463662625306,0.0372397537156195,1.1762635846127307,0.0166286739768461,29.95355977068675,0.085993359172022,0.0804664552803421,-10.456638025440148,414037000.0,848512000.0,-404767000.0,1550033000.0,527076000.0,110136500.0,394557500.0,51.30143622197925,27.574337836183325,96.471615720524,1.7543368495683749,3.2639043060501383,0.9329168929929388,0.1635808963571184,0.4102915869405634,2023-11-01,2.37,bmo,926760000.0,2025-04-25,2023-09-30,0.0675105485232066,498.6663492063492,453416.3492063492
2023-06-30,IDXX,USD,874716,2023-08-01,2023-08-01 16:08:19,2023,Q2,943630000.0,370780000.0,572850000.0,0.6070705679,46505000,89669000.0,140532000.0,230201000.0,0.0,276706000.0,647486000.0,327000.0,10215000.0,27855000.0,325409000.0,0.3448480866,296144000.0,0.3138348717,-10215000.0,285929000.0,0.3030096542,61693000.0,224236000.0,0.237631275,2.7,2.67,83086000,83983000,https://www.sec.gov/Archives/edgar/data/874716/000087471623000100/0000874716-23-000100-index.htm,https://www.sec.gov/Archives/edgar/data/874716/000087471623000100/idxx-20230630.htm,11.357268372529669,2.698842163541391,2.4109236213080423,2.080302337337217,1.5988012420865128,13.165406927761596,7.687492477673736,13.165406927761596,12.589967022121655,41728281780.0,42631278780.0,46.522728040992526,44.22102071786611,208.31435536208156,241.42163905024185,38.14770046651266,38.14770046651266,45.17796040821084,131.00829657446474,212.82226294717293,246.6459858600819,0.0053737175468239,0.0041421307714338,0.9469530406514172,0.3608167880379238,2.774960127101586,1.3339514560580363,28.991091532060697,0.8933177545086427,0.0,0.0,0.0950255926581393,0.0492830876508801,0.158540145171774,0.1371346985233184,0.0291109862975954,0.986178423981332,0.0162796858938355,28.27464402302027,0.0990125801289838,0.0928256697526315,-12.60526743374335,295166000.0,638723000.0,-597920000.0,1433574000.0,526074000.0,112686500.0,393076000.0,50.76759958882189,26.133448406062893,95.91318301958034,1.7727842310633173,3.4438623866845,0.93834858949084,0.2049949673678831,0.3306212839708254,2023-08-01,2.47,bmo,934420000.0,2025-04-25,2023-06-30,0.0809716599190282,479.2077419354839,406282.2903225807
2023-03-31,IDXX,USD,874716,2023-05-02,2023-05-02 16:02:30,2023,Q1,900195000.0,357224000.0,542971000.0,0.6031704242,44667000,70101000.0,147804000.0,217905000.0,0.0,262572000.0,619796000.0,416000.0,12711000.0,28331000.0,309146000.0,0.3434211476,280399000.0,0.3114869556,-12711000.0,267688000.0,0.2973666817,53634000.0,214054000.0,0.2377862574,2.58,2.55,82992000,83959000,https://www.sec.gov/Archives/edgar/data/874716/000087471623000034/0000874716-23-000034-index.htm,https://www.sec.gov/Archives/edgar/data/874716/000087471623000034/idxx-20230331.htm,10.846768363215732,2.5792124542124544,2.21602082128398,1.7399387892808946,1.3419004241372663,10.134723828802777,4.624518025833815,10.134723828802777,14.646700886832466,41502639360.0,42594120360.0,48.4721604828688,46.10405452152034,225.6657497063813,287.41240960935176,49.343229124683,49.343229124683,47.316548481162414,137.7799497971832,231.60055004567403,294.9710899509006,0.0051575996924741,0.0034793208872198,1.430087468686876,0.4283039654635845,3.5306327754523754,1.07865495402246,22.05955471638738,0.8591850654507741,0.0,0.0,0.077873127489044,0.0496192491626814,0.1628341139681768,0.2148364435164644,0.0438916012641705,1.3946207334721683,0.0154744249856975,24.25162124855093,0.0988416464680669,0.0910443857011307,-15.30905087237324,83817000.0,383798000.0,-817851000.0,1206559000.0,505382000.0,113965000.0,379417000.0,51.974838784929936,29.65593017266477,98.5123899849954,1.7316071026678286,3.0348061745491,0.9135906662472412,0.2544926233591447,0.4760820320030846,2023-05-02,2.42,bmo,892470000.0,2025-04-25,2023-03-31,0.0537190082644627,478.5551612903226,492183.8064516129
2022-12-31,IDXX,USD,874716,2023-02-16,2023-02-16 17:08:02,2022,Q4,828568000.0,343641000.0,484927000.0,0.5852591459,43418000,83047000.0,131935000.0,214982000.0,0.0,258400000.0,602041000.0,235000.0,13312000.0,28720000.0,256182000.0,0.3091864518,226527000.0,0.2733957865,-13312000.0,213215000.0,0.2573295131,41008000.0,172207000.0,0.2078368945,2.08,2.05,82934000,83815000,https://www.sec.gov/Archives/edgar/data/874716/000087471623000006/0000874716-23-000006-index.htm,https://www.sec.gov/Archives/edgar/data/874716/000087471623000006/idxx-20221231.htm,9.990691393156004,2.0764342730363903,2.091156823498203,1.6181421371210842,1.357055007596402,7.340017363204476,1.7998649528540769,7.340017363204476,16.41885113463718,33833754640.0,35069577640.0,49.11785618470794,40.834010775217,195.0881901423069,252.1162947562948,55.58024999301833,55.58024999301833,42.32552746425158,136.89321513611418,202.2140464054247,261.3251785780818,0.0050897986886861,0.003966423514857,2.2150271792251828,0.4908934692265265,4.824004028386069,0.8913046820569298,17.016751802884617,1.0070903041107504,0.0,0.0,0.100229552674011,0.0524012513155226,0.1672756861253146,0.2261976151486495,0.0473455407401685,1.3659122562674095,0.0160264456266715,18.518205404328445,0.0837198114473324,0.0752883970518926,-17.765852967419875,-134326000.0,149270000.0,-1036551000.0,974615000.0,471900000.0,110182500.0,361399000.0,53.32244305838506,28.86701528630169,96.33329550315592,1.6878446454798606,3.117745257255877,0.9342564222465696,0.2828922835313116,0.4730146863771191,2023-02-06,1.94,bmo,820908513.0,2025-04-25,2022-12-31,0.0567010309278349,388.171746031746,468219.38095238095
2022-09-30,IDXX,USD,874716,2022-11-01,2022-11-01 16:33:30,2022,Q3,841661000.0,335035000.0,506626000.0,0.6019359338,48013000,83764000.0,130021000.0,213785000.0,0.0,261798000.0,596833000.0,353000.0,10998000.0,28547000.0,274428000.0,0.3260552645,244828000.0,0.2908867109,-10645000.0,234183000.0,0.278239101,53245000.0,180938000.0,0.214977289,2.17,2.15,83247000,84113000,https://www.sec.gov/Archives/edgar/data/874716/000087471622000038/0000874716-22-000038-index.htm,https://www.sec.gov/Archives/edgar/data/874716/000087471622000038/idxx-20220930.htm,10.110406381010726,2.1735077540331784,2.270352084759811,1.8176630989705336,1.1913462346991484,5.7179117565798165,0.2491260946340408,5.7179117565798165,18.22398404747318,27121872600.0,28528790600.0,37.47398639312914,32.224224004676465,143.50197142857144,179.2411367015828,56.97884365303289,56.97884365303289,33.89582100156714,103.95728788607576,150.945982010582,188.5390780821465,0.0066712945182111,0.0055790764240961,3.164069672415278,0.5704756735340429,5.126729050971475,0.889838605985991,22.261138388797963,1.044556698979761,0.0,0.0,0.0995222542092362,0.0570455325837837,0.1724425933129727,0.1993915343915344,0.0447745588782181,1.320103688653799,0.0153838659507806,16.72209091727417,0.0899800408433381,0.0828164684569392,-18.592042355880693,-131086000.0,20739000.0,-1105209000.0,1046682000.0,463006500.0,118703000.0,343770000.0,48.428916155079065,29.587834106884355,95.35645529571538,1.8583938511405464,3.04179074665892,0.9438270300725404,0.380122647316486,0.4526889857892777,2022-11-01,2.04,bmo,830002337.0,2025-04-25,2022-09-30,0.0539215686274509,367.3396875,552682.78125
2022-06-30,IDXX,USD,874716,2022-08-02,2022-08-02 15:01:58,2022,Q2,860546000.0,346514000.0,514032000.0,0.5973323913,123221000,81488000.0,130257000.0,211745000.0,0.0,334966000.0,681480000.0,334000.0,7983000.0,28122000.0,208222000.0,0.241964985,179066000.0,0.2080841698,-7983000.0,171083000.0,0.1988075013,39104000.0,131979000.0,0.1533665835,1.57,1.56,83922000,84858000,https://www.sec.gov/Archives/edgar/data/874716/000087471622000033/0000874716-22-000033-index.htm,https://www.sec.gov/Archives/edgar/data/874716/000087471622000033/idxx-20220630.htm,10.254116918090608,1.572638878959033,0.7846571816686924,0.4261576225542766,1.3627177617311312,5.445628083220133,0.0105574223683896,5.445628083220133,16.526989347251018,29433963060.0,30698596060.0,55.75501227468007,34.20382299144961,446.98501230068337,823.0053422435969,64.40579390295137,64.40579390295137,35.67339347344593,147.43204877486528,466.1897655277145,858.365844424561,0.0044839018018391,0.0012150589415056,3.017441707803802,0.5289210393585418,6.0734840698869474,0.8939416928764979,22.430915695853688,0.4989430136612643,0.0,0.0,0.0946933690935754,0.1431893239873289,0.1749480761817822,0.4568868640850417,0.0349615244275146,1.0698385605575709,0.0143745947340409,13.881287584029106,0.0666886872698215,0.0613552462201246,-18.048848931150356,-123722000.0,886000.0,-1107352000.0,926624000.0,469367000.0,124071500.0,317101500.0,49.48072502806358,33.05372943084551,86.3770294995296,1.8188900819249405,2.7228394964718454,1.0419436801828217,0.2887892553303224,0.3584995591144158,2022-08-02,1.56,bmo,863137546.0,2025-04-25,2022-06-30,0.0,407.779435483871,699871.7580645161
2022-03-31,IDXX,USD,874716,2022-05-04,2022-05-04 14:57:34,2022,Q1,836549000.0,337796000.0,498753000.0,0.596202972,40168000,77949000.0,132292000.0,210241000.0,0.0,250409000.0,588205000.0,143000.0,6996000.0,26511000.0,275698000.0,0.3295658712,248344000.0,0.2968672487,-6853000.0,241491000.0,0.2886752599,47526000.0,193965000.0,0.231863286,2.3,2.27,84410000,85564000,https://www.sec.gov/Archives/edgar/data/874716/000087471622000020/0000874716-22-000020-index.htm,https://www.sec.gov/Archives/edgar/data/874716/000087471622000020/idxx-20220331.htm,9.91054377443431,2.297891245113138,1.358914820518896,0.8632626466058524,2.424096671010544,7.579646961260514,2.057125932946333,7.579646961260514,15.289325909252458,46177334599.99999,47256292599.99999,59.51761219807697,55.19979654509179,402.5712220807978,633.712117802053,72.17486550442483,72.17486550442483,56.48956917048493,171.40600439611455,411.9775129461405,648.5191387165833,0.0042004373288362,0.0015780035948631,2.006220713412671,0.4950751902754244,3.913550334061183,1.1219252559090989,35.497998856489424,0.5913747325548424,0.0,0.0,0.0931792399488852,0.0480163146450476,0.1797963427159987,0.3647411643680365,0.050012611335379,1.5781373769378748,0.0133560616293845,19.796138483297725,0.0976875170872011,0.0912118457602115,-14.78782727165028,118431000.0,173642000.0,-863119000.0,1285780000.0,445601000.0,118510500.0,285334000.0,50.09344342052887,32.20668687610274,80.36631576454428,1.7966423119381123,2.794450740811211,1.1198721646476903,0.3031659992685191,0.4956521739130435,2022-05-04,2.26,bmo,837104143.0,2025-04-25,2022-03-31,0.004424778761062,526.0259677419355,541953.7419354839
2021-12-31,IDXX,USD,874716,2022-02-16,2022-02-16 14:57:07,2021,Q4,801090000.0,344669000.0,456421000.0,0.5697499657,45306000,83466000.0,128458000.0,211924000.0,0.0,257230000.0,601899000.0,169000.0,7308000.0,27695000.0,227755000.0,0.2843063826,199191000.0,0.2486499644,-7308000.0,191883000.0,0.2395273939,29112000.0,162771000.0,0.2031869078,1.92,1.89,84828000,86142000,https://www.sec.gov/Archives/edgar/data/874716/000087471622000007/0000874716-22-000007-index.htm,https://www.sec.gov/Archives/edgar/data/874716/000087471622000007/idxx-20211231.htm,9.443697835620316,1.9188357617767715,2.4751732918376006,2.1004385344461736,1.70290470127788,8.13401235441128,2.7303720469656247,8.13401235441128,10.975255811760269,55855844880.0,56635091880.0,85.78899939178356,69.72480605175448,266.0258181402526,313.4869167564655,80.95143839348863,80.95143839348863,70.69753945249597,248.66673346359025,269.7371543693205,317.8603845635776,0.0029141265403772,0.003189925788121,1.3387126227550463,0.379000436155708,3.421426532897192,1.2515469912085062,27.25656814449918,1.2899349392705088,0.0,0.0,0.1041905403887203,0.0565554432086282,0.1880762497009892,0.1513973824084128,0.0396809347264352,1.1477884094601911,0.0121247300552996,18.73969744495665,0.0917294086074548,0.0822564726607685,-13.54569246003678,192076000.0,231612000.0,-791556000.0,1238123000.0,425306500.0,101412000.0,263757000.0,47.8130547129536,30.326487151440947,70.2491375783723,1.8823311026730327,2.967702772515929,1.2811545180834851,0.2359027351041751,0.3747347573914273,2022-02-02,1.71,bmo,781831779.0,2025-04-25,2021-12-31,0.1052631578947368,627.7521875,345906.71875
2021-09-30,IDXX,USD,874716,2021-11-02,2021-11-02 14:21:56,2021,Q3,810421000.0,337500000.0,472921000.0,0.5835497846,40427000,82098000.0,124434000.0,206532000.0,0.0,246959000.0,584459000.0,122000.0,7134000.0,26467000.0,253251000.0,0.3124931363,225962000.0,0.2788205143,-7012000.0,218950000.0,0.2701682212,43772000.0,175235000.0,0.2162271215,2.06,2.03,85123000,86511000,https://www.sec.gov/Archives/edgar/data/874716/000087471621000055/0000874716-21-000055-index.htm,https://www.sec.gov/Archives/edgar/data/874716/000087471621000055/idxx-20210930.htm,9.520587855221269,2.0586093065329,2.199229350469321,1.670382857747025,1.705802192121988,8.874922171446025,3.585916849735089,8.866628290826217,11.398881618364014,52937993700.0,53755963700.0,75.52428695751419,65.32159667629541,282.7808749766299,372.30985526204745,70.1394013148655,70.1394013148655,66.33091158792776,212.26357921587675,287.1502561363212,378.0625910766028,0.0033101934499644,0.0026859348090481,1.2761416302530362,0.4037201812097191,3.229878657932249,1.479906097509028,31.67395570507429,1.0686558814463003,0.0,0.0,0.1013029030590273,0.0498839492066469,0.1887109430014285,0.2404690045671857,0.0555476721358405,1.7008727849775191,0.0117593201558202,20.26550712747924,0.0978649518575685,0.0905360191120975,-12.183161425231724,304188000.0,305244000.0,-692247000.0,1434751000.0,426207500.0,89850000.0,249938000.0,47.200911624945554,23.11573333333333,68.92906666666667,1.9067428340183847,3.8934520788150064,1.3056901007412451,0.2321749868168966,0.528846492722296,2021-11-02,1.91,bmo,797100000.0,2025-04-25,2021-09-30,0.06282722513089,671.9428125,395814.390625
2021-06-30,IDXX,USD,874716,2021-07-30,2021-07-30 14:48:21,2021,Q2,826142000.0,336834000.0,489308000.0,0.5922807459,37697000,73326000.0,119032000.0,192358000.0,0.0,230055000.0,566889000.0,91000.0,7522000.0,25377000.0,285421000.0,0.3454866113,259253000.0,0.3138116692,-7522000.0,251731000.0,0.3047066969,49125000.0,202582000.0,0.2452145031,2.37,2.34,85325000,86654000,https://www.sec.gov/Archives/edgar/data/874716/000087471621000050/0000874716-21-000050-index.htm,https://www.sec.gov/Archives/edgar/data/874716/000087471621000050/idxx-20210630.htm,9.682297099326108,2.374239671842953,2.741927922648696,2.47728098447114,2.720585994726048,8.769094638148257,3.4881218869030177,8.760152358628773,10.695376501611486,53887003749.99999,54559930749.99999,66.50023663257348,65.22728992110314,230.33063516488207,254.9367649285153,72.09349496963047,72.09349496963047,66.04183148901761,191.15597923768743,233.2069447115898,258.1203494753375,0.0037593851189026,0.0039225413418908,1.2108487410697562,0.3752094087056811,2.357664642755789,1.5360726838690475,34.46596649827173,1.154728882658954,0.0,0.0,0.0887571386032909,0.0456301701160333,0.1868039660899886,0.0965185612617811,0.0273330734909979,0.8898214919021161,0.0116650648435741,21.63263225726388,0.1095583334094375,0.1032764905304478,-11.609217697040728,349417000.0,297624000.0,-662700000.0,1350271000.0,425243500.0,90095500.0,233475500.0,46.55947766848798,24.853310532784697,64.49847699460268,1.9330113761330507,3.621247957340672,1.395381785643269,0.2710272121585101,0.2646469381775564,2021-07-30,2.02,bmo,786320000.0,2025-04-25,2021-06-30,0.1584158415841583,552.1812698412698,351970.2380952381
2021-03-31,IDXX,USD,874716,2021-05-04,2021-05-04 16:12:29,2021,Q1,777707000.0,306925000.0,470782000.0,0.6053462294,37579000,70770000.0,114811000.0,185581000.0,0.0,223160000.0,530085000.0,52000.0,7584000.0,25057000.0,273431000.0,0.3515861372,247622000.0,0.3184001173,-7532000.0,240090000.0,0.3087152359,35801000.0,204257000.0,0.2626400431,2.39,2.35,85530000,86917000,https://www.sec.gov/Archives/edgar/data/874716/000087471621000031/0000874716-21-000031-index.htm,https://www.sec.gov/Archives/edgar/data/874716/000087471621000031/idxx-20210331.htm,9.092797848708056,2.3881328188939555,1.4547176429323043,1.2189757979656262,4.105728983982228,8.224424178650766,4.757161229977785,8.215783935461241,11.778346778907986,41850684300.0,42499339300.0,51.22307228148851,53.81291964711646,336.3608067705068,401.4107587834144,59.55731112742922,59.55731112742922,54.64698054665832,155.4298499438615,341.57415328478885,407.6323319809321,0.0048806131468679,0.0024912137458168,1.422831494700411,0.4295885725825336,2.3722803924939018,1.7687533633443002,32.65058016877637,0.609048945366613,0.0,0.0,0.0909982808435567,0.0483202542859971,0.1274198295511915,0.1620533346192795,0.0259262164285521,0.8046853174761543,0.011411752755215,21.01091676027908,0.1139153073870588,0.1005780887617378,-9.852469893604583,477136000.0,406880000.0,-526152000.0,1411219000.0,398921500.0,80866500.0,217716000.0,48.96328565899498,25.56243381933697,66.1409464852977,1.838111940175041,3.520791511327789,1.360730451899503,0.2906761956806357,0.2357418449666783,2021-05-04,1.72,bmo,740740000.0,2025-04-25,2021-03-31,0.3662790697674419,501.0059016393442,483988.524590164
2020-12-31,IDXX,USD,874716,2021-02-12,2021-02-12 15:22:33,2020,Q4,720938000.0,311436000.0,409502000.0,0.5680127833,38777000,69721000.0,115909000.0,185630000.0,0.0,224407000.0,535843000.0,169000.0,7659000.0,24561000.0,210525000.0,0.2920154022,185095000.0,0.2567419112,-7659000.0,177436000.0,0.2461182515,2478000.0,174790000.0,0.242448033,2.04,2.01,85490000,86904000,https://www.sec.gov/Archives/edgar/data/874716/000087471621000008/0000874716-21-000008-index.htm,https://www.sec.gov/Archives/edgar/data/874716/000087471621000008/idxx-20201231.htm,8.433009708737863,2.044566615978477,2.5609311030529884,2.394946777400865,4.490911217686279,7.40197683939642,3.9408702772254074,7.393706866300152,10.716329395250906,42733886300.0,43258438300.0,61.12175510612735,59.27539719088188,195.19072551545216,208.7186256984332,67.6074950006961,67.6074950006961,60.00299373871262,205.4788661679135,197.5866621904318,211.2806153049662,0.0040901966830945,0.0047911392510069,1.4372682284745162,0.3959275870199136,2.4916375727348297,1.8236258088650408,24.16699308003656,1.2513517529921467,0.0,0.0,0.0967087322349494,0.0537868721027328,0.128952771358007,0.064814053550385,0.0196826911606823,0.5777452058140955,0.0110175909717617,18.44263647397744,0.1025613282890744,0.0874531125933182,-10.432155807696809,479977000.0,336905000.0,-599028000.0,1331034000.0,378373500.0,73245500.0,213735000.0,46.78180370572782,21.54606403883944,60.64992486417755,1.923824924881652,4.1770970251347945,1.483925993338829,0.2765279518041791,0.165984325652123,2021-02-02,1.4,bmo,671244772.0,2025-04-25,2020-12-31,0.4357142857142856,447.43890625,390459.59375
2020-09-30,IDXX,USD,874716,2020-10-29,2020-10-29 15:43:08,2020,Q3,721789000.0,299183000.0,422606000.0,0.5854979779,37517000,105031000.0,108202000.0,213233000.0,0.0,250750000.0,549933000.0,208000.0,8110000.0,24651000.0,197415000.0,0.2735079088,171856000.0,0.2380972833,-7902000.0,163954000.0,0.2271494855,17633000.0,146219000.0,0.2025785929,1.71,1.69,85314000,86690000,https://www.sec.gov/Archives/edgar/data/874716/000087471620000041/0000874716-20-000041-index.htm,https://www.sec.gov/Archives/edgar/data/874716/000087471620000041/idxx-20200930.htm,8.460381648967344,1.7138922099538176,2.2635909698291017,2.0384227676582976,2.0581264505239467,5.170487844902361,1.7529127692992943,5.164170007267272,11.705722390229036,33537786540.0,34352751540.0,57.34170412189935,46.46480694496591,173.66653482880758,192.8500830333629,76.12259074484311,76.12259074484311,47.59389730239724,174.01287409771294,177.88661498788292,197.53632157602385,0.0043598285720378,0.0051853750035824,2.2483113015688554,0.4838080557505176,4.128181749107211,1.6488447178560517,21.19062885326757,1.3198105535090656,0.0,0.0,0.1455148249696241,0.0519777940644703,0.1424079335471647,0.09947389133992,0.0266144260995942,0.77927873108596,0.0109824339245956,14.111828081169422,0.0966344970435893,0.0832758110078367,-12.13637562416485,341838000.0,149548000.0,-737613000.0,1265764000.0,368477000.0,72918000.0,223487000.0,47.632272035179255,21.63882974634254,65.4573622164361,1.889475268648316,4.159189801620953,1.3749408309857214,0.3318814461069145,0.2251682021708043,2020-10-29,1.43,bmo,610744538.0,2025-04-25,2020-09-30,0.1818181818181818,369.713125,432457.765625
2020-06-30,IDXX,USD,874716,2020-07-31,2020-07-31 13:28:31,2020,Q2,637592000.0,258250000.0,379342000.0,0.5949604136,31645000,60268000.0,94181000.0,154449000.0,0.0,186094000.0,444344000.0,69000.0,9495000.0,23582000.0,217599000.0,0.341282513,193248000.0,0.3030903775,-9426000.0,183822000.0,0.2883066287,34826000.0,148940000.0,0.2335976612,1.75,1.72,85134000,86402000,https://www.sec.gov/Archives/edgar/data/874716/000087471620000031/0000874716-20-000031-index.htm,https://www.sec.gov/Archives/edgar/data/874716/000087471620000031/idxx-20200630.htm,7.489275730025606,1.7494772946178965,2.4448751380177134,2.156435736603472,1.2367914111870697,3.2114078981370544,-0.2072614936453121,3.2062748138229145,13.105492517678014,28107841440.000004,29108776440.000004,47.17980636497919,44.08436969096225,135.04166117362186,153.10449293519116,102.97308221260758,102.97308221260758,45.65423725517259,133.77256531509798,139.85056567151273,158.55662436133477,0.0052988771947476,0.0065314869657241,4.052666478606991,0.5641967998376101,4.599906249569162,1.4421662498335135,20.35260663507109,1.3969636768772316,0.0,0.0,0.0945243980476542,0.0496320530997879,0.1484383487027423,0.1179771502147572,0.0385136576368586,1.0413026884912222,0.0122288234482239,11.234294023635364,0.1005239366349328,0.0892033625846575,-14.108578828670096,239028000.0,-17645000.0,-907701000.0,1163375000.0,344376000.0,74056500.0,220510500.0,50.10321647699469,25.75515972894482,79.93777347531461,1.7962918616477297,3.49444542170142,1.1258757416829064,0.545641717009265,0.288439401414241,2020-07-31,1.17,bmo,433710837.0,2025-04-25,2020-06-30,0.4700854700854701,289.5390476190476,579850.2063492064
2020-03-31,IDXX,USD,874716,2020-04-30,2020-04-30 17:27:27,2020,Q1,626336000.0,266746000.0,359590000.0,0.574116768,33310000,65812000.0,116143000.0,181955000.0,0.0,215265000.0,482011000.0,140000.0,7692000.0,23204000.0,168369000.0,0.2688157794,144325000.0,0.2304274383,-7552000.0,136773000.0,0.2183700123,24917000.0,111827000.0,0.1785415496,1.31,1.29,85427000,86705000,https://www.sec.gov/Archives/edgar/data/874716/000087471620000018/0000874716-20-000018-index.htm,https://www.sec.gov/Archives/edgar/data/874716/000087471620000018/idxx2020q110-q.htm,7.331827174078453,1.3090357849391878,0.3262551652287918,-0.2551769346927786,0.952801807391106,1.264881126575907,-2.143397286572161,1.260421178315989,14.898275720790853,20693836480.0,21877464480.0,46.26305918964115,33.039513104787204,742.4863291593413,-949.3021000963348,192.18972528186936,192.18972528186936,34.92927834261483,129.9376041907952,784.9544142657243,-1003.599453185926,0.0054038795613407,-0.0010534054437449,11.748639411557107,0.670656781065026,7.029963948232751,0.85241792822612,18.7630005200208,0.2491685738807037,0.0,0.0,0.105074592550963,0.0531823174781586,0.1543590572804699,1.7821391410426608,0.0793024830123128,2.140579210480952,0.0116295406938129,6.092911422012802,0.0765289414385727,0.0701071917125471,-15.693173703864115,-124890000.0,-183104000.0,-1056839000.0,791039000.0,320645000.0,73191000.0,203331500.0,47.96510179839575,25.038426068244696,71.40860593973292,1.876364202838201,3.594475138121547,1.2603522896940145,1.038570128350391,0.5814320999215704,2020-04-30,1.2,bmo,582638139.0,2025-04-25,2020-03-31,0.075,260.9720967741936,702043.4677419355
2019-12-31,IDXX,USD,874716,2020-02-14,2020-02-14 17:08:09,2019,Q4,605446000.0,274297000.0,331149000.0,0.5469505125,35160000,74664000.0,105694000.0,180358000.0,0.0,215518000.0,489815000.0,268000.0,7125000.0,22589000.0,139188000.0,0.2298933348,115631000.0,0.1909848277,-7125000.0,108506000.0,0.1792166436,17962000.0,90496000.0,0.1494699775,1.05,1.04,85848000,87212000,https://www.sec.gov/Archives/edgar/data/874716/000087471620000006/0000874716-20-000006-index.htm,https://www.sec.gov/Archives/edgar/data/874716/000087471620000006/idxx201910k.htm,7.052534712515143,1.0541422048271365,1.8103275556798064,1.2755335010716615,1.0521619606746808,2.071393625943528,-1.402094399403597,2.067293355698444,11.587922840369025,22417488240.0,23314837240.0,61.929500309405945,37.02640407236979,144.2446142858062,204.72218078208616,126.3149224952528,126.3149224952528,38.508532949263845,167.50608701899588,150.0185778538475,212.9169991415682,0.0040368483315863,0.0048846685599956,5.565212736585283,0.538984160766177,6.447028479466621,0.9369975611336524,16.228912280701753,1.7164362078105673,0.0,0.0,0.1233206594807794,0.0580728917194927,0.1627263673447113,0.2954128676494244,0.0758300492529474,2.032449422285183,0.0275086465184343,7.002319362897557,0.0683748773837564,0.0589825996898877,-14.399860800484577,-45698000.0,-120367000.0,-975011000.0,786339000.0,305779500.0,73843500.0,199956000.0,45.7081721573848,23.680463147610077,63.98797653638209,1.9690133241405328,3.80060134124037,1.4065142370743364,0.5099141841294169,0.5347940546081447,2020-01-31,0.9,bmo,529765250.0,2025-04-25,2019-12-31,0.1555555555555555,263.51421875,458723.375
2019-09-30,IDXX,USD,874716,2019-10-31,2019-10-31 11:59:46,2019,Q3,605303000.0,260353000.0,344950000.0,0.5698798783,34260000,66337000.0,104551000.0,170888000.0,0.0,205148000.0,465501000.0,86000.0,7090000.0,22446000.0,162934000.0,0.2691775854,139802000.0,0.2309620141,-7004000.0,132798000.0,0.2193909497,23960000.0,108837000.0,0.1798058163,1.26,1.24,86198000,87667000,https://www.sec.gov/Archives/edgar/data/874716/000087471619000036/0000874716-19-000036-index.htm,https://www.sec.gov/Archives/edgar/data/874716/000087471619000036/idxx2019q310-q.htm,7.022239495115896,1.2626395043968537,1.5344323534188729,1.101406065105919,1.2064781085408014,2.351817907608065,-0.5233416088540337,2.348291143646024,11.767871644353695,23439822140.0,24343103140.0,53.84157533743121,38.7241136092172,177.21863032548293,246.89350151149685,115.7990995860052,115.7990995860052,40.216392682672975,149.40468619195502,184.0479578119684,256.40783176566003,0.0046432519560065,0.0040503293682415,4.976222470333666,0.5751001580947781,5.54384597444364,1.1224891362804348,19.718194640338503,1.2152465131663572,0.0,0.0,0.1095930467881375,0.0565997525206384,0.1414991084687758,0.2822061769931577,0.0616649843136412,1.6629243517775996,0.0155145439556717,8.167834243563991,0.0836853561424046,0.0723819670561195,-12.9267790435973,76755000.0,-45111000.0,-845377000.0,900149000.0,312989000.0,71560500.0,200884500.0,45.21120827089904,26.10436599539856,70.82833691180821,1.990656818122024,3.447699132622658,1.2706778660081115,0.5376843956565127,0.4330262883129539,2019-10-31,1.14,bmo,556488241.0,2025-04-25,2019-09-30,0.0877192982456141,278.27218750000003,390372.453125
2019-06-30,IDXX,USD,874716,2019-08-01,2019-08-01 15:40:59,2019,Q2,620103000.0,262250000.0,357853000.0,0.5770863873,32259000,59955000.0,101364000.0,161319000.0,0.0,193578000.0,455828000.0,33000.0,8186000.0,21621000.0,186529000.0,0.3008032537,164275000.0,0.2649156672,-8153000.0,156122000.0,0.2517678515,30421000.0,125706000.0,0.2027179356,1.46,1.43,86215000,87615000,https://www.sec.gov/Archives/edgar/data/874716/000087471619000033/0000874716-19-000033-index.htm,https://www.sec.gov/Archives/edgar/data/874716/000087471619000033/idxx2019q210-q.htm,7.192518703241896,1.4580525430609523,1.590233718030505,1.198410949370759,1.2856811459722786,1.989781360552108,-0.9464362349939106,1.9862668909122545,12.11622107521893,24153994400.000004,25079563400.000004,48.036677644662944,38.95158449483393,176.17536140975335,233.77623522807565,141.04851733763127,141.04851733763127,40.44418975557287,134.45396372681998,182.92631325582417,242.73442378606484,0.0052043565928788,0.0042775947650298,6.052193919857982,0.6010855816224799,4.962064879991851,1.1508929422580705,20.06779868067432,1.090699358000334,0.0,0.0,0.0966855506262669,0.0520220027963096,0.1468162439386232,0.2463931963063996,0.0544764337537473,1.5624161694648722,0.0111239584391625,8.07228800022513,0.0964132284286722,0.0854508660579121,-12.781714318854029,93389000.0,-81597000.0,-840390000.0,898072000.0,314273500.0,68874500.0,193172000.0,46.720528686363394,23.201296472831267,67.56469018112487,1.9263480643417643,3.879093571576487,1.332056726061074,0.7340667811218948,0.3918227686597459,2019-08-01,1.37,bmo,594084692.0,2025-04-25,2019-06-30,0.043795620437956,246.39031746031748,434773.8253968254
2019-03-31,IDXX,USD,874716,2019-05-01,2019-05-01 16:00:09,2019,Q1,576056000.0,244459000.0,331597000.0,0.5756332718,31514000,60361000.0,106584000.0,166945000.0,0.0,198459000.0,442918000.0,40000.0,8386000.0,21355000.0,155033000.0,0.2691283486,133138000.0,0.2311198911,-8346000.0,124792000.0,0.2166317164,22083000.0,102681000.0,0.1782482953,1.19,1.17,86204000,87549000,https://www.sec.gov/Archives/edgar/data/874716/000087471619000017/0000874716-19-000017-index.htm,https://www.sec.gov/Archives/edgar/data/874716/000087471619000017/idxx2019q110-q.htm,6.682474131130806,1.191139622291309,0.3987981996195072,-0.0444062920514129,1.352791053779407,0.6017122175305091,-2.34497239107234,0.5981392974803953,13.196661407823305,19406244480.0,20418847480.0,47.24886902153271,33.688121432638496,564.4960288556634,-5069.55184952978,376.3671789302199,376.3671789302199,35.445941852875414,131.7064591409571,593.9510000581768,-5334.077189132707,0.0052911319398156,-0.0001972560947557,21.90021721422753,0.6717671008609325,6.531531996413666,1.0116397605054386,15.876222275220606,0.3347126347252918,0.0,0.0,0.1047832155207132,0.0547064868693321,0.1511129301688075,1.1113502821571934,0.0663234130015137,1.789089206274877,0.0109954587748413,4.003812792796849,0.0810321721347625,0.0719582718970224,-13.778563059718806,8027000.0,-202146000.0,-931452000.0,791740000.0,282582999.5,69838500.0,181385500.0,47.907998527920896,25.823839580461343,69.75451916272259,1.8786007089723813,3.485151761401708,1.290238984947326,1.991408401536015,0.4432044916709201,2019-05-01,1.05,bmo,516973333.0,2025-04-25,2019-03-31,0.1142857142857141,206.43393442622948,528616.3278688524
2018-12-31,IDXX,USD,874716,2019-02-15,2019-02-15 15:13:08,2018,Q4,549386000.0,249025000.0,300361000.0,0.5467212488,30138000,58972000.0,95904000.0,154876000.0,0.0,185014000.0,434039000.0,258000.0,8302000.0,20604000.0,136209000.0,0.2479295068,115347000.0,0.2099562057,-8302000.0,107045000.0,0.1948447904,21368000.0,85638000.0,0.1558794727,0.99,0.98,86379000,87807000,https://www.sec.gov/Archives/edgar/data/874716/000087471619000004/0000874716-19-000004-index.htm,https://www.sec.gov/Archives/edgar/data/874716/000087471619000004/idxx201810k.htm,6.36018013637574,0.9914215260653632,1.570381689994096,1.1091121684668728,1.4331492608157077,-0.1068894059898818,-3.0742078514453746,-0.1101309346021602,11.676298637400294,16068221580.0,16944712580.0,46.907393855531424,29.247599283563837,118.45527822009907,167.7197359191683,-1689.080372122359,-1689.080372122359,30.84300033127892,124.4022977923632,124.9167888947865,176.86852928896496,0.0053296501777516,0.0059623275371834,-105.1492694207926,0.6506557717213203,6.434897840818154,0.8490844240463941,13.89388099253192,1.5832487131902375,0.0,0.0,0.1073416504971004,0.0548576046713968,0.1667246669428997,0.2937308327435716,0.0725246001900303,1.933799262279169,0.0113017077246234,,0.0791889293771254,0.0668506324963798,-13.2236162811563,-116272000.0,-265547000.0,-892410000.0,577312000.0,277106999.5,67495500.0,176493500.0,42.35137027517992,25.13024796707158,62.63335006525449,2.125078820713969,3.581341501999022,1.4369341557849546,-9.002207505518763,0.461269521527223,2019-02-01,0.9,bmo,504538163.0,2025-04-25,2018-12-31,0.0888888888888888,205.01857142857145,596679.8253968254
2018-09-30,IDXX,USD,874716,2018-11-01,2018-11-01 14:31:21,2018,Q3,545448000.0,239805000.0,305643000.0,0.5603522242,29192000,63955000.0,95146000.0,159101000.0,0.0,188293000.0,428098000.0,142000.0,8453000.0,20878000.0,138370000.0,0.2536813775,117350000.0,0.2151442484,-8311000.0,109039000.0,0.1999072322,15825000.0,93251000.0,0.1709622182,1.07,1.05,86756000,88453000,https://www.sec.gov/Archives/edgar/data/874716/000087471618000015/0000874716-18-000015-index.htm,https://www.sec.gov/Archives/edgar/data/874716/000087471618000015/idxx2018q310-q.htm,6.287150168288072,1.0748651390105584,1.2760846512056805,0.9105191571764488,1.6929895338650929,-0.0157107289409378,-2.9949398312508646,-0.0184886347918299,11.818998109640832,21595303520.0,22465342520.0,57.89563522107001,39.59186488904533,195.0654290566174,273.38249617054674,-13463.406184538651,-13463.406184538651,41.18695553013303,162.35703201561032,202.92429201141744,284.39662400465863,0.0043181148120302,0.0036578786645365,-633.9875311720698,0.6583983477174286,6.287771915877719,0.9271398233397452,13.88264521471667,1.1876756710365397,0.0,0.0,0.1172522403602176,0.0535193088983734,0.1673428162612574,0.2864743288651226,0.0581448644050395,1.51906312865217,0.012092811780408,,0.083634345192395,0.0725088331529379,-12.5340869795749,-55340000.0,-259829000.0,-841696000.0,613106000.0,283629500.0,66736000.0,178085500.0,48.78927047124566,24.566335147307186,67.43629198723963,1.8446678773982124,3.6635501168706175,1.3345929520714142,-58.13653366583541,0.3655654940292314,2018-11-01,0.97,bmo,503845714.0,2025-04-25,2018-09-30,0.0824742268041237,242.7415873015873,433445.9365079365
2018-06-30,IDXX,USD,874716,2018-08-01,2018-08-01 14:43:56,2018,Q2,580752000.0,248313000.0,332439000.0,0.5724285065,29510000,61080000.0,96255000.0,157335000.0,0.0,186845000.0,435158000.0,172000.0,8457000.0,20892000.0,166658000.0,0.2869693088,145594000.0,0.2506990936,-8285000.0,137309000.0,0.2364331074,28629000.0,108691000.0,0.1871556189,1.25,1.23,87004000,88596000,https://www.sec.gov/Archives/edgar/data/874716/000087471618000012/0000874716-18-000012-index.htm,https://www.sec.gov/Archives/edgar/data/874716/000087471618000012/idxx2018q210-q.htm,6.675003448117328,1.2492644016367065,1.3657992735966162,1.0479862994804836,2.0063330421589813,-0.4695071490965932,-3.1706473265596986,-0.47270240448715,12.052170015171717,18961651760.0,19827222760.0,43.61366571289251,32.65017039975756,159.5695679542203,207.96073394092937,-461.0511770856128,-461.0511770856128,34.140601771496264,118.9695229751947,166.85367971051082,217.45382993891133,0.0057321483052065,0.0048086000710309,-25.29068495149172,0.6839878081259433,5.193696072195754,0.955465210585859,17.215797564148044,1.0933934486566066,0.0,0.0,0.1051739813207703,0.050813428107006,0.1545421964443655,0.2326937642009593,0.0476124059839656,1.3235209649626651,0.0110064192632999,,0.0973809294185756,0.0845400276119548,-12.58624890809618,-34484000.0,-275859000.0,-821702000.0,594547000.0,268260000.0,69212000.0,177763000.0,42.08560624845028,24.651750009061143,63.96696910753766,2.138498361380123,3.650856428728957,1.4069761512179366,-2.6428137233447613,0.3178129741161326,2018-08-01,1.17,bmo,552468292.0,2025-04-25,2018-06-30,0.0512820512820513,206.05390625,444989.390625
2018-03-31,IDXX,USD,874716,2018-05-04,2018-05-04 13:42:33,2018,Q1,537656000.0,234557000.0,303099000.0,0.5637415001,29023000,60931000.0,100101000.0,161032000.0,0.0,190055000.0,424612000.0,579000.0,9274000.0,20804000.0,134427000.0,0.250024179,113044000.0,0.2102533962,-8695000.0,104349000.0,0.1940813457,14873000.0,89451000.0,0.1663721785,1.02,1.01,87331000,88944000,https://www.sec.gov/Archives/edgar/data/874716/000087471618000008/0000874716-18-000008-index.htm,https://www.sec.gov/Archives/edgar/data/874716/000087471618000008/idxx-20180331x10q.htm,6.156530899680526,1.0242754577412374,0.3996060963460855,0.1279270820212753,1.8232815380563605,-0.560877580698721,-3.342421362402812,-0.5641982801067205,11.745874889787132,16714280089.999998,17571556090.0,46.71350820560977,31.08731250092996,478.9466470857929,1496.086653240243,-339.22471363045946,-339.22471363045946,32.681781827041824,130.71448511087803,503.5118370680268,1572.8209890798423,0.0053517710316173,0.0006684104813275,-20.630479785679498,0.6917390499574002,6.377260520579943,0.9627749925223438,12.18934656027604,0.3900263757879207,0.0,0.0,0.1133271087833112,0.0539806121386165,0.1653054252762179,0.67986704109118,0.0441285877959141,1.1404537588925208,0.0110851548201824,,0.0844239450734119,0.0729273416997057,-12.263835293309365,-27131000.0,-291897000.0,-816767000.0,600030000.0,249773500.0,68688500.0,171678500.0,44.350848869909385,27.016077115583844,68.6976300003837,2.029273447820344,3.331349685409536,1.310088863320282,-1.8154529956161711,0.2716790143248102,2018-05-04,0.92,bmo,495109900.0,2025-04-25,2018-03-31,0.0978260869565217,184.5593442622951,584464.0163934426
2017-12-31,IDXX,USD,874716,2018-02-16,2018-02-16 14:51:54,2017,Q4,506121000.0,233647000.0,272474000.0,0.5383574284,28809000,55318000.0,90539000.0,145857000.0,0.0,174666000.0,408313000.0,1595000.0,8122000.0,21520000.0,120923000.0,0.2389211276,97808000.0,0.1932502307,-8122000.0,89686000.0,0.1772026847,51396000.0,38257000.0,0.0755886438,0.44,0.43,87427000,89045000,https://www.sec.gov/Archives/edgar/data/874716/000087471618000005/0000874716-18-000005-index.htm,https://www.sec.gov/Archives/edgar/data/874716/000087471618000005/idxx-20171231x10k.htm,5.789069738181569,0.4375879305020188,1.3854530065082868,1.133654363068617,5.397989179544076,-0.6158509384972606,-3.403536664874696,-0.6188706006153706,14.517220080753086,13671834260.0,14745234260.0,89.3420436782811,27.01297567182551,112.8728287898552,137.94327891678105,-252.6861024655306,-252.6861024655306,29.13381238873708,121.93903773475682,121.73467513168106,148.7734508434902,0.0027982346240057,0.0072493564590652,-23.307489003068053,0.7360004809106486,8.876723204022394,0.9675661255048196,12.042354099975377,3.163384695743014,0.0,0.0,0.1092979741998455,0.0569211710243202,0.1422415805618717,0.1817446295593018,0.0434955277492931,1.0229553903345725,0.0113707986825284,,0.0306174347023119,0.0260305355457621,-11.863854987589646,-32582000.0,-297561000.0,-795273000.0,590233000.0,241597000.0,63775500.0,170533500.0,41.71676338266936,25.79583731013024,63.2947138204214,2.157406104937403,3.4889350137379047,1.4219196923039472,-0.7070750009241119,0.2517986434396697,2018-02-01,0.73,bmo,479809090.0,2025-04-25,2017-12-31,0.0547945205479452,157.4052380952381,491458.20634920633
2017-09-30,IDXX,USD,874716,2017-10-31,2017-10-31 15:05:42,2017,Q3,491976000.0,217974000.0,274002000.0,0.556941802,27585000,57186000.0,88818000.0,146004000.0,0.0,173589000.0,391563000.0,1400000.0,9764000.0,20727000.0,122540000.0,0.2490771908,100413000.0,0.2041014196,-8364000.0,92049000.0,0.1871005903,21535000.0,70511000.0,0.143322032,0.81,0.79,87537000,89256000,https://www.sec.gov/Archives/edgar/data/874716/000087471617000016/0000874716-17-000016-index.htm,https://www.sec.gov/Archives/edgar/data/874716/000087471617000016/idxx-20170930x10q.htm,5.620206312759176,0.8054993888298663,1.264425328718142,1.080228931765996,5.187566400493505,-0.552806241931983,-3.3490181294766783,-0.55544512606098,14.852725133372171,13611128130.0,14732508130.0,48.258882053863935,27.666244146055902,122.97286084709626,143.9417103426396,-279.9376440705853,-279.9376440705853,29.945582975592306,120.22611498286274,133.10422581402912,155.800635892555,0.005180393522605,0.0069472566194996,-26.539406030192097,0.7730022871396617,9.15113432348621,0.9459922953650772,10.284002458009011,1.5696741072694784,0.0,0.0,0.1162373774330455,0.0560698082833308,0.1466285356914793,0.1456759784612048,0.0327739564531603,0.7779225165243402,0.0122363692537847,,0.0565996388641098,0.0494966172058499,-11.29578064132881,-53821000.0,-293163000.0,-775003000.0,558464000.0,257220000.0,59594500.0,173221000.0,45.47727937948193,25.014313633736133,72.97847449695834,1.9790102052719865,3.597940016176155,1.233240357795518,-1.4501871580765908,0.1841963969521459,2017-10-31,0.74,bmo,460860759.0,2025-04-25,2017-09-30,0.0675675675675676,158.10174603174602,541234.7777777778
2017-06-30,IDXX,USD,874716,2017-08-01,2017-08-01 15:31:46,2017,Q2,508940000.0,216225000.0,292715000.0,0.5751463827,26998000,55460000.0,87693000.0,143153000.0,0.0,170151000.0,386376000.0,1176000.0,9155000.0,20586000.0,144326000.0,0.2835815617,122564000.0,0.2408221008,-7979000.0,114585000.0,0.2251444178,29178000.0,85357000.0,0.1677152513,0.97,0.95,88004000,89878000,https://www.sec.gov/Archives/edgar/data/874716/000087471617000011/0000874716-17-000011-index.htm,https://www.sec.gov/Archives/edgar/data/874716/000087471617000011/c716-20170630x10q.htm,5.783146220626335,0.9699218217353756,1.2521249034134811,1.0825985182491704,4.805440661788101,-0.9784441616290168,-3.7369437752829415,-0.9810349529566836,14.931662197172855,14205605679.999998,15344521679.999998,41.60644610283866,27.912142256454587,128.91685131407,149.10421294595528,-164.5405186772456,-164.5405186772456,30.1499620387472,106.31848509624044,139.25259256570348,161.05844971817828,0.006008684312572,0.0067067186113813,-15.114275786181734,0.7970566910405177,7.891273921538739,0.9172884882869876,13.38765701802294,1.2901986956572646,0.0,0.0,0.1089715880064447,0.0530475105120446,0.1482826421979345,0.1353909539712501,0.0293138680394545,0.7247158262897114,0.011960152473769,,0.0681929095906654,0.0612151080983779,-11.546262101722649,-82835000.0,-328866000.0,-804586000.0,524703000.0,255706500.0,60427500.0,170938000.0,47.0111800998153,24.39375650364204,70.6318418314256,1.9144382210552848,3.68946865508651,1.2742128431932962,-0.9886720333584292,0.1695263851643107,2017-08-01,0.85,bmo,455331578.0,2025-04-25,2017-06-30,0.1176470588235293,162.3963492063492,620056.3968253968
2017-03-31,IDXX,USD,874716,2017-04-28,2017-04-28 11:20:18,2017,Q1,462021000.0,203830000.0,258191000.0,0.558829577,25790000,52914000.0,87244000.0,140158000.0,0.0,165948000.0,369778000.0,1083000.0,8589000.0,20307000.0,113633000.0,0.245947695,92243000.0,0.1996510981,-7506000.0,84737000.0,0.1834050833,15679000.0,69019000.0,0.1493849847,0.78,0.77,88117000,89994000,https://www.sec.gov/Archives/edgar/data/874716/000087471617000007/0000874716-17-000007-index.htm,https://www.sec.gov/Archives/edgar/data/874716/000087471617000007/c716-20170331x10q.htm,5.243267473926711,0.7832654311880795,0.354914488691172,0.086555375239738,4.543289036167822,-0.8387938763235244,-3.406822747029518,-0.8408139178592099,14.46323637890532,13623769370.000002,14729229370.000002,49.34789467393038,29.48733795649981,435.6260590266675,1786.2553258161795,-183.8813520043191,-183.8813520043191,31.879999761915588,129.6210552392351,470.9736320905546,1931.1956693326345,0.0050660722539814,0.0005598303812155,-17.0855446079093,0.8052129297858712,9.72833595874438,0.9385851804926304,10.739667015950635,0.4528657070867966,0.0,0.0,0.1145272617478426,0.0558199735509857,0.1439401408697079,0.7561232973076677,0.0511816562450624,1.164475304082336,0.0122397033901056,,0.0575167173574333,0.0512845852739329,-11.069294233802784,-57489000.0,-300199000.0,-767415000.0,530031000.0,225032000.0,61153000.0,165108500.0,47.83613731843357,27.48569886670264,76.02644360496491,1.8814228122327643,3.274430111327089,1.183798632849933,-0.931556215413686,0.2683591134514339,2017-04-28,0.61,bmo,365999999.0,2025-04-25,2017-03-31,0.2622950819672132,137.84387096774194,1088186.4677419355
2016-12-31,IDXX,USD,874716,2017-02-17,2017-02-17 16:43:46,2016,Q4,442996000.0,202370000.0,240626000.0,0.5431787194,25418000,50778000.0,80605000.0,131383000.0,0.0,156801000.0,359171000.0,1057000.0,6698000.0,20241000.0,105123000.0,0.2373001111,83825000.0,0.1892229275,-6698000.0,77127000.0,0.1741031522,24756000.0,52369000.0,0.1182155144,0.59,0.58,89294000,90589000,https://www.sec.gov/Archives/edgar/data/874716/000087471617000004/0000874716-17-000004-index.htm,https://www.sec.gov/Archives/edgar/data/874716/000087471617000004/c716-20161231x10k.htm,4.961094810401595,0.586478374806818,1.121183954129057,0.955092167446861,4.388312764575447,-1.2118731381727776,-3.724729545098215,-1.2134297937151433,13.559791251371871,10471507380.0,11520716380.0,49.98905545265328,23.637927611084525,104.59478979173949,122.78396158716758,-96.64341571913762,-96.64341571913762,26.00636660376166,109.59272832776844,115.0748277480897,135.08649195628723,0.0050010946943533,0.0081443861810084,-11.112946692262256,0.7866380436714087,9.980774901781722,0.904785954580084,12.51492982979994,1.911649577056004,0.0,0.0,0.1146240598109238,0.0573774932505033,0.1465881058650137,0.1481396394146731,0.0334788575969083,0.7327207153796749,0.0109933272535192,,0.0471521812396898,0.0400889214825452,-11.363355880574282,-88984000.0,-332596000.0,-793333000.0,492821000.0,211027000.0,52092000.0,163251000.0,41.54543156145879,26.70914661264021,70.28245293274695,2.166303167819105,3.3696321827597115,1.2805472240150857,-0.4833228735971648,0.1660917866821959,2017-02-02,0.51,bmo,389534482.0,2025-04-25,2016-12-31,0.1372549019607842,114.11571428571428,525525.0634920635
2016-09-30,IDXX,USD,874716,2016-11-01,2016-11-01 14:10:56,2016,Q3,448308000.0,201578000.0,246730000.0,0.5503582359,25672000,52627000.0,79972000.0,132599000.0,0.0,158271000.0,359849000.0,851000.0,7786000.0,19767000.0,109077000.0,0.2433081721,88459000.0,0.1973174692,-6935000.0,81524000.0,0.1818481937,25072000.0,56455000.0,0.1259290488,0.63,0.62,89894000,91138000,https://www.sec.gov/Archives/edgar/data/874716/000087471616000034/0000874716-16-000034-index.htm,https://www.sec.gov/Archives/edgar/data/874716/000087471616000034/c716-20160930x10q.htm,4.987073664538234,0.6280174427659243,1.1159254232763032,0.9814559369924578,4.354840145059737,0.6116759739248449,-1.9304069237101475,0.610163080962022,12.180156628918503,10133750620.0,11070815620.0,44.87534593924365,22.60443851102367,101.0192954194288,114.8599705305632,184.75388550592524,184.75388550592524,24.69466442713492,101.4954171823574,110.36052056023526,125.48103891099096,0.0055709876941889,0.0087062533220301,19.820182315405653,0.7245792704466232,8.590857834373884,1.089307136994086,11.361289493963524,1.7769963863104938,0.0,0.0,0.1173902763278817,0.0572642022894974,0.152307764084859,0.1205004236654538,0.0269636053784451,0.6115242576010522,0.0113627238416445,2.9362976347704945,0.0498746914692826,0.0443880262797872,-8.97174449907669,67892000.0,-173532000.0,-617284000.0,646074000.0,221492000.0,47106000.0,172078000.0,43.676222596964585,19.70170355892012,75.21713679072121,2.0606177606177605,4.568132889160832,1.196535840634423,1.0292616226071103,0.1344694862838454,2016-11-01,0.6,bmo,433838709.0,2025-04-25,2016-09-30,0.0333333333333333,105.39453125,485696.5
2016-06-30,IDXX,USD,874716,2016-08-02,2016-08-02 15:21:01,2016,Q2,466569000.0,206026000.0,260543000.0,0.5584232986,25412000,54317000.0,76652000.0,130969000.0,0.0,156381000.0,362407000.0,928000.0,8204000.0,19664000.0,124754000.0,0.2673859601,104162000.0,0.223251009,-7276000.0,96886000.0,0.2076563166,29680000.0,67202000.0,0.1440344301,0.75,0.74,89824000,90817000,https://www.sec.gov/Archives/edgar/data/874716/000087471616000030/0000874716-16-000030-index.htm,https://www.sec.gov/Archives/edgar/data/874716/000087471616000030/c716-20160630x10q.htm,5.194257659422871,0.7481519415746348,1.2348036159600997,1.0571005521909511,4.121415211970075,-0.0946072319201995,-2.659467402921268,-0.0961658354114713,12.960478268614178,8341056640.0,9355875640.0,31.02979316091783,17.877434291605315,75.20224171662986,87.84405590134067,-965.6235980551054,-965.6235980551054,20.052501644987128,74.99459448194045,84.35176161925799,98.53164871041464,0.0080567730085573,0.0113838095217634,-133.8224125955082,0.7762061345343031,8.13456081568527,0.9979751475492722,12.69648951730863,1.650373478558462,0.0,0.0,0.1164179360394711,0.0544656846039921,0.1547002802098518,0.1439120046882748,0.0342114456811318,0.8117371847030106,0.0107272450591445,,0.0590078723839735,0.0533834317693459,-9.692565461346634,-1666000.0,-238884000.0,-676629000.0,575881000.0,225357500.0,51271500.0,179723500.0,43.48372909473197,21.87903468494267,76.74720666323667,2.069739690538718,4.113527004093042,1.1726811165247484,-7.779810141236397,0.1777030637691485,2016-08-02,0.62,bmo,390935135.0,2025-04-25,2016-06-30,0.1935483870967742,85.875,837267.34375
2016-03-31,IDXX,USD,874716,2016-04-29,2016-04-29 14:14:06,2016,Q1,417550000.0,190013000.0,227537000.0,0.5449335409,24620000,49295000.0,79829000.0,129124000.0,0.0,153744000.0,343757000.0,820000.0,8304000.0,18546000.0,93159000.0,0.2231086097,73793000.0,0.1767285355,-7484000.0,66309000.0,0.1588049335,20284000.0,46019000.0,0.1102119507,0.51,0.51,89924000,90838000,https://www.sec.gov/Archives/edgar/data/874716/000087471616000026/0000874716-16-000026-index.htm,https://www.sec.gov/Archives/edgar/data/874716/000087471616000026/c716-20160331x10q.htm,4.64336550865175,0.5117543703571905,0.2582847738089943,0.0146790623192918,3.8985143009652594,-0.8205484631466572,-3.436068235398781,-0.8220497308838575,13.68183132422935,7042847679.999999,8131915679.999999,38.2605428192703,16.867076230391568,303.2311926289503,5335.490666666666,-95.27404128676172,-95.27404128676172,19.47530997485331,87.2907145847422,350.1212296564195,6160.542181818181,0.0065341467103829,0.0001874241869163,-16.531222098969184,0.826445392307968,11.69042175205831,0.920718633203895,8.886440269749519,0.504638783269962,0.0,0.0,0.1180577176386061,0.0589629984433002,0.159062981225404,0.9431671402738312,0.0524631780625074,1.1811711420252349,0.0117878098431325,,0.0419153158283744,0.0370091575931139,-10.464572861527513,-69662000.0,-308985000.0,-743428000.0,508546000.0,206804500.0,52553000.0,186296000.0,48.55990899293498,24.84682626978154,87.03778162546773,1.8533807386890733,3.6221929924892295,1.034033707192573,-0.6225345634587809,0.2436057114897024,2016-04-29,0.47,bmo,384847058.0,2025-04-25,2016-03-31,0.0851063829787234,72.0072131147541,756457.4098360656
2015-12-31,IDXX,USD,874716,2016-02-17,2016-02-16 18:24:34,2015,Q4,399685000.0,181990000.0,217695000.0,0.5446664248,25496000,48793000.0,76495000.0,125288000.0,0.0,150784000.0,332774000.0,800000.0,7126000.0,17729000.0,85440000.0,0.2137683426,66911000.0,0.1674093349,-7126000.0,59785000.0,0.1495802945,15395000.0,44349000.0,0.1109598809,0.49,0.48,90841000,91788000,https://www.sec.gov/Archives/edgar/data/874716/000087471616000020/0000874716-16-000020-index.htm,https://www.sec.gov/Archives/edgar/data/874716/000087471616000020/c716-20151231x10k.htm,4.399830473024295,0.4882046652943054,0.8134652854988387,0.6438942768133332,3.771259673495448,-0.924637553527592,-3.509846875309607,-0.9260686254004248,12.95902731145628,6624125720.0,7665216720.0,37.34089675077228,16.57336582558765,89.64119465194327,113.24840525200028,-78.74146472511144,-78.74146472511144,19.17814458886373,89.71461516853932,103.72979214030528,131.04726663475347,0.0066950722064496,0.0088301464181751,-13.90888558692422,0.7932817308285531,12.18505383895131,0.9590002346045164,9.3896996912714,1.664699256589322,0.0,0.0,0.1220786369265796,0.0637902348099128,0.1592163488233503,0.2084551261232001,0.0385403505260392,0.868858931693835,0.0128200958254625,,0.0417055718720245,0.0357609966536306,-10.796314439515196,-35127000.0,-318838000.0,-737354000.0,532742000.0,195073500.0,53131000.0,190619000.0,42.40494389331599,26.036155832738064,93.38408703774932,2.1223940356205997,3.4567314997720717,0.9637616306471856,-0.5271797919762259,0.1695710086855054,2016-01-29,0.44,bmo,366391666.0,2025-04-25,2015-12-31,0.0909090909090908,71.3346875,640423.59375
2015-09-30,IDXX,USD,874716,2015-10-28,2015-10-28 15:28:37,2015,Q3,406387000.0,182113000.0,224274000.0,0.5518729684,24862000,46198000.0,73107000.0,119305000.0,0.0,144167000.0,326280000.0,684000.0,7750000.0,18283000.0,90862000.0,0.223584908,71895000.0,0.1769126473,-7066000.0,64829000.0,0.1595252801,20600000.0,44223000.0,0.108819918,0.48,0.48,91944000,92897000,https://www.sec.gov/Archives/edgar/data/874716/000087471615000015/0000874716-15-000015-index.htm,https://www.sec.gov/Archives/edgar/data/874716/000087471615000015/c716-20150930x10q.htm,4.419940398503437,0.4809775515531193,0.836878969807709,0.6123509962585922,3.801759766814583,-0.4220286261202471,-3.021893761419995,-0.4229966066301227,12.505503349865135,6826842000.0,7827748000.0,38.59327725391765,16.798869058311414,88.72250669300549,121.25398742495824,-175.53332304844184,-175.53332304844184,19.26180709520728,86.14985362417733,101.7304083383152,139.031437604348,0.0064778121421295,0.0082471514647621,-29.36480510130618,0.7731168892709905,11.015672118157203,1.0104635739106609,9.276774193548388,1.7397182843835493,0.0,0.0,0.1136798175138476,0.0611781380802043,0.1618199172764874,0.2682920489694071,0.0507988690583114,1.1291363561778702,0.0125939067932783,,0.041047709943737,0.0357164778931453,-9.994015378926305,8630000.0,-277845000.0,-682617000.0,568009000.0,207089500.0,55913000.0,188452500.0,44.69781267609447,26.495966789850257,95.08629257658708,2.0135213472791325,3.3967433879210653,0.946508666614693,-1.137071891391546,0.2245279735491168,2015-10-28,0.53,bmo,398874074.0,2025-04-25,2015-09-30,0.0188679245283019,71.62515625,759370.5625
2015-06-30,IDXX,USD,874716,2015-07-30,2015-07-30 13:43:41,2015,Q2,413343000.0,180586000.0,232757000.0,0.5631086047,24317000,44920000.0,75217000.0,120137000.0,0.0,144454000.0,325040000.0,559000.0,7259000.0,16790000.0,105652000.0,0.2556036996,88303000.0,0.2136312941,-6700000.0,81603000.0,0.1974219958,24665000.0,56912000.0,0.1376871025,0.61,0.6,93384000,94306000,https://www.sec.gov/Archives/edgar/data/874716/000087471615000012/0000874716-15-000012-index.htm,https://www.sec.gov/Archives/edgar/data/874716/000087471615000012/c716-20150630x10q.htm,4.426272166538165,0.6094405893943288,0.858455409920329,0.602994088923156,3.6839501413518376,0.0915681487192666,-2.448717124989292,0.0906793454981581,11.824124046945943,5989649760.0,6923422760.0,26.311014197357323,14.490749232477627,74.71558715664995,106.3692019179542,707.3275578649032,707.3275578649032,16.74982462506925,65.53044674970658,86.36358007135195,122.95192257147932,0.0095017241876259,0.0094012174761951,129.5376712328767,0.7424849563751802,8.83819520690569,1.0742892957179777,12.164623226339716,1.4079525097474446,0.0,0.0,0.1086748777649554,0.0588300757482284,0.1605704732057642,0.2975825162787217,0.0577147792511304,1.4208457415128053,0.0120722983091524,1.1150931170720737,0.0513465521681841,0.0458912968452152,-9.351543090893514,57606000.0,-228671000.0,-635785000.0,620869000.0,204290500.0,51197500.0,178935000.0,46.2364186644022,29.0115512830452,91.950649552014,1.946517541794208,3.102212602212602,0.9787859078590786,6.7208313651393485,0.2554613209971729,2015-07-30,0.57,bmo,392635000.0,2025-04-25,2015-06-30,0.0526315789473684,69.22611111111111,903136.0
2015-03-31,IDXX,USD,874716,2015-04-28,2015-04-28 16:11:20,2015,Q1,382477000.0,166933000.0,215544000.0,0.563547612,25006000,42599000.0,75136000.0,117735000.0,0.0,142741000.0,309674000.0,425000.0,5879000.0,16154000.0,89382000.0,0.2336924835,72803000.0,0.1903460862,-5879000.0,66924000.0,0.1749752273,20346000.0,46594000.0,0.1218217043,0.49,0.49,94280000,95521000,https://www.sec.gov/Archives/edgar/data/874716/000087471615000009/0000874716-15-000009-index.htm,https://www.sec.gov/Archives/edgar/data/874716/000087471615000009/c716-20150331x10q.htm,4.056820110309716,0.4942087399236317,-0.1553245651251591,-0.3994590581247348,3.408729316928299,0.3614658464149342,-2.1506576156130675,0.3608612643190496,11.19409206618583,7282187199.999999,8149527199.999999,39.07255869854488,19.039542769892044,-497.28128926522805,-193.36149332200412,214.04347774969136,214.04347774969136,21.307234683392725,91.17638003177372,-556.5096421742693,-216.3916837046281,0.00639835240709,-0.0051716605143026,30.847686790900006,0.7333960394517454,9.703743483027903,1.0068007144235138,12.383568634121447,-0.3143973549744515,0.0,0.0,0.1113766317974675,0.0653790946906611,0.1655071159331774,-1.5717700081944823,0.0601787819921197,1.424848334777764,0.0121628228625512,2.0031644444087053,0.0430473379369519,0.0390178626009172,-8.927680844293594,5464000.0,-202764000.0,-588026000.0,552134000.0,174305500.0,44463000.0,166856000.0,46.17477652250985,23.820754434413807,93.47043424607476,1.949116092768217,3.778217866600276,0.9628713156832208,1.369525601081653,0.2441344929995757,2015-04-28,0.49,bmo,382500000.0,2025-04-25,2015-03-31,0.0,77.81479508196722,733971.606557377
2014-12-31,IDXX,USD,874716,2015-02-17,2015-02-17 15:17:44,2014,Q4,351959000.0,169794000.0,182165000.0,0.5175744902,24869000,45257000.0,77238000.0,122495000.0,0.0,147364000.0,317158000.0,457000.0,4939000.0,15278000.0,50536000.0,0.1435849062,34801000.0,0.0988779943,-4939000.0,29862000.0,0.0848451098,3911000.0,25961000.0,0.0737614324,0.27,0.27,95500000,96860000,https://www.sec.gov/Archives/edgar/data/874716/000087471615000003/0000874716-15-000003-index.htm,https://www.sec.gov/Archives/edgar/data/874716/000087471615000003/c716-20141231x10k.htm,3.685434554973822,0.2718429319371728,0.2858952879581152,0.0972146596858638,3.377340314136126,1.2312984293193718,-1.382020942408377,1.2305340314136126,9.465329842931936,7079892500.000001,7656356500.000001,68.17815665806403,20.115673984753908,259.3082262022488,762.5907475226196,60.24620051737636,60.24620051737636,21.75354657786845,151.50301765078362,280.42180346482075,824.682949159845,0.0036668635858524,0.0013113193455974,7.650022124646856,0.6494674583571435,11.406996992243151,0.9250730290678836,7.046163190929338,1.052098185041039,0.0,0.0,0.1285860000738722,0.0706587983259413,0.1802991017987864,0.6599641065084423,0.0511963041149679,1.1794082995156434,0.0131719887827843,2.74345029594647,0.0271896139039229,0.0228804051332626,-7.849528795811518,-61508000.0,-131983000.0,-507224000.0,491651000.0,156423500.0,51499000.0,158174500.0,38.96533403038422,23.71620905332344,84.98992897275522,2.309745373408584,3.794872941018707,1.0589489965199386,0.2209145988631335,0.1886806282722513,2015-01-30,0.36,bmo,293333333.0,2025-04-25,2014-12-31,0.3333333333333333,70.12328125,963594.5625
2014-09-30,IDXX,USD,874716,2014-10-24,2014-10-24 16:30:33,2014,Q3,383523000.0,170187000.0,213336000.0,0.5562534711,24847000,45698000.0,70602000.0,116300000.0,0.0,141147000.0,311334000.0,313000.0,4294000.0,15521000.0,88023000.0,0.229511659,72189000.0,0.1882259995,-3981000.0,68208000.0,0.177845918,16045000.0,52142000.0,0.1359553404,0.52,0.52,99489000,100800000,https://www.sec.gov/Archives/edgar/data/874716/000087471614000011/0000874716-14-000011-index.htm,https://www.sec.gov/Archives/edgar/data/874716/000087471614000011/idxx-20140930x10q.htm,3.85492868558333,0.5240981415030808,0.9374202173104564,0.7656022273819216,2.9423855903667744,2.306496195559308,-0.0630823508126526,2.3056619324749468,7.330398335494376,5861394435.0,6293659435.0,28.10303802596755,15.283032399621405,62.84801512925812,76.95249294332339,25.55231500775978,25.55231500775978,16.41012256109803,71.50016967156311,67.48291857435424,82.62757073087477,0.008895835381534,0.0129950305929206,3.16058381432333,0.5617402946773363,4.91081876327778,1.114804272495335,16.811597578015835,1.7879148055134866,0.0,0.0,0.1191532189725257,0.064786205781661,0.18266012310248,0.1832881206909492,0.0445709905272956,1.1013465627214742,0.0121061839837506,5.21429242651884,0.053321644233478,0.0494290846869564,-5.730002814381489,72357000.0,-6276000.0,-358540000.0,599805000.0,164554000.0,49840000.0,150703500.0,37.656229222237,30.80699465881648,82.5011898676162,2.390042812540896,2.9214144708608702,1.0908933573493498,0.2273091879261339,0.1718179899285348,2014-10-24,0.45,bmo,325613207.0,2025-04-25,2014-09-30,0.1777777777777778,63.2219140625,883629.71875
2014-06-30,IDXX,USD,874716,2014-07-25,2014-07-25 15:53:25,2014,Q2,390122000.0,171604000.0,218518000.0,0.5601273448,25433000,41846000.0,68020000.0,109866000.0,0.0,135299000.0,306903000.0,488000.0,2965000.0,14695000.0,98402000.0,0.2522339166,83219000.0,0.2133153219,-2477000.0,80742000.0,0.206966026,23498000.0,57218000.0,0.1466669401,0.56,0.55,102250000,103590000,https://www.sec.gov/Archives/edgar/data/874716/000156276214000179/0001562762-14-000179-index.htm,https://www.sec.gov/Archives/edgar/data/874716/000156276214000179/idxx-20140630x10q.htm,3.815374083129584,0.5595892420537897,0.7996283618581908,0.6616136919315403,2.983354523227384,4.4296332518337405,2.1101320293398533,4.429026894865526,5.251491442542787,6828766250.0,7057718250.0,29.83661719214233,17.504181384284916,83.52004904478852,100.94259053954175,15.078933044507448,15.078933044507448,18.09105420868344,71.7233211723339,86.32027408820724,104.3269512195122,0.0083789659662168,0.0099066211264736,1.179151540846339,0.4161494023112657,2.326700676815512,1.1688259554394755,28.06711635750421,1.4283068967926769,0.0,0.0,0.1072638815550007,0.0651924269843792,0.1848272239639711,0.1725985176487855,0.0361732996344733,0.960326641714869,0.0120782729505129,7.467583650050872,0.0553035824937316,0.0547004657636918,-3.18859902200489,101355000.0,215761000.0,-128556000.0,625236000.0,174280000.0,42109500.0,143267000.0,38.90498356924244,21.72589217034568,76.2569637071397,2.3133283128064943,4.142522631261316,1.180220082530949,0.1263458667867899,0.1380146699266503,2014-07-25,0.53,bmo,375914545.0,2025-04-25,2014-06-30,0.0377358490566038,63.58285714285714,525645.8412698413
2014-03-31,IDXX,USD,874716,2014-04-25,2014-04-25 16:04:07,2014,Q1,360203000.0,158106000.0,202097000.0,0.5610641777,23114000,41089000.0,67848000.0,108937000.0,0.0,132051000.0,290157000.0,471000.0,2774000.0,13394000.0,83911000.0,0.2329547505,70046000.0,0.1944625669,-2303000.0,67743000.0,0.18806895,21150000.0,46585000.0,0.1293298501,0.45,0.45,103234000,104676000,https://www.sec.gov/Archives/edgar/data/874716/000087471614000007/0000874716-14-000007-index.htm,https://www.sec.gov/Archives/edgar/data/874716/000087471614000007/idxx-20140331x10q.htm,3.489189608074859,0.4512563690257086,0.3246798535366255,0.2135439874459964,2.77237150551175,4.962047387488618,2.6590561249200846,4.961698665168452,4.542243834395645,6266303800.0,6446240800.0,33.628334227755715,17.3965897008076,186.95339220717227,284.25056929008844,12.233713511487345,12.233713511487345,17.896133013883837,76.82235702112953,192.32176144161343,292.4128283057383,0.0074342070679688,0.0035180228574299,0.91004576194418,0.3692712805904031,2.144379163637664,1.3209622312069655,25.250901225666908,0.7193784474062628,0.0,0.0,0.1140717872977182,0.0641693711601513,0.1883407112595498,0.3422936929411063,0.031851483746665,0.8565775720471853,0.0114046801386995,7.0977079248502095,0.0453985454205729,0.0454675441670074,-2.5026904895673905,165993000.0,274505000.0,-66906000.0,685966000.0,168978500.0,36367500.0,137280500.0,44.95440071293132,24.359986338279384,80.33888656976966,2.002028690688588,3.694583352806468,1.1202545098983945,0.090947959454605,0.111135866090629,2014-04-25,0.43,bmo,344191111.0,2025-04-25,2014-03-31,0.0465116279069767,59.57349180327869,648725.737704918
2013-12-31,IDXX,USD,874716,2014-02-18,2014-02-18 16:47:35,2013,Q4,354073000.0,165408000.0,188665000.0,0.5328420975,22496000,38147000.0,66694000.0,104841000.0,0.0,127337000.0,292745000.0,540000.0,1369000.0,13466000.0,75334000.0,0.2127640345,61328000.0,0.17320722,-1369000.0,59959000.0,0.1693407857,16722000.0,43258000.0,0.1221725463,0.42,0.41,103922000,105474000,https://www.sec.gov/Archives/edgar/data/874716/000087471614000004/0000874716-14-000004-index.htm,https://www.sec.gov/Archives/edgar/data/874716/000087471614000004/c716-20131231x10k.htm,3.4071034044764343,0.4162544985662323,0.6376609380112007,0.4740285983718558,2.6852639479609706,4.986566848213083,2.68325282423356,4.986297415369219,4.1354381170493255,5527091570.0,5676427570.0,31.94259772758796,15.610034004287252,83.40639488734966,112.19787199058098,10.66623098655695,10.66623098655695,16.03180013725983,75.35014163591472,85.65994491979417,115.22933640534286,0.0078265394108532,0.0089128250140426,0.8267185913938239,0.3481417551661254,1.9823187405421192,1.3644860594581825,44.797662527392255,1.532645650715822,0.0,0.0,0.1077376699155259,0.063534920764927,0.1945240858306596,0.2566133973169149,0.0480268193282176,1.2628100401009952,0.0120709571190121,6.833761514171667,0.0429278631899062,0.0436442075929903,-2.3864244337098977,174353000.0,278849000.0,-59596000.0,694932000.0,154803000.0,34036000.0,139707000.0,40.17086871916244,16.29117092280905,72.59884648868253,2.240429516951619,5.524464780735446,1.239689118394328,0.0834796771815525,0.1636323396393449,2014-02-04,0.4,bmo,345463414.0,2025-04-25,2013-12-31,0.0249999999999998,52.63296875,726280.46875
2013-09-30,IDXX,USD,874716,2013-10-22,2013-10-22 17:14:08,2013,Q3,338297000.0,152514000.0,185783000.0,0.5491712903,21568000,38651000.0,60079000.0,98730000.0,0.0,120298000.0,272812000.0,456000.0,1463000.0,13773000.0,79714000.0,0.2356331862,65485000.0,0.1935725117,-1007000.0,64478000.0,0.1905958374,18786000.0,45688000.0,0.1350529269,0.44,0.43,104900000,106484000,https://www.sec.gov/Archives/edgar/data/874716/000087471613000017/0000874716-13-000017-index.htm,https://www.sec.gov/Archives/edgar/data/874716/000087471613000017/c716-20130930x10q.htm,3.224947569113441,0.4355386081982841,0.7600285986653956,0.5953670162059104,2.52441372735939,5.099094375595805,2.788560533841754,5.098627264061011,3.816072449952335,5226642500.0,5360674500.0,28.599645968306778,15.449863581409234,65.55674363766353,83.68787427546674,9.772238176970568,9.772238176970568,15.846059823173128,67.24884587399954,67.23788051726517,85.83396579882793,0.0087413669482846,0.0119491623924919,0.7457155891602443,0.3336933732026592,1.6814110444840304,1.0544243041595271,44.76076555023924,1.7448787533922787,0.0,0.0,0.1142516782590445,0.0637546298075359,0.2027838806999108,0.2166518243505964,0.0510586851198798,1.2541203804545125,0.0122880191074706,7.06856442299259,0.0463821823206738,0.0479481310534672,-1.9910629170638705,32271000.0,292520000.0,-35120000.0,548804000.0,155343500.0,37857500.0,143462500.0,40.32291152448884,22.50147527440104,86.14835359376845,2.231981684788346,3.999737746190763,1.0447094604314082,0.0854227198109362,0.1646615824594852,2013-10-22,0.41,bmo,322565116.0,2025-04-25,2013-09-30,0.048780487804878,48.059734375,589482.40625
2013-06-30,IDXX,USD,874716,2013-07-23,2013-07-23 16:05:46,2013,Q2,352583000.0,154885000.0,197698000.0,0.5607133639,22181000,38858000.0,57896000.0,96754000.0,0.0,118935000.0,273820000.0,444000.0,735000.0,13844000.0,93051000.0,0.263912327,78763000.0,0.2233885355,-735000.0,78028000.0,0.2213039199,24029000.0,53995000.0,0.1531412462,0.51,0.5,107340000,108772000,https://www.sec.gov/Archives/edgar/data/874716/000087471613000014/0000874716-13-000014-index.htm,https://www.sec.gov/Archives/edgar/data/874716/000087471613000014/c716-20130630x10q.htm,3.284730762064468,0.5030277622507918,0.738941680640954,0.5159306875349358,2.33848518725545,5.120095025153717,2.9819731693683624,5.119675796534377,3.44937581516676,4869479100.0,4987987100.0,22.545972312251138,13.81087318447004,61.39185430797549,87.92847778981582,8.86091264425544,8.86091264425544,14.146986950590357,53.6048736714275,62.88594140043874,90.06838389310221,0.0110884550259184,0.0113728796987751,0.6724114086900823,0.3174385411199145,1.273581154420694,1.114617226571634,107.16054421768708,1.4689062557872514,0.0,0.0,0.1102095109520311,0.0629100098416543,0.1971580771275979,0.3017978264706624,0.067893233649949,1.7291245304825196,0.0117958041085361,7.612169785025498,0.0555612623550146,0.0577755426321336,-1.6178381777529347,63231000.0,320085000.0,422000.0,559231000.0,159053500.0,38150000.0,144590000.0,40.61656404307638,21.839170997837105,81.89572908932433,2.2158447451278604,4.121035547041294,1.098958407242901,0.0982538313444188,0.2230109931060182,2013-07-23,0.48,bmo,338496000.0,2025-04-25,2013-06-30,0.0416666666666667,43.693046875,1011881.90625
2013-03-31,IDXX,USD,874716,2013-04-23,2013-04-23 15:25:16,2013,Q1,332106000.0,148132000.0,183974000.0,0.5539616869,21758000,41631000.0,59397000.0,101028000.0,0.0,122786000.0,270918000.0,444000.0,835000.0,13513000.0,75145000.0,0.2262681192,61188000.0,0.1842423804,-391000.0,60797000.0,0.1830650455,15930000.0,44860000.0,0.1350773548,0.41,0.41,109176000,110980000,https://www.sec.gov/Archives/edgar/data/874716/000087471613000010/0000874716-13-000010-index.htm,https://www.sec.gov/Archives/edgar/data/874716/000087471613000010/c716-20130331x10q.htm,3.041932292811607,0.4108961676558951,0.1894555579980948,0.0024181138711804,2.091705136660072,5.782360592071518,3.6436579468014942,5.7819850516597056,2.4098519821206126,4958228040.0,4992127040.0,27.631676549264377,14.929655110115444,239.71321021079092,18781.166818181817,7.854568905701983,7.854568905701983,15.031727942283489,66.43325623793999,241.3521098433572,18909.57212121212,0.0090475870891972,5.324482816647538e-05,0.4154635059738235,0.2315505925105815,0.4511145119435757,1.35219768095237,73.27904191616767,0.4610069761740255,0.0,0.0,0.1253545554732525,0.0655152270660572,0.2061514799962565,0.9872365113130922,0.0614863928986528,1.5111374232220824,0.0118907818588041,7.31131990350166,0.0473237841929182,0.0498919526704873,-0.7292536821279402,154818000.0,397800000.0,93052000.0,642055000.0,148656000.0,37002000.0,144594000.0,43.08540044443642,23.522533956201222,90.06683228471904,2.088874632047702,3.826118400661225,0.9992579700759568,0.0710648962224397,0.1870374441269143,2013-04-23,0.41,bmo,332100000.0,2025-04-25,2013-03-31,0.0,46.76141666666667,700397.8666666667
2012-12-31,IDXX,USD,874716,2013-02-19,2013-02-19 16:52:21,2012,Q4,319538000.0,150488000.0,169050000.0,0.5290450588,21050000,31849000.0,52724000.0,84573000.0,0.0,105623000.0,256111000.0,513000.0,343000.0,13918000.0,77858000.0,0.2436580313,63427000.0,0.1984959535,-343000.0,63084000.0,0.1974225288,19724000.0,43354000.0,0.1356771339,0.4,0.39,109434000,111580000,https://www.sec.gov/Archives/edgar/data/874716/000087471613000005/0000874716-13-000005-index.htm,https://www.sec.gov/Archives/edgar/data/874716/000087471613000005/c716-20121231x10k.htm,2.919915200029241,0.3961657254600946,0.7017380338834366,0.4983094833415574,2.046767914907615,5.814070581354972,3.6408246066122048,5.813759891806934,1.963228978196904,5077737600.0,5068252600.0,29.28067537020805,15.890872447095497,66.12154074537074,93.1148243233331,7.981065758389747,7.981065758389747,15.861188966570486,65.09610573094608,65.99802849180925,92.94088975280567,0.0085380544280192,0.0107394285202921,0.3371475095996215,0.1943644538520227,-0.1218243468879241,1.4016508627160482,184.9183673469388,1.771079335793358,0.0,0.0,0.0996720264882424,0.0658763589932965,0.2155006968091757,0.2898924395135037,0.0696693351025543,1.5995114240551804,0.0133567838566931,7.198769277921133,0.0478876384798729,0.0500753660015593,-0.6318237476469836,163204000.0,398430000.0,102192000.0,646208000.0,139849000.0,33508000.0,144210000.0,38.95987331710157,21.104141193982244,84.29336558396682,2.3100691130967874,4.264565858082068,1.0676996864047223,0.0681427738387326,0.2034285505418791,2013-01-29,0.35,bmo,302229729.0,2025-04-25,2012-12-31,0.0571428571428572,47.262661290322576,569291.4193548387
2012-09-30,IDXX,USD,874716,2012-10-19,2012-10-19 12:26:59,2012,Q3,315475000.0,144840000.0,170635000.0,0.5408827958,20349000,35307000.0,52067000.0,87374000.0,0.0,107723000.0,252563000.0,473000.0,873000.0,12799000.0,76184000.0,0.2414898169,62912000.0,0.1994199223,-400000.0,62512000.0,0.198151993,19639000.0,42853000.0,0.1358364371,0.39,0.38,109876000,112176000,https://www.sec.gov/Archives/edgar/data/874716/000087471612000016/0000874716-12-000016-index.htm,https://www.sec.gov/Archives/edgar/data/874716/000087471612000016/c716-20120930x10q.htm,2.8711911609450653,0.3900123775892825,0.6797480796534275,0.5074720594124286,2.015371873748589,5.620290145254651,3.454421347701045,5.62003531253413,2.1443172303323745,5365245080.0,5378540080.0,31.30028866123725,17.006878770108568,71.83543648243358,96.22204630642588,8.688557506230698,8.688557506230698,17.049021570647437,70.59933949385697,72.01344365895459,96.46048315070212,0.0079871467865919,0.0103926286998244,0.380134962032819,0.2146940918332722,0.1745117084952221,1.3725609961379934,72.06414662084765,1.7420754320901266,0.0,0.0,0.1119169506300023,0.064502733972581,0.2176583732031159,0.2534409811482433,0.0600015849116411,1.4789436674740215,0.0127173310087962,7.022633054879498,0.0473904373345166,0.0500985533813279,-0.6790154355819287,154928000.0,379558000.0,94958000.0,624544000.0,144266500.0,30717000.0,145588500.0,40.33175370473096,19.71499585749793,91.63670256835128,2.2314923536152333,4.565052950075643,0.9821392245412752,0.0693967841660094,0.1722760202409989,2012-10-19,0.36,bmo,298894736.0,2025-04-25,2012-09-30,0.0555555555555556,47.06507936507936,635237.2063492064
2012-06-30,IDXX,USD,874716,2012-07-20,2012-07-20 11:48:54,2012,Q2,335649000.0,150960000.0,184689000.0,0.5502444518,20058000,34275000.0,54539000.0,88814000.0,0.0,108872000.0,259832000.0,480000.0,446000.0,12986000.0,89283000.0,0.2660010904,75817000.0,0.2258817991,-446000.0,75371000.0,0.2245530301,24051000.0,51317000.0,0.1528888809,0.47,0.46,110158000,112422000,https://www.sec.gov/Archives/edgar/data/874716/000114420412040285/0001144204-12-040285-index.htm,https://www.sec.gov/Archives/edgar/data/874716/000114420412040285/v317777_10q.htm,3.0469779770874563,0.4658490531781623,0.5774977759218577,0.4426460175384448,1.8320321719711687,5.355407687140289,3.217060948818969,5.355335064180541,2.2459739646689303,5294744270.0,5339897270.0,25.79429950113997,15.774646341863075,83.22975776534204,108.58563749718012,8.975162043825314,8.975162043825314,15.909170800449278,59.80866760749527,83.9395320359658,109.51164393675272,0.0096920639379623,0.0092093210764266,0.4186339804689685,0.231389549683927,0.5057289741608145,1.3248375883631436,169.9932735426009,1.2395946999220575,0.0,0.0,0.1021156029066078,0.0597588552326984,0.2206991924610963,0.2335104376257545,0.0442575428498222,1.143924226089635,0.0115090466529022,7.4921625586179825,0.0578020881234344,0.0616968095402405,-0.8473488080756731,136156000.0,354385000.0,77931000.0,592292000.0,154070000.0,35160000.0,142403500.0,39.458809649365854,17.71025437201908,85.67348966613673,2.28085947852323,5.081801656231065,1.0504999895618046,0.0869878443823281,0.1348517583834129,2012-07-20,0.45,bmo,328304347.0,2025-04-25,2012-06-30,0.0222222222222222,43.696666666666665,566437.3015873015
2012-03-31,IDXX,USD,874716,2012-04-20,2012-04-20 09:39:12,2012,Q1,322676000.0,147902000.0,174774000.0,0.5416392914,20557000,36178000.0,57632000.0,93810000.0,0.0,114367000.0,262269000.0,436000.0,757000.0,12705000.0,73548000.0,0.2279314235,60407000.0,0.1872063618,-757000.0,59650000.0,0.1848603553,18916000.0,40743000.0,0.1262659758,0.37,0.36,110416000,112878000,https://www.sec.gov/Archives/edgar/data/874716/000114420412022835/0001144204-12-022835-index.htm,https://www.sec.gov/Archives/edgar/data/874716/000114420412022835/v306053_10q.htm,2.9223663237212,0.3689954354441385,0.1375163019852195,0.0438161136067236,1.6799286335313723,5.134047601796841,2.9284705115200698,5.134002318504565,2.3361741052021445,4827939600.0,4899642600.0,29.624350195125544,14.962189936654726,317.96230242360383,997.9205456800332,8.516747225142712,8.516747225142712,15.184403550310527,66.61829825420133,322.68457586933613,1012.7413393964448,0.0084390036693913,0.0010020837874608,0.453704161051094,0.2423831760287624,0.9749143416544298,1.2460231794440226,79.79788639365918,0.3727598566308244,0.0,0.0,0.1121186577247765,0.0637078679542327,0.2295069762181876,0.6813751317175974,0.032063122141095,0.8143250688705234,0.0118044106162218,6.528746202332857,0.0469426445682794,0.049834021140594,-1.0636615164468917,107582000.0,323350000.0,50642000.0,568040000.0,151128000.0,38582500.0,137101500.0,44.90042643394612,24.714067423023355,85.86334194263769,2.004435306029904,3.6416506623331855,1.048177230978569,0.0718728610842582,0.0937001883784958,2012-04-20,0.35,bmo,313736111.0,2025-04-25,2012-03-31,0.0285714285714286,42.47491935483871,500444.9032258064
2011-12-31,IDXX,USD,874716,2012-02-17,2012-02-17 16:45:32,2011,Q4,307201000.0,148320000.0,158881000.0,0.5171890717,20203000,31170000.0,52209000.0,83379000.0,0.0,103582000.0,251902000.0,506000.0,1109000.0,12814000.0,68619000.0,0.2233684135,55299000.0,0.1800091797,-603000.0,54696000.0,0.1780462954,16698000.0,38010000.0,0.123730066,0.34,0.34,110416000,110416000,https://www.sec.gov/Archives/edgar/data/874716/000114420412009868/0001144204-12-009868-index.htm,https://www.sec.gov/Archives/edgar/data/874716/000114420412009868/v302204_10k.htm,2.782214534125489,0.3442435878858136,0.517877843790755,0.3952778582814085,1.6654742066367194,4.886909505868715,2.6968374148674106,4.886782712650341,2.2417674974641355,4248807679.999999,4311330680.0,27.945328071560112,13.830709144827,74.30323668287222,97.34924229579562,7.874301409061508,7.874301409061508,14.034233872936612,62.829984115186754,75.39664020146199,98.78177752319851,0.0089460391862217,0.0102722936143817,0.4566856753135315,0.2390518561059512,0.911161631618065,1.1999363668201035,49.86384129846709,1.5048686772988051,0.0,0.0,0.1014645134618702,0.0657647598803389,0.2345903334646211,0.2367353362946381,0.0440656117655867,1.056422662712658,0.0130175357502091,6.152274483471561,0.0458516679481881,0.0481752102358063,-1.2210209571076656,87348000.0,297774000.0,33006000.0,545944000.0,138099000.0,33791500.0,135121000.0,41.38902542634953,22.179004854368937,80.76395631067962,2.174489470890108,4.05789171294903,1.1143584850374533,0.0704438089695855,0.1225999855093464,2012-01-27,0.31,bmo,307200000.0,2025-04-25,2011-12-31,0.0,36.40142857142857,612688.9206349206
2011-09-30,IDXX,USD,874716,2011-10-21,2011-10-21 15:44:16,2011,Q3,300954000.0,142287000.0,158667000.0,0.5272134612,19406000,32483000.0,50682000.0,83165000.0,0.0,102571000.0,244858000.0,450000.0,928000.0,12045000.0,68591000.0,0.2279119068,56096000.0,0.186393934,-478000.0,55618000.0,0.1848056514,17122000.0,38507000.0,0.1279497863,0.34,0.33,113398000,116014000,https://www.sec.gov/Archives/edgar/data/874716/000114420411058861/0001144204-11-058861-index.htm,https://www.sec.gov/Archives/edgar/data/874716/000114420411058861/v237009_10q.htm,2.653962151007954,0.3395738901920668,0.6632215735727262,0.5419319564718954,1.6005485105557418,5.167357448984991,3.398146351787509,5.167128168045291,1.3983139032434435,3910530030.0,3886669030.0,25.388436063572858,12.99377987998166,51.99619761195618,63.6334498974843,6.673919995494435,6.673919995494435,12.914495338157993,56.6644170517998,51.6789308318264,63.2451757412048,0.0098470027603905,0.0157150052623429,0.2690334538230746,0.1626477121829469,-0.3478736277354172,1.5184276791261977,60.44827586206897,1.953657522859518,0.0,0.0,0.1079334383327684,0.0644816151305515,0.2070008326463399,0.1828794809062865,0.045701336416861,1.141884599418846,0.0132777766701888,6.283230920135223,0.0492893502127911,0.0501018769825677,-0.2819119384821602,174383000.0,385343000.0,127521000.0,588876000.0,142118500.0,30460000.0,135538500.0,40.34859147909647,19.628497332855424,86.74629446119462,2.230561134869518,4.585170146945089,1.0375082942621934,0.0657181086182591,0.1212896171008307,2011-10-21,0.32,bmo,291878787.0,2025-04-25,2011-09-30,0.03125,38.493515625,816995.28125
2011-06-30,IDXX,USD,874716,2011-07-22,2011-07-22 12:03:55,2011,Q2,317862000.0,143829000.0,174033000.0,0.5475111841,18621000,33140000.0,50974000.0,84114000.0,0.0,102735000.0,246564000.0,419000.0,782000.0,11879000.0,83596000.0,0.2629946329,71298000.0,0.224304887,-363000.0,70935000.0,0.223162882,22281000.0,48657000.0,0.1530758631,0.43,0.42,114552000,117454000,https://www.sec.gov/Archives/edgar/data/874716/000114420411041695/0001144204-11-041695-index.htm,https://www.sec.gov/Archives/edgar/data/874716/000114420411041695/v229143_10q.htm,2.774827152734129,0.4247590613869683,0.5507717019344927,0.4058768070395977,1.391490327536839,5.314712968782736,3.505621900970738,5.314389971366715,1.1975871220057266,4442326560.0,4419332560.0,22.824704359085025,13.975645280027182,70.41029861155138,95.54623306233064,7.297168670146886,7.297168670146886,13.903305711283512,52.8653591080913,70.04584670005706,95.05167462468276,0.0109530443885241,0.010466137365642,0.2240634455479373,0.1434963048681061,-0.2750610077037179,1.6555174299063853,91.17391304347828,1.2967484687795454,0.0,0.0,0.1042590809848298,0.0585820261622968,0.2180101517502564,0.2630761427756292,0.0522176290339833,1.397255661250947,0.0111243243923463,7.126713419371231,0.0622273489460872,0.0654572604730002,-0.02979869404288,195434000.0,401576000.0,151807000.0,612832000.0,143432500.0,26611000.0,130494000.0,42.277025879155104,18.70220887303673,83.80827232338402,2.128815784186345,4.81226579229122,1.0738796720772918,0.0799262123546669,0.1448948948948949,2011-07-22,0.36,bmo,272485714.0,2025-04-25,2011-06-30,0.1666666666666666,38.96261904761905,484295.49206349207
2011-03-31,IDXX,USD,874716,2011-04-21,2011-04-21 11:21:38,2011,Q1,292672000.0,137747000.0,154925000.0,0.5293468456,17812000,32596000.0,50985000.0,83581000.0,0.0,101393000.0,239140000.0,369000.0,728000.0,11464000.0,65365000.0,0.2233387546,53532000.0,0.1829078286,-359000.0,53173000.0,0.1816811994,16567000.0,36612000.0,0.1250956702,0.32,0.31,114914000,118180000,https://www.sec.gov/Archives/edgar/data/874716/000114420411023342/0001144204-11-023342-index.htm,https://www.sec.gov/Archives/edgar/data/874716/000114420411023342/v218257_10q.htm,2.546878535252449,0.3186034773830865,0.2194510677550168,0.1361278869415388,1.3354247524235516,5.194388847311902,3.39118819290948,5.19404076091686,1.1433680839584386,4436829540.0,4414031540.0,30.29627949852507,15.15973355838618,175.9389935760171,283.63034839864474,7.433518868493536,7.433518868493536,15.081837483599388,67.52897636349728,175.03495677690535,282.17295531547654,0.0082518383160602,0.0035257157975016,0.2189110490091611,0.1436659270482628,-0.3487799280960759,1.707601716990131,73.53296703296704,0.6889034584494346,0.0,0.0,0.1113738246227859,0.0608599387710474,0.2278372868832451,0.3796891109524942,0.0327158047233763,0.8352233077459874,0.0135475891099934,6.101957684399006,0.0482134385917123,0.0521341658775533,0.0659558452407887,192871000.0,389695000.0,152871000.0,602832000.0,128815500.0,23001500.0,127469500.0,42.298511644434726,15.245776677531996,83.0134957567134,2.1277344403166825,5.903274192165938,1.084161065373778,0.0613401958221918,0.0833231808134779,2011-04-21,0.3,bmo,283258064.0,2025-04-25,2011-03-31,0.0333333333333333,37.23169354838709,531499.4838709678
2010-12-31,IDXX,USD,874716,2011-02-22,2011-02-22 16:14:02,2010,Q4,283757000.0,138986000.0,144771000.0,0.5101935811,17479000,29931000.0,46557000.0,76488000.0,0.0,93967000.0,232953000.0,336000.0,674000.0,11839000.0,62979000.0,0.2219469476,50804000.0,0.1790405171,-338000.0,50466000.0,0.177849357,14086000.0,36371000.0,0.1281765736,0.32,0.32,114910000,114914000,https://www.sec.gov/Archives/edgar/data/874716/000114420411010145/0001144204-11-010145-index.htm,https://www.sec.gov/Archives/edgar/data/874716/000114420411010145/v211843_10k.htm,2.4693847358802543,0.316517274388652,0.4251153076320598,0.3345052649899921,1.3655469497867896,4.997659037507614,3.2148376990688363,4.997258724218954,1.165729701505526,3977035100.0,3953400100.0,27.336580654917377,14.015636971070316,81.41320573183214,103.46623393516832,6.925797103973112,6.925797103973112,13.932343871693034,62.77330697534099,80.92937768679631,102.85134762474634,0.0091452549664447,0.0096649888757582,0.2321000983917734,0.1485603203053244,-0.3752838247669858,1.615473919021297,75.37685459940653,1.3427707531610775,0.0,0.0,0.1054810982636551,0.061598480389911,0.2283513014633102,0.2131422722620266,0.0366933679169148,0.8794661711293184,0.0122463939215596,5.965624107593912,0.0493650816805294,0.0525379904085052,-0.1039552693412235,175479000.0,369417000.0,137728000.0,582068000.0,120267000.0,23971000.0,129720000.0,38.08610888894371,14.679248269609888,82.81157814456132,2.363066289140573,6.131104151043275,1.0868045509637565,0.0633381803616986,0.0906100426420677,2011-01-28,0.27,bmo,247180645.0,2025-04-25,2010-12-31,0.148148148148148,32.49609375,427040.9375
2010-09-30,IDXX,USD,874716,2010-10-22,2010-10-22 15:59:12,2010,Q3,269628000.0,127421000.0,142207000.0,0.5274192591,17203000,30704000.0,44486000.0,75190000.0,0.0,92393000.0,219814000.0,136000.0,687000.0,11485000.0,61435000.0,0.227850965,49814000.0,0.1847508419,-551000.0,49263000.0,0.1827072856,14548000.0,34694000.0,0.1286735799,0.3,0.3,115240000,118552000,https://www.sec.gov/Archives/edgar/data/874716/000114420410055158/0001144204-10-055158-index.htm,https://www.sec.gov/Archives/edgar/data/874716/000114420410055158/v199224_10q.htm,2.339708434571329,0.3010586601874349,0.4763797292606734,0.3782454009024644,1.158556056924679,4.743595973620271,2.9547119055883373,4.743266227004512,1.1375216938563,3556306400.0,3553195400.0,25.62623508387617,13.18967762991974,64.78025428977375,81.58724448828833,6.506065340441335,6.506065340441335,13.178139510733306,57.83666313990396,64.72358555867245,81.51587327077932,0.0097556273553932,0.0122568179164764,0.2385613979883427,0.1512251579212266,-0.0506388866281435,1.5867797573569848,72.509461426492,1.5813913293965145,0.0,0.0,0.1138754135327191,0.063802720785675,0.2390719206955376,0.206000218587198,0.0419429732817066,0.984675663909447,0.0118125713946622,5.668335817708887,0.048881787576703,0.0528754271153066,-0.2257462686567164,158978000.0,340501000.0,114266000.0,565739000.0,123796000.0,24231500.0,126793500.0,40.20672927144065,17.850825217193396,92.91992685664056,2.238431268368008,5.041783721758399,0.9685758808103074,0.0634707490111852,0.0981343283582089,2010-10-22,0.27,bmo,242640000.0,2025-04-25,2010-09-30,0.111111111111111,29.5968171875,517793.5
2010-06-30,IDXX,USD,874716,2010-07-23,2010-07-23 14:01:41,2010,Q2,281482000.0,132198000.0,149284000.0,0.5303500757,17206000,33076000.0,44167000.0,77243000.0,0.0,94449000.0,226647000.0,138000.0,689000.0,11386000.0,66359000.0,0.2357486447,54835000.0,0.1948081938,-551000.0,54284000.0,0.1928506974,17087000.0,37193000.0,0.1321327829,0.32,0.31,115494000,119292000,https://www.sec.gov/Archives/edgar/data/874716/000114420410039150/0001144204-10-039150-index.htm,https://www.sec.gov/Archives/edgar/data/874716/000114420410039150/v191080_10q.htm,2.437200200876236,0.3220340450586177,0.4838346580774759,0.4062202365490848,1.0214816354096317,4.539430619772456,2.797998164406809,4.539292084437287,1.2056470465998237,3516792300.0,3537373300.0,23.638805017073103,12.493844366602485,62.93472261989978,74.95933796572598,6.708094441509095,6.708094441509095,12.56696094244037,53.30660950285568,63.30302970651396,75.39801560235314,0.0105758307080005,0.0133405660607252,0.264288207591257,0.1661870978188513,0.310146325291219,1.513834808259587,79.58635703918723,1.5022716885770355,0.0,0.0,0.1175066256456896,0.061126466345983,0.241233725344384,0.1604151753758053,0.0318457308104958,0.7872826277885122,0.0115744523628509,5.735036905915501,0.0538908136754378,0.058792937196693,-0.3040287807158813,139352000.0,323152000.0,101094000.0,537191000.0,128828500.0,23647000.0,122208000.0,40.65062774884362,15.787682113193846,83.07901783688104,2.2139879501014645,5.700646830530401,1.0833060180936147,0.0709436711866799,0.077614421528391,2010-07-23,0.31,bmo,281500000.0,2025-04-25,2010-06-30,0.0,31.36714285714286,612452.0952380953
2010-03-31,IDXX,USD,874716,2010-04-23,2010-04-23 15:55:17,2010,Q1,268525000.0,126164000.0,142361000.0,0.5301592031,16709000,32808000.0,44416000.0,77224000.0,0.0,93933000.0,220097000.0,53000.0,365000.0,11246000.0,59727000.0,0.2224262173,48428000.0,0.1803481985,-312000.0,48116000.0,0.1791862955,15088000.0,33026000.0,0.1229904106,0.28,0.28,116066000,120058000,https://www.sec.gov/Archives/edgar/data/874716/000114420410021941/0001144204-10-021941-index.htm,https://www.sec.gov/Archives/edgar/data/874716/000114420410021941/v181881_10q.htm,2.313554357003773,0.2845450002584736,0.1654662002653662,0.0912239587820722,0.916323471128496,4.283183705822549,2.4924956490272776,4.28308031637172,1.4013406165457585,3339799150.0,3395728150.0,25.28158988372797,12.437572479284984,173.90258526425407,315.43248488855306,6.718295683134856,6.718295683134856,12.645854762126431,56.85415557453078,176.81479562613902,320.7147856063468,0.0098886186015108,0.0031702505224004,0.3264463308657869,0.1968775325009341,0.9364106685418656,1.3776433687108145,132.67945205479452,0.5814763231197771,0.0,0.0,0.1221785681035285,0.0622251187040312,0.2521436786350335,0.4486852382192137,0.0320901219625733,0.7662279921749956,0.0124532166464947,5.236545093752532,0.0479456599829034,0.053574846783011,-0.5317384074578257,109202000.0,289294000.0,71217000.0,514103000.0,122813000.0,21618500.0,116404500.0,43.745312354529375,17.19476237278463,87.30350971751054,2.057363295765368,5.234152007965483,1.0308863903778271,0.0664346636626971,0.0742422414832939,2010-04-23,0.25,bmo,239732142.0,2025-04-25,2010-03-31,0.1200000000000001,27.65319672131148,692536.393442623
2009-12-31,IDXX,USD,874716,2010-02-19,2010-02-19 15:00:14,2009,Q4,270335000.0,137404000.0,132931000.0,0.4917269314,16008000,29393000.0,43383000.0,72776000.0,0.0,88784000.0,226188000.0,138000.0,381000.0,12555000.0,56840000.0,0.2102576433,44147000.0,0.1633047885,-243000.0,43904000.0,0.1624059038,12943000.0,30951000.0,0.1144912793,0.27,0.27,116066000,116066000,https://www.sec.gov/Archives/edgar/data/874716/000095012310014507/0000950123-10-014507-index.htm,https://www.sec.gov/Archives/edgar/data/874716/000095012310014507/c96448e10vk.htm,2.3291489325039203,0.2666672410525046,0.5121999551979046,0.3740458015267175,0.9195457756793548,4.433503351541364,2.60168352489101,4.433417193665673,1.0706408422793927,3101863850.0,3119019850.0,25.05463353364996,11.47414818650933,52.17688859358442,71.4484693877551,6.028081462350045,6.028081462350045,11.537610187360126,54.8736778676988,52.465472085316826,71.84364145206615,0.0099781942395698,0.013996101086126,0.240752940810659,0.1532218466421034,0.3018296973961998,1.4683209457482296,115.87139107611549,1.9201253189496463,0.0,0.0,0.1087280596297186,0.0592154179074111,0.2629621521606576,0.2697269928846574,0.05931529398709,1.2771804062126644,0.0102613424084931,5.157573117083766,0.0463399888990314,0.0519386154065596,-0.3935454827425775,120033000.0,301967000.0,82390000.0,532591000.0,115124000.0,20299000.0,117456500.0,38.32145301200363,12.532167913597858,72.32868038776164,2.348553954147011,7.181518841791669,1.244319673986869,0.060149367723279,0.138154153671187,2010-01-29,0.23,bmo,239111538.0,2025-04-25,2009-12-31,0.1304347826086956,25.90078125,477740.96875
2009-09-30,IDXX,USD,874716,2009-10-23,2009-10-23 16:00:15,2009,Q3,259120000.0,128643000.0,130477000.0,0.5035389009,16583000,28185000.0,41504000.0,69689000.0,0.0,86272000.0,214915000.0,48000.0,436000.0,12506000.0,56759000.0,0.21904523,44205000.0,0.1705966348,-388000.0,43817000.0,0.169099259,12281000.0,31536000.0,0.1217042297,0.27,0.26,117312000,121336000,https://www.sec.gov/Archives/edgar/data/874716/000095012309052730/0000950123-09-052730-index.htm,https://www.sec.gov/Archives/edgar/data/874716/000095012309052730/c91344e10vq.htm,2.208810692853246,0.2688216039279869,0.380370294599018,0.1955469176213857,0.9097790507364976,4.259018685215493,2.426520731042008,4.259018685215493,1.2643463584288053,2932800000.0,2973959000.0,23.249619482496197,11.31830811979006,65.72542691945677,127.846556233653,5.869896764431564,5.869896764431564,11.477149583204692,52.396254338519,66.6478194612523,129.6407585004359,0.0107528641571194,0.0078218767048554,0.2959906651669021,0.1814811587835889,0.7251537201148717,1.942592527308713,101.38761467889908,1.4149543378995433,0.0,0.0,0.1087719975301018,0.063997375733251,0.2638077087799688,0.4859038142620232,0.0836755171349181,1.7337278106508875,0.0112225995677678,5.075491628175062,0.0515538156889426,0.0525674470549994,-0.5108364873158756,187164000.0,284660000.0,70472000.0,598680000.0,116961500.0,23968500.0,123706000.0,39.991857054646495,15.017140458478114,87.0931181642219,2.2504581339401257,5.993151642208246,1.03337671100829,0.0631182025242477,0.1848233769776323,2009-10-23,0.22,bmo,219238461.0,2025-04-25,2009-09-30,0.1818181818181818,24.802734375,568248.25
2009-06-30,IDXX,USD,874716,2009-07-24,2009-07-24 15:10:21,2009,Q2,265723000.0,127283000.0,138440000.0,0.5209936663,16594000,30794000.0,41876000.0,72670000.0,0.0,89264000.0,216547000.0,56000.0,403000.0,11665000.0,61388000.0,0.231022531,49176000.0,0.1850648984,-403000.0,48773000.0,0.1835482815,15106000.0,33667000.0,0.1266996082,0.28,0.28,117822000,121394000,https://www.sec.gov/Archives/edgar/data/874716/000095012309025282/0000950123-09-025282-index.htm,https://www.sec.gov/Archives/edgar/data/874716/000095012309025282/c88231e10vq.htm,2.2552918809729934,0.2857445977830965,0.4944492539593624,0.3921084347575155,0.8805146746787527,3.9939400112033407,2.2312641102680315,3.9939400112033407,1.3637775627641695,2721688200.0,2778224200.0,20.21035583806101,10.242576668184538,46.71864668623513,58.912275157470944,5.78376238381211,5.78376238381211,10.45533958294916,45.25679611650485,47.68910517191067,60.13602458927682,0.0123698960079262,0.0169743911150439,0.3406053033104251,0.2007238481672114,0.9209617514823744,1.803467692740838,122.02481389578163,1.7303888080316037,0.0,0.0,0.1158875972347143,0.0624484895925456,0.2600869118733641,0.2069794187822922,0.0453780816865683,1.033690527218174,0.0113313488106035,5.067351635381156,0.057908354694283,0.0569827428625589,-0.6250403150515184,171227000.0,262892000.0,56401000.0,568569000.0,117017500.0,25006500.0,123249500.0,40.23129348983716,18.71797490631113,86.9178130622314,2.237064538398074,4.808212450891508,1.035460935212001,0.0715445392223114,0.1023408192018468,2009-07-24,0.26,bmo,246721428.0,2025-04-25,2009-06-30,0.0769230769230769,20.77055555555556,964270.2222222222
2009-03-31,IDXX,USD,874716,2009-04-24,2009-04-24 14:55:50,2009,Q1,236455000.0,112022000.0,124433000.0,0.5262438942,15939000,29068000.0,40985000.0,70053000.0,0.0,85992000.0,198014000.0,244000.0,640000.0,13047000.0,51241000.0,0.2167050813,38441000.0,0.1625721596,-396000.0,38045000.0,0.1608974223,11974000.0,26071000.0,0.1102577657,0.22,0.22,118344000,121212000,https://www.sec.gov/Archives/edgar/data/874716/000136231009005812/0001362310-09-005812-index.htm,https://www.sec.gov/Archives/edgar/data/874716/000136231009005812/c84221e10vq.htm,1.998031163388089,0.2202984519705266,0.1066720746298925,0.0280707091191779,0.7291877915230176,3.767220982897317,2.070911917798959,3.767220982897317,1.4519536267153383,2046167760.0,2131062760.0,19.621109278508687,8.653518682201687,162.08553231939163,615.9445394340759,4.589590066124155,4.589590066124155,9.012551056226345,41.589015827169646,168.81042141951838,641.4999277543649,0.0127413795240327,0.0016235227946314,0.3839821635249468,0.2221792489072087,1.656778751390488,1.2589142988194135,60.0640625,0.4842161788960914,0.0,0.0,0.1229324818675858,0.0674081749170032,0.2605411522847383,0.736850443599493,0.0393394091899092,0.7129608339081781,0.0123913641073354,4.321231467090279,0.0408627341892829,0.0457581842051685,-0.7617940073007503,75640000.0,245080000.0,43107000.0,463096000.0,113375500.0,25773500.0,119750500.0,43.86783954663678,18.91315991501669,99.2818374962061,2.051616877651775,4.758591393738584,0.906510216467732,0.0584777088922185,0.0786013655107145,2009-04-24,0.19,bmo,204250000.0,2025-04-25,2009-03-31,0.1578947368421052,16.121803278688525,1372615.1475409835
2008-12-31,IDXX,USD,874716,2009-02-20,2009-02-20 11:21:12,2008,Q4,243293000.0,122772000.0,120521000.0,0.4953738907,17184000,67488000.0,169956000.0,67488000.0,0.0,84672000.0,207444000.0,0.0,0.0,12649000.0,50818000.0,0.2088757178,35849000.0,0.1473490811,-581000.0,35268000.0,0.1449610141,11713000.0,23555000.0,0.0968174177,0.2,0.2,118344000,118344000,https://www.sec.gov/Archives/edgar/data/874716/000136231009002521/0001362310-09-002521-index.htm,https://www.sec.gov/Archives/edgar/data/874716/000136231009002521/c81235e10vk.htm,2.055811870479281,0.1990383965389035,0.283022375447847,0.0765987291286419,0.6664300682755357,3.702714121543973,1.9527732711417565,3.702714121543973,1.3222385587778005,2134925760.0,2212536760.0,22.658944597749944,8.77512201337482,63.74054338090403,235.5130457804744,4.872101763146004,4.872101763146004,9.094124204148908,43.538446219843365,66.05770466352182,244.0746563706564,0.0110331705398505,0.00424604928651,0.3570998233659064,0.2044309329180585,1.5272344444881736,1.2052138222505182,0.0,1.4219486308639355,0.0,0.0,0.2773939241983945,0.0706308853933323,0.2705578643310945,0.7293545112557474,0.1004097939521482,1.931298916910428,-0.0029840562613803,4.072112637914933,0.0385227450150405,0.0421874048522231,-0.9023566889745148,60598000.0,231099000.0,28647000.0,457339000.0,111775500.0,28471500.0,114416500.0,41.24582293777462,20.530251197341418,84.98142899032354,2.182039139715511,4.383774905377419,1.0590549143419077,0.0537547296402963,0.206423646319205,2009-01-30,0.21,bmo,232240909.0,2025-04-25,2008-12-31,0.0476190476190476,17.8190625,1641513.0625
2008-09-30,IDXX,USD,874716,2008-10-24,2008-10-24 17:00:08,2008,Q3,251093000.0,122944000.0,128149000.0,0.5103646856,17920000,71232000.0,41527000.0,71232000.0,0.0,89152000.0,212096000.0,0.0,0.0,12190000.0,38997000.0,0.1553089891,38997000.0,0.1553089891,-560000.0,38437000.0,0.1530787397,12738000.0,25699000.0,0.1023485322,0.22,0.21,118946000,123730000,https://www.sec.gov/Archives/edgar/data/874716/000136231008006183/0001362310-08-006183-index.htm,https://www.sec.gov/Archives/edgar/data/874716/000136231008006183/c76279e10vq.htm,2.11098313520421,0.2160560254233013,0.3503606678660905,0.1596522791855127,0.7111294200729743,3.676685218502514,1.731441158172616,3.676685218502514,1.4279841272510214,3259120400.0,3344387400.0,31.70473948402661,12.979734202068556,78.20512549791236,171.6229805160611,7.452364935162932,7.452364935162932,13.319317543698949,85.76012000923149,80.25117339348274,176.1130805687204,0.0078852564023102,0.0058267255177194,0.3883890086822903,0.2181257568772289,2.186501525758392,1.148259951259139,0.0,1.6216195182691933,0.0,0.0,0.2836877172999645,0.0713679791949596,0.2971376396089344,0.5443201996448626,0.0903410290211196,1.8608695652173912,0.0,4.227685523835795,0.0410192205286501,0.046954764541013,-0.9776432162493904,45627000.0,205948000.0,12011000.0,455661000.0,116309000.0,27147000.0,109544500.0,40.163485242519705,21.183058953669963,82.65250845913586,2.2408413875576736,4.248678162905622,1.0888961711851346,0.058763808317346,0.1907083886805777,2008-10-24,0.2,bmo,239142857.0,2025-04-25,2008-09-30,0.0499999999999999,27.3325,1152661.75
2008-06-30,IDXX,USD,874716,2008-07-25,2008-07-25 15:20:15,2008,Q2,280570000.0,129310000.0,151260000.0,0.5391167979,18274000,74095000.0,44214000.0,74095000.0,0.0,92369000.0,221679000.0,570000.0,1213000.0,12585000.0,71562000.0,0.2550593435,58891000.0,0.2098977082,-643000.0,58248000.0,0.207605945,18884000.0,39364000.0,0.1403001034,0.33,0.32,120058000,124880000,https://www.sec.gov/Archives/edgar/data/874716/000136231008003844/0001362310-08-003844-index.htm,https://www.sec.gov/Archives/edgar/data/874716/000136231008003844/c74048e10vq.htm,2.336953805660597,0.3278748604840993,0.5907894517649802,0.305660597377934,0.6269053290909394,3.568783421346349,1.5519498908860718,3.568783421346349,1.3766512852121475,2925813460.0,3014613460.0,18.581784498526577,10.428105143101543,41.249890171862006,79.72895495544594,6.828657590772556,6.828657590772556,10.744603699611504,42.12589726391101,42.50184635339565,82.14877128920621,0.0134540361298358,0.0125424947631487,0.3829169982798901,0.2144951751169123,1.240882032363545,1.1337961291012937,48.54987633965375,1.8018748094705823,0.0,0.0,0.2640873935203336,0.0651316961898991,0.3165648871927822,0.4826234685389615,0.1220087678654168,2.720063567739372,0.0,5.131040171677451,0.0637233399583419,0.0753014813907933,-0.9799284512485632,40012000.0,186324000.0,2636000.0,448753000.0,122905000.0,25329000.0,103030000.0,38.67430587732117,17.6485190627175,73.90286907431754,2.327126446315265,5.099578025791694,1.2178146955227815,0.0918730059445317,0.2851288543870462,2008-07-25,0.28,bmo,245525000.0,2025-04-25,2008-06-30,0.1428571428571427,25.37234375,770864.8125
2008-03-31,IDXX,USD,874716,2008-04-25,2008-04-25 13:34:25,2008,Q1,249074000.0,119238000.0,129836000.0,0.5212748019,17295000,73822000.0,44001000.0,73822000.0,0.0,91117000.0,210355000.0,0.0,0.0,11395000.0,38719000.0,0.1554517934,38719000.0,0.1554517934,-485000.0,38234000.0,0.153504581,10683000.0,27551000.0,0.1106137132,0.23,0.22,121730000,127116000,https://www.sec.gov/Archives/edgar/data/874716/000136231008002156/0001362310-08-002156-index.htm,https://www.sec.gov/Archives/edgar/data/874716/000136231008002156/c73062e10vq.htm,2.046118458884416,0.2263287603713135,-0.0229113612092335,-0.1648237903557052,0.4947013883184096,3.562277170787809,1.5514252854678388,3.562277170787809,1.2011993756674608,2998209900.0,3084211900.0,27.205998874813982,12.03742622674386,-1075.0125134456794,-149.4323116028708,6.914116678504552,6.914116678504552,12.382713169580123,79.65629019344507,-1105.8486554320546,-153.7186951754386,0.0091891498323716,-0.0066919931122901,0.3371998634799694,0.1984401315316269,2.2211833983315685,1.2163561310965716,0.0,-0.1012304453558854,0.0,0.0,0.2963858130515429,0.0694371953716566,0.3321960706080012,-6.193976335604159,0.0693568979500068,1.5160157964019307,-0.0005259481118061,4.259170102693397,0.0455508465407382,0.055989318723124,-0.8143288425203319,57340000.0,188855000.0,19145000.0,453215000.0,116814500.0,28905500.0,99341000.0,45.25582758537623,19.097016051929756,75.38720877572585,1.988694159447483,4.712778151061223,1.1938364805062176,0.063534854117278,0.1419124291464717,2008-04-25,0.2,bmo,237238095.0,2025-04-25,2008-03-31,0.0499999999999999,27.438442622950816,706468.4918032787
2007-12-31,IDXX,USD,874716,2008-02-27,2008-02-27 11:29:08,2007,Q4,244969000.0,122725000.0,122244000.0,0.4990182431,16769000,68733000.0,151882000.0,68733000.0,0.0,85502000.0,208227000.0,0.0,0.0,11562000.0,48304000.0,0.1971841335,36742000.0,0.1499863248,-19000.0,36723000.0,0.149908764,11195000.0,25528000.0,0.104209104,0.21,0.21,121730000,121730000,https://www.sec.gov/Archives/edgar/data/874716/000136231008001141/0001362310-08-001141-index.htm,https://www.sec.gov/Archives/edgar/data/874716/000136231008001141/c72515e10vk.htm,2.012396286864372,0.2097100139653331,0.3280292450505216,0.8625154029409349,0.4958514745748788,3.600780415674033,1.6586626139817628,3.600780415674033,0.6463731208412059,3568514950.0,3586837950.0,34.947067435756814,14.567210340900278,89.367031879993,33.987798826599615,8.141290669209692,8.141290669209692,14.642007560140264,74.25550575521696,89.82589842478275,34.162313560774905,0.0071536760690886,0.0294223231431326,0.1795091747410015,0.1120554730346535,0.3793267638290825,1.3682808695029365,0.0,1.56420401128173,0.0,0.0,0.2805783588943907,0.0684535594299687,0.3366862295796371,1.6293856903157948,0.2655968714408762,5.627313613561667,0.0358249411149982,4.12191624166294,0.0462918566314187,0.0548087554882827,-0.5980941427749938,82271000.0,201909000.0,41807000.0,460537000.0,105895500.0,27148000.0,97538500.0,39.81956900669064,23.84110816866979,72.45760847423101,2.2601952317685265,3.774992310058443,1.2421055827699283,0.0582401562318199,0.5344861578904132,2008-01-25,0.2,bmo,245000000.0,2025-04-25,2007-12-31,0.0,29.7147265625,651922.875
2007-09-30,IDXX,USD,874716,2007-10-31,2007-10-31 16:24:34,2007,Q3,229385000.0,110907000.0,118478000.0,0.5165028228,17281000,65100000.0,37757000.0,65100000.0,0.0,82381000.0,193288000.0,0.0,0.0,10267000.0,36097000.0,0.1573642566,36097000.0,0.1573642566,-515000.0,35582000.0,0.1551191229,9787000.0,25795000.0,0.1124528631,0.21,0.2,122188000,127964000,https://www.sec.gov/Archives/edgar/data/874716/000136231007002611/0001362310-07-002611-index.htm,https://www.sec.gov/Archives/edgar/data/874716/000136231007002611/c71383e10vq.htm,1.8773120109994432,0.2111091105509542,0.2623580056961404,0.1155841817527089,0.4788277081219105,3.43847186303074,1.5079958752086948,3.43847186303074,0.6866549906701149,3281358740.0,3306752740.0,31.802275053304903,14.305027530134923,102.36013164051532,232.34148127168447,7.810155519588709,7.810155519588709,14.41573224055627,91.60741169626284,103.15228312069128,234.1395411739715,0.0078610728188774,0.0043040097468891,0.1996977198076831,0.1244391775543469,0.7034933650995928,1.4043553090787395,0.0,1.242760224849777,0.0,0.0,0.2838023410423523,0.0753362251237003,0.3498508675784187,0.5594409957263624,0.0781829675000544,1.7467614687834812,0.0,4.041359495865877,0.048187463795357,0.0588454027813264,-0.5720222116738142,84579000.0,184259000.0,39656000.0,447325000.0,105045500.0,25076000.0,93912000.0,40.572094949538986,17.67913657388623,78.12464497281506,2.2182734244296807,5.09074635086753,1.1520052351126484,0.0613962012662445,0.1467738239434314,2007-10-26,0.2,bmo,229400000.0,2025-04-25,2007-09-30,0.0,26.47746031746032,773200.4444444445
2007-06-30,IDXX,USD,874716,2007-07-31,2007-07-31 15:02:05,2007,Q2,237046000.0,122825000.0,114221000.0,0.4818516237,17317000,64437000.0,36747000.0,64437000.0,0.0,81754000.0,204579000.0,0.0,0.0,10224000.0,32467000.0,0.1369649773,32467000.0,0.1369649773,-834000.0,31633000.0,0.1334466728,9969000.0,21664000.0,0.0913915443,0.18,0.17,123396000,128804000,https://www.sec.gov/Archives/edgar/data/874716/000136231007001476/0001362310-07-001476-index.htm,https://www.sec.gov/Archives/edgar/data/874716/000136231007001476/c70845e10vq.htm,1.9210185095140848,0.1755648481312198,0.5228937728937729,0.3508784725598884,0.4018606761969593,3.116405718175629,1.2479334824467567,3.116405718175629,0.7337271872670103,2919240870.0,2960191870.0,33.6876946778065,12.31508175628359,45.24341506129597,67.42362911980045,7.591277304499782,7.591277304499782,12.487837255216288,91.17540487263992,45.87808796863134,68.369445227152,0.0074211073922104,0.0148315955853276,0.2354402005450498,0.1401165948846199,1.2613114855083625,1.3226076818264825,0.0,2.9783511816838995,0.0,0.0,0.2718333150527746,0.0730533314209056,0.3568137747245689,0.3289679649117369,0.089543801625001,2.076095461658842,0.0,3.508625681673996,0.0430041535677875,0.0521261672685975,-0.6988921845116536,68899000.0,153990000.0,20851000.0,417267000.0,105737500.0,27841000.0,98962000.0,40.50504965281,20.78518216975371,67.08398127417057,2.221945183907615,4.330007755763943,1.3416019486406483,0.0563356841207431,0.1720153003338844,2007-07-27,0.21,bmo,226227272.0,2025-04-25,2007-06-30,0.0476190476190476,21.948849206349205,638936.8888888889
2007-03-31,IDXX,USD,874716,2007-05-02,2007-05-02 16:31:57,2007,Q1,211155000.0,102576000.0,108579000.0,0.5142146764,15971000,61731000.0,35582000.0,61731000.0,0.0,77702000.0,180278000.0,0.0,0.0,9047000.0,30877000.0,0.1462290734,30877000.0,0.1462290734,28000.0,30905000.0,0.1463616774,9878000.0,21027000.0,0.0995808766,0.17,0.16,124548000,130168000,https://www.sec.gov/Archives/edgar/data/874716/000136231007000635/0001362310-07-000635-index.htm,https://www.sec.gov/Archives/edgar/data/874716/000136231007000635/c70436e10vq.htm,1.695370459581848,0.1688264765391656,-0.011136268747792,-0.742107460577448,0.4330619520184989,3.3086360278768026,1.4830828275042554,3.3086360278768026,0.6597857854000064,2728535310.0,2756773310.0,32.44085354544157,12.921954535767563,-1967.220843547224,-29.52065726836024,6.62130854388911,6.62130854388911,13.055685681134712,89.28242089581242,-1987.57989185292,-29.82617074912364,0.0077063323765452,-0.0338745845293825,0.1994132264295629,0.1271086815964262,0.9145318521877124,1.5750126051535176,0.0,-0.0659628097208351,0.0,0.0,0.2923492221353981,0.0756363808576638,0.3516954527033507,-65.63878875270368,0.4311572067912197,10.0631148446999,0.0114418318296985,3.545161584692872,0.0393419818428184,0.0501688040560691,-0.3909597103124899,108341000.0,184715000.0,62346000.0,444506000.0,52395500.0,25845000.0,101184500.0,44.664772323648506,23.967009826860085,93.3314810481984,2.015010831082822,3.7551618099282473,0.9643048517950984,0.0510260044068685,0.7309711918296561,2007-04-27,0.15,bmo,198000000.0,2025-04-25,2007-03-31,0.0666666666666667,21.24229508196721,732331.8032786886
2006-12-31,IDXX,USD,874716,2007-03-01,2007-03-01 15:46:17,2006,Q4,192209000.0,95940000.0,96269000.0,0.5008558392,13951000,52848000.0,115882000.0,52848000.0,0.0,66799000.0,162739000.0,0.0,0.0,8079000.0,37549000.0,0.1953550562,29470000.0,0.1533226852,845000.0,30315000.0,0.1577189414,5643000.0,24672000.0,0.1283602745,0.2,0.2,124548000,124548000,https://www.sec.gov/Archives/edgar/data/874716/000087471607000048/0000874716-07-000048-index.htm,https://www.sec.gov/Archives/edgar/data/874716/000087471607000048/form10k_dec312006.htm,1.543252400680862,0.1980923017631756,0.3084272730192375,0.086657352988406,0.7761345023605357,3.290787487554999,2.1010534091274047,3.290787487554999,0.0572068600057809,2469164100.0,2414623100.0,25.01990211575875,12.846246013454104,64.27771385432395,228.77458537941257,6.024393879876348,6.024393879876348,12.5624871884251,64.3059229273749,62.85789295569324,223.7212174557584,0.0099920454861627,0.0043711149048376,0.0173839423609467,0.0127332189577525,-1.452528695837439,2.423085864537489,0.0,1.5569876783398184,0.0,0.0,0.2749507047016529,0.0725824493129874,0.264813424833798,0.7190347269224762,0.1437029483530948,3.418863720757519,0.0564073482511224,3.8297901418384033,0.0550736355739902,0.0599736011142955,-0.0404261810707518,177520000.0,261682000.0,152564000.0,425327000.0,0.0,23783500.0,94619000.0,0.0,22.864915572232647,90.05253283302063,0.0,3.936161483548043,0.9994166423600984,0.0601960176742846,0.2217699200308314,2007-01-26,0.15,bmo,140953266.0,2025-04-25,2006-12-31,0.2666666666666667,21.600873015873017,747826.5396825396
2006-09-30,IDXX,USD,874716,2006-11-01,2006-11-01 10:31:09,2006,Q3,187380000.0,89181000.0,98199000.0,0.5240634006,13696000,50041000.0,29051000.0,50041000.0,0.0,63737000.0,152918000.0,0.0,0.0,7528000.0,34462000.0,0.183915039,34462000.0,0.183915039,609000.0,35071000.0,0.187165119,10118000.0,24953000.0,0.1331678941,0.2,0.19,124840000,130924000,https://www.sec.gov/Archives/edgar/data/874716/000087471606000081/0000874716-06-000081-index.htm,https://www.sec.gov/Archives/edgar/data/874716/000087471606000081/form10q_sept302006.htm,1.5009612303748798,0.19987984620314,0.2132649791733419,0.1392502403075937,0.7576978532521628,3.104653957065043,2.0415091316885614,3.104653957065043,0.0583947452739506,2844479400.0,2800819400.0,28.49837093736224,15.180272174191485,106.8389197716346,163.6262885411873,7.338982158752274,7.338982158752274,14.94726971928701,81.2726887586327,105.19904597355767,161.11478370915785,0.0087724312575439,0.0061114873955494,0.018808777429467,0.0138864548966421,-1.2669026754105972,2.500548264400507,0.0,1.0669658958842625,0.0,0.0,0.2670562493329064,0.0730921122851958,0.252819197976273,0.3470552884615384,0.0493115593980147,1.2274176408076514,0.0165332479453516,3.736649501581992,0.0599642870263723,0.0636152036079123,0.030639218199295,175162000.0,254862000.0,154507000.0,399050000.0,0.0,23716500.0,89391000.0,0.0,23.40599455040872,94.09829447976588,0.0,3.845168800931315,0.9564466656656871,0.0643807164879961,0.0740147388657481,2006-10-27,0.17,bmo,167673684.0,2025-04-25,2006-09-30,0.1176470588235293,21.53793650793651,683131.1111111111
2006-06-30,IDXX,USD,874716,2006-08-03,2006-08-03 16:09:45,2006,Q2,191364000.0,92328000.0,99036000.0,0.5175268076,13292000,48718000.0,28679000.0,48718000.0,0.0,62010000.0,154338000.0,0.0,0.0,7551000.0,37026000.0,0.193484668,37026000.0,0.193484668,633000.0,37620000.0,0.1965887001,11879000.0,25780000.0,0.1347170837,0.21,0.2,125868000,132056000,https://www.sec.gov/Archives/edgar/data/874716/000087471606000072/0000874716-06-000072-index.htm,https://www.sec.gov/Archives/edgar/data/874716/000087471606000072/form10q_june302006.htm,1.5203546572599866,0.2048177455747291,0.3798503193822099,0.1610735055772714,0.6122048495248991,2.836574824419233,1.779650109638669,2.836574824419233,0.0591889916420376,2364115710.0,2321542710.0,22.925869957331265,12.354025365272465,49.44710861517224,116.60825244155076,6.621542234072945,6.621542234072945,12.131554054054051,62.700337870685466,48.55666499341156,114.50837081976915,0.010904711597217,0.0085757223786647,0.0208663600665482,0.0148590484624375,-1.149813644466051,2.203955530688204,0.0,1.854577191621412,0.0,0.0,0.2545828891536548,0.0694592504337283,0.2653347374635504,0.5759553240885988,0.1438985389101398,3.646801748112833,0.0,3.615531685044477,0.0668966474732639,0.0699887333885352,-0.1947834239044077,148473000.0,224001000.0,127450000.0,370301000.0,0.0,24637000.0,83384500.0,0.0,23.628801663634,83.38315570574474,0.0,3.8089108910891087,1.0793546878653262,0.0722060083913576,0.2187768138049385,2006-07-28,0.16,bmo,153120000.0,2025-04-25,2006-06-30,0.25,19.74690476190476,580759.8095238095
2006-03-31,IDXX,USD,874716,2006-05-08,2006-05-08 16:42:39,2006,Q1,168164000.0,82139000.0,86025000.0,0.5115541971,12678000,46372000.0,26938000.0,46372000.0,0.0,59050000.0,141189000.0,769000.0,0.0,6658000.0,26975000.0,0.1604088866,26975000.0,0.1604088866,769000.0,27744000.0,0.1649818035,9584000.0,18273000.0,0.1086617825,0.14,0.14,127200000,133672000,https://www.sec.gov/Archives/edgar/data/874716/000087471606000060/0000874716-06-000060-index.htm,https://www.sec.gov/Archives/edgar/data/874716/000087471606000060/form10q_mar312006.htm,1.3220440251572327,0.1436556603773585,-0.0237657232704402,-0.0784591194968553,0.7311084905660378,2.855715408805032,1.9181761006289308,2.854237421383648,0.0,2746248000.0,2710909000.0,37.57248399277623,16.330772341285886,-908.4512074098576,-275.1751503006012,7.564192045920911,7.564192045920911,16.120626293380273,100.49708989805376,-896.761164406219,-271.6341683366733,0.0066538054829716,-0.0036340490734995,0.0,0.0,-1.310064874884152,2.856203236824984,0.0,-0.1654353417610682,0.0,0.0,0.2757546204895221,0.0753906900406745,0.2509353129563464,-2.301356268607344,0.0413703289645822,1.0449083808951638,0.0169061154587188,3.037369855147596,0.0468502642318712,0.0513305261147176,0.169941037735849,182591000.0,243992000.0,168964000.0,369119000.0,0.0,22438000.0,75299000.0,0.0,27.42984453183019,89.00290970184687,0.0,3.281097707118319,1.011202895517611,0.0503306625093993,0.054693396226415,2006-04-28,0.14,bmo,168200000.0,2025-04-25,2006-03-31,0.0,19.562580645161287,478834.7096774193
2005-12-31,IDXX,USD,874716,2006-03-10,2006-03-10 16:37:01,2005,Q4,166970000.0,82054000.0,84916000.0,0.5085704019,10636000,44096000.0,101990000.0,44096000.0,0.0,54732000.0,136786000.0,3141000.0,0.0,6278000.0,36462000.0,0.2183745583,30184000.0,0.1807749895,849000.0,31033000.0,0.1858597353,11137000.0,20027000.0,0.1199437025,0.16,0.16,127200000,127200000,https://www.sec.gov/Archives/edgar/data/874716/000087471606000041/0000874716-06-000041-index.htm,https://www.sec.gov/Archives/edgar/data/874716/000087471606000041/form10k_dec312005.htm,1.3126572327044026,0.1574449685534591,0.3148349056603773,0.2684276729559748,1.0434827044025157,2.9033805031446542,1.9698427672955976,2.901022012578616,0.0043317610062893,2288964000.0,2222364000.0,28.57347580765966,13.708833922261483,57.15694059480112,67.03854264292409,6.202986368933092,6.202986368933092,13.309959873031085,60.9501398716472,55.493894673758334,65.08798031865042,0.0087493730788251,0.0149167920509016,0.0014931844665456,0.0011229405962386,-1.8265591574790192,2.8080719929433404,0.0,1.999650471862985,0.0,0.0,0.2640953464694256,0.0637000658800982,0.2420049075153461,0.1474018028816141,0.0353536563454512,0.940267601146862,0.0008085284781697,3.2057611716603267,0.0503084163818918,0.0538461538461538,0.3620243710691824,192679000.0,250564000.0,177879000.0,377122000.0,0.0,19123000.0,74787500.0,0.0,21.763472834962343,76.0866015063251,0.0,4.135369418405403,1.1828626619959923,0.0542722419446627,0.0464072327044025,2006-01-27,0.15,bmo,155838666.0,2025-04-25,2005-12-31,0.0666666666666667,17.39525873015873,559828.3174603175
2005-09-30,IDXX,USD,874716,2005-11-02,2005-11-02 12:15:24,2005,Q3,158069000.0,76740000.0,81329000.0,0.5145158127,10543000,40663000.0,24303000.0,40663000.0,0.0,51206000.0,127946000.0,918000.0,0.0,6138000.0,30123000.0,0.1905686757,30123000.0,0.1905686757,1028000.0,31041000.0,0.1963762661,10547000.0,20604000.0,0.1303481391,0.16,0.15,129928000,136176000,https://www.sec.gov/Archives/edgar/data/874716/000087471605000088/0000874716-05-000088-index.htm,https://www.sec.gov/Archives/edgar/data/874716/000087471605000088/form10q_sept302005.htm,1.2165891878578905,0.1585801366910904,0.2957022350840465,0.2455975617264946,0.9963672187673172,2.9333630934055783,2.010513515177637,2.930576934917801,0.0041715411612585,2172396160.0,2115170160.0,26.35891283245972,13.74334094604255,56.54336699635606,68.07885177060483,5.705361221123845,5.705361221123845,13.381309175107074,70.21777910566676,55.05388235294117,66.28549545596992,0.00948445793607,0.0146888493855559,0.0014234538979525,0.0011002172015508,-1.8997443813697177,3.073032670891528,0.0,1.8646864686468647,0.0,0.0,0.2572484168306246,0.0666987201791622,0.2433956519091407,0.1694429984383133,0.0411845459894096,1.0606060606060606,0.0,3.233644081491961,0.0502659261827274,0.0552792131485327,0.4468243950495659,202158000.0,261222000.0,188172000.0,386998000.0,0.0,17298500.0,80985500.0,0.0,21.584050039093043,94.06489444878812,0.0,4.169745707454901,0.9567862753409968,0.0541122585118341,0.0501046733575518,2005-10-28,0.15,bmo,148218750.0,2025-04-25,2005-09-30,0.0666666666666667,16.0853515625,554048.875
2005-06-30,IDXX,USD,874716,2005-08-03,2005-08-03 16:34:56,2005,Q2,160630000.0,80055000.0,80575000.0,0.5016186267,9995000,41694000.0,25848000.0,41694000.0,0.0,51689000.0,131744000.0,871000.0,0.0,6137000.0,28886000.0,0.1798294217,28886000.0,0.1798294217,981000.0,29757000.0,0.185251821,9934000.0,19933000.0,0.1240926352,0.15,0.15,130508000,136240000,https://www.sec.gov/Archives/edgar/data/874716/000087471605000074/0000874716-05-000074-index.htm,https://www.sec.gov/Archives/edgar/data/874716/000087471605000074/form10q_june302005.htm,1.23080577435866,0.152733932019493,0.2896604039599105,0.234108253900144,1.0034404021209429,3.0071796364973795,2.1231495387255954,3.005401967695467,0.0040687160940325,2033640910.0,1981817910.0,25.505956328701146,12.66040534146797,53.795754569743146,66.56108761823717,5.18483057091648,5.18483057091648,12.337781921185332,68.60825001730943,52.42488453297357,64.86492030242529,0.0098016320885283,0.015023792966478,0.0013538009683118,0.0010614692653673,-1.794052482171294,3.2957394558771487,0.0,1.8965032860081272,0.0,0.0,0.259565460997323,0.0622237440079686,0.2306306846576711,0.1917837208687141,0.0451347817966755,1.1813589701808702,0.0,3.21373681966463,0.0472180511611165,0.0517905720528896,0.4907783430900788,214080000.0,277088000.0,199542000.0,393174000.0,0.0,14575000.0,80123000.0,0.0,18.20460933108488,91.92242833052276,0.0,4.943802877786698,0.9790864061640066,0.0508198016974777,0.0555521500597664,2005-07-29,0.14,bmo,149893333.0,2025-04-25,2005-06-30,0.0714285714285712,14.1885546875,477241.125
2005-03-31,IDXX,USD,874716,2005-05-05,2005-05-05 17:15:01,2005,Q1,152426000.0,76346000.0,76080000.0,0.4991274454,9774000,40168000.0,25070000.0,40168000.0,0.0,49942000.0,126288000.0,503000.0,0.0,5816000.0,26138000.0,0.1714799312,26138000.0,0.1714799312,503000.0,26641000.0,0.1747798932,9052000.0,17690000.0,0.1160563159,0.14,0.13,131820000,137756000,https://www.sec.gov/Archives/edgar/data/874716/000087471605000055/0000874716-05-000055-index.htm,https://www.sec.gov/Archives/edgar/data/874716/000087471605000055/form10q_march312005.htm,1.1563192231831283,0.1341981489910484,0.0021392808375056,-0.0322712790168411,0.8359960552268244,2.9391973903808224,2.022720376270672,2.9391973903808224,0.0039902897891063,1784842800.0,1740789800.0,25.22389485585076,11.70956923359532,6329.229787234041,-419.5681241184767,4.606699789647562,4.606699789647562,11.42055686037815,66.59996174152575,6173.013475177305,-409.2124588622473,0.0099112370008159,-0.0023834031770192,0.0013576120481616,0.0010780500002049,-1.685400566225419,3.366732901435609,0.0,0.0159412097230073,0.0,0.0,0.2635245955414431,0.0641229186621705,0.2476030808455519,16.085106382978722,0.0297587025835487,0.7799174690508941,0.0,2.979057587466142,0.0427793934173485,0.0481874543731,0.3714800485510545,201293000.0,266635000.0,185871000.0,384847000.0,0.0,13840000.0,77452500.0,0.0,15.274277630786155,92.51683126817385,0.0,5.892259010573436,0.9727959633541876,0.0456580934068061,0.0344105598543468,2005-04-29,0.12,bmo,140676923.0,2025-04-25,2005-03-31,0.0833333333333334,13.870081967213116,670612.8524590164
2004-12-31,IDXX,USD,874716,2005-03-15,2005-03-15 16:28:36,2004,Q4,144274000.0,75363000.0,68911000.0,0.4776397688,9373000,36263000.0,85710000.0,36263000.0,0.0,45636000.0,120999000.0,3068000.0,0.0,5237000.0,28512000.0,0.1976239655,23275000.0,0.1613249789,753000.0,24028000.0,0.1665442145,7172000.0,16935000.0,0.1173808171,0.13,0.13,131820000,131820000,https://www.sec.gov/Archives/edgar/data/874716/000087471605000035/0000874716-05-000035-index.htm,https://www.sec.gov/Archives/edgar/data/874716/000087471605000035/form10k_dec312004.htm,1.0944773175542406,0.1284706417842512,0.206129570626612,0.1433621605219238,1.04135942952511,3.016689424973449,2.0722652101350327,3.016689424973449,0.0127674101046882,1799013450.0,1753540450.0,26.55762400354296,12.469422418453776,66.20835602826439,95.19597047306593,4.523999019262686,4.523999019262686,12.154237423236342,61.50183957631874,64.53483181215958,92.78973700920731,0.0094134927117971,0.0105046463104542,0.0042322587134738,0.0032728100078368,-1.594872334455668,3.0173683368016646,0.0,1.6044877472689696,0.0,0.0,0.2513481292540582,0.0649666606595783,0.2420945984050156,0.3045046371264537,0.0573492105299638,1.5799121634523583,0.0009357195336651,2.952966406179947,0.0392894663812131,0.0434517104861408,0.4468745258686087,201640000.0,273166000.0,185015000.0,388764000.0,0.0,16754500.0,81211000.0,0.0,17.58250069662832,91.26706739381396,0.0,5.118725803165116,0.98611692661991,0.0425866317960066,0.0627674101046882,2005-01-28,0.12,bmo,144274000.0,2025-04-25,2004-12-31,0.0,12.7469921875,861299.75
2004-09-30,IDXX,USD,874716,2004-11-08,2004-11-08 16:10:48,2004,Q3,134111000.0,63053000.0,71058000.0,0.5298446809,8824000,33830000.0,21132000.0,33830000.0,0.0,42654000.0,105707000.0,830000.0,0.0,5128000.0,28404000.0,0.2117947074,28404000.0,0.2117947074,939000.0,29234000.0,0.2179836106,9647000.0,19696000.0,0.1468634191,0.14,0.14,136200000,141868000,https://www.sec.gov/Archives/edgar/data/874716/000087471604000080/0000874716-04-000080-index.htm,https://www.sec.gov/Archives/edgar/data/874716/000087471604000080/form10q_sept302004.htm,0.9846622613803232,0.1446108663729809,0.1784948604992657,0.1452716593245227,1.4432745961820852,3.004405286343612,2.4929295154185023,3.0009471365638767,0.0086196769456681,1727697000.0,1582337000.0,21.929541531275387,12.882589795020545,71.06647196742216,87.31916506620843,4.226998818287912,4.226998818287912,11.798711515088248,55.70824531756091,65.08728559088479,79.97255635297685,0.0114001471322807,0.0114522395998835,0.002872318822496,0.0022911608808674,-5.117589071961696,3.835193717611756,0.0,1.2343115353371243,0.0,0.0,0.2522537301190805,0.0657962434103093,0.1359532712469067,0.1861297355106742,0.0337407073245296,0.8824102964118564,0.0,3.124790428261616,0.0454088483536146,0.0444865056545474,1.0012408223201177,266443000.0,339537000.0,257216000.0,394435000.0,0.0,19126500.0,82451500.0,0.0,26.81458455584984,122.75101898402932,0.0,3.356382412434792,0.7331914695690598,0.0481884084564589,0.033223201174743,2004-10-22,0.12,bmo,114942857.0,2025-04-25,2004-09-30,0.1666666666666668,12.8573640625,1126316.125
2004-06-30,IDXX,USD,874716,2004-08-09,2004-08-09 16:06:36,2004,Q2,137379000.0,65377000.0,72002000.0,0.5241121278,8685000,32262000.0,20679000.0,32262000.0,0.0,40947000.0,106324000.0,756000.0,0.0,3748000.0,31055000.0,0.2260534725,31055000.0,0.2260534725,829000.0,31811000.0,0.231556497,7974000.0,23910000.0,0.1740440679,0.17,0.17,138336000,145692000,https://www.sec.gov/Archives/edgar/data/874716/000087471604000066/0000874716-04-000066-index.htm,https://www.sec.gov/Archives/edgar/data/874716/000087471604000066/form10q_june302004.htm,0.9930820610687024,0.1728400416377515,0.2401977793199167,0.1469248785565579,1.537676382142031,3.065413196854037,2.573444367337497,3.065413196854037,0.0087829632199861,2176716960.0,2013272960.0,22.759483061480548,15.844612058611578,65.50851570964247,107.09554538745388,5.133076355301292,5.133076355301292,14.654881459320563,64.82926936081147,60.58965210063801,99.05402017220172,0.0109844322616937,0.009337456533623,0.0028651808601202,0.0023222432678836,-5.263049428433424,4.168951925344473,0.0,1.389711417816813,0.0,0.0,0.2348393859323477,0.0632192693206385,0.1300781152941221,0.3883170819790538,0.0939226519337016,3.4426360725720384,0.0,3.4526928987496426,0.0535117748966669,0.0525328247763345,1.1061798808697665,282192000.0,356000000.0,272097000.0,406758000.0,30733000.0,17157500.0,77384000.0,0.0,26.79887422182113,108.62306315676769,0.0,3.358350028252941,0.8285533236170078,0.056383929518909,0.0932729007633587,2004-07-23,0.13,bmo,127585714.0,2025-04-25,2004-06-30,0.0769230769230769,15.587298387096777,1218940.5161290322
2004-03-31,IDXX,USD,874716,2004-05-10,2004-05-10 15:14:57,2004,Q1,133417000.0,66371000.0,67046000.0,0.5025296626,8520000,33225000.0,20983000.0,33225000.0,0.0,41745000.0,108116000.0,729000.0,0.0,4314000.0,25301000.0,0.1896385018,25301000.0,0.1896385018,862000.0,26030000.0,0.1951025731,8372000.0,17791000.0,0.1333488236,0.13,0.12,139100000,145748000,https://www.sec.gov/Archives/edgar/data/874716/000087471604000045/0000874716-04-000045-index.htm,https://www.sec.gov/Archives/edgar/data/874716/000087471604000045/form10q_mar312004.htm,0.9591445003594536,0.127900790797987,0.0766930265995686,0.0335370237239396,1.5055427749820274,3.069338605319914,2.5822429906542057,3.069338605319914,0.0100431344356578,1977654250.0,1798541250.0,27.790094008206395,14.823105376376324,185.3819131983502,423.9344587352626,4.632105423415194,4.632105423415194,13.480600298312808,71.08577724200624,168.59216816647918,385.5393890675241,0.0089960113098636,0.0023588551942282,0.0032720842263054,0.0026706940554594,-7.079285403738982,4.236466512702078,0.0,0.599629025911978,0.0,0.0,0.2490312329013544,0.0638599278952457,0.1295296175573759,0.5627109111361079,0.0449942660980234,1.3915159944367177,0.0003447836482607,2.9720100578669264,0.0392550984967199,0.0390727604155228,1.418490294751977,280278000.0,359190000.0,270738000.0,396426000.0,57721000.0,17004000.0,75598000.0,41.46353163389973,20.134094710039022,102.87128414518388,2.170582110435037,4.4700296336206895,0.8748797173852866,0.041670472777524,0.043156002875629,2004-04-19,0.12,bmo,133400000.0,2025-04-25,2004-03-31,0.0,12.684798387096771,958404.3870967742
2003-12-31,IDXX,USD,874716,2004-03-03,2004-03-03 16:47:13,2003,Q4,124838000.0,64757000.0,60081000.0,0.4812717282,8302000,36459000.0,71846000.0,36459000.0,0.0,44761000.0,109518000.0,0.0,0.0,4640000.0,19960000.0,0.1598872138,15320000.0,0.1227190439,679000.0,15999000.0,0.1281580929,3748000.0,12365000.0,0.0990483667,0.0889,0.0889,139028000,139100000,https://www.sec.gov/Archives/edgar/data/874716/000095013504001102/0000950135-04-001102-index.htm,https://www.sec.gov/Archives/edgar/data/874716/000095013504001102/b48970ile10vk.htm,0.8979342290761573,0.088938918778951,0.1826898178784129,0.1698147135828754,1.587485974048393,2.9727249187214086,2.528454699772708,2.9727249187214086,0.0092067784906637,1608553960.0,1423116960.0,32.522320258794984,12.88513080952915,63.3313894247805,68.13308314625779,3.8920520116527775,3.8920520116527775,11.399709703776091,71.29844488977956,56.03043269420056,60.27857850819603,0.0076870284165039,0.0146771576130402,0.0030970839019385,0.0024526946107784,-9.290430861723449,3.6788139294790345,0.0,2.0541043267286696,0.0,0.0,0.2920504974446883,0.066502186834137,0.1183540119760479,0.0704752155596677,0.014338582803313,0.3857758620689655,0.0011054326407023,2.4390154063089398,0.0277971529856257,0.0268740667972154,1.3685768334436228,269853000.0,351526000.0,262006000.0,376843000.0,52324000.0,15880000.0,72314000.0,38.913151444271776,26.628781444477045,104.69864261778648,2.3128427449236697,3.3798016701461377,0.8596099982743286,0.0299183144120863,0.0128751042955375,2004-01-26,0.1,bmo,99870400.0,2025-04-25,2003-12-31,0.1999999999999999,11.58355625,964216.3125
2003-09-30,IDXX,USD,874716,2003-11-13,2003-11-13 10:54:45,2003,Q3,120061000.0,60971000.0,59090000.0,0.492166482,8376000,27428000.0,18222000.0,27428000.0,0.0,35804000.0,96775000.0,734000.0,0.0,4412000.0,23286000.0,0.193951408,23286000.0,0.193951408,734000.0,24020000.0,0.200064967,8047000.0,15973000.0,0.1330407043,0.12,0.11,137632000,143908000,https://www.sec.gov/Archives/edgar/data/874716/000087471603000108/0000874716-03-000108-index.htm,https://www.sec.gov/Archives/edgar/data/874716/000087471603000108/form10qsept302003.htm,0.8723334689607068,0.1160558591025343,0.1901156707742385,0.1469280399906998,1.570710299930249,2.928526796093932,2.50756364798884,2.9267830155777728,0.003552952801674,1464060400.0,1287692400.0,22.91461215801665,12.194304561847728,55.95277841473668,72.39938680644842,3.6345366032883257,3.6345366032883257,10.72531796336862,55.29899510435455,49.21242834212337,63.67779645930175,0.010910069010814,0.0138122716795017,0.0012139447245537,0.0009834700604763,-7.5739929571416305,4.062871630455791,0.0,1.6381393601702874,0.0,0.0,0.2284505376433646,0.0697645363606833,0.1165241070835989,0.2271650233126958,0.0495081666819366,1.3472348141432458,0.0,2.7645220452712347,0.0377909978678771,0.0363616910360338,1.4144348697977214,269401000.0,345121000.0,263198000.0,379171000.0,50727500.0,16765000.0,69548000.0,37.9846911153497,18.59900608486001,102.28715290875992,2.369375592042943,4.838968253968254,0.8798758929215672,0.0396530451642052,0.0431876307835387,2003-10-20,0.1,bmo,109181818.0,2025-04-25,2003-09-30,0.0999999999999999,10.073871875,1358288.0
2003-06-30,IDXX,USD,874716,2003-08-14,2003-08-14 11:45:40,2003,Q2,121846000.0,62175000.0,59671000.0,0.4897247345,8304000,27033000.0,17198000.0,27033000.0,0.0,35337000.0,97512000.0,0.0,0.0,4933000.0,24334000.0,0.1997111107,24334000.0,0.1997111107,764000.0,25098000.0,0.2059813207,8408000.0,16690000.0,0.1369761831,0.12,0.12,136400000,142124000,https://www.sec.gov/Archives/edgar/data/874716/000087471603000079/0000874716-03-000079-index.htm,https://www.sec.gov/Archives/edgar/data/874716/000087471603000079/form10q_june302003.htm,0.8932991202346041,0.1223607038123167,0.264266862170088,0.2197434017595308,1.3938782991202343,2.7279618768328446,2.308137829912023,2.7279618768328446,0.0035337243401759,1136553000.0,985601000.0,17.024460754943078,9.32778261083663,31.53062753148754,37.91922730457412,3.054478169494805,3.054478169494805,8.0889073092264,40.503041012575,27.342867447150866,32.882961331865346,0.0146847529327712,0.0263718453956832,0.0012953715996495,0.001034539007701,-6.203336894879592,3.766958139112881,0.0,2.159736369083284,0.0,0.0,0.2218620225530587,0.0681516012015166,0.1229083853464632,0.1684791655107362,0.0498416033353577,1.231096695722684,0.0,2.7405099967897937,0.0427848171153447,0.0408423958261959,1.2411931818181818,243971000.0,314830000.0,238330000.0,352107000.0,51182500.0,18971500.0,69591500.0,37.51021781593158,30.29674306393245,101.03884197828708,2.3993462379142625,2.9706163401815577,0.8907465509090128,0.0448542572575747,0.0445234604105571,2003-07-21,0.11,bmo,111650000.0,2025-04-25,2003-06-30,0.0909090909090908,8.872936507936508,1437638.0952380951
2003-03-31,IDXX,USD,874716,2003-05-14,2003-05-14 10:08:59,2003,Q1,109247000.0,57785000.0,51462000.0,0.4710609902,7337000,26678000.0,16323000.0,26678000.0,0.0,34015000.0,91800000.0,0.0,0.0,4912000.0,17447000.0,0.1597023259,17447000.0,0.1597023259,690000.0,18137000.0,0.1660182888,6075000.0,12062000.0,0.1104103545,0.09,0.085,135248000,142080000,https://www.sec.gov/Archives/edgar/data/874716/000087471603000050/0000874716-03-000050-index.htm,https://www.sec.gov/Archives/edgar/data/874716/000087471603000050/form10q_march312003.htm,0.807753164556962,0.0891843132615639,0.2184431562758783,0.1956036318466816,1.297106057021176,2.612615343664971,2.197836566899326,2.612615343664971,0.0072755234827871,1182405640.0,1049938640.0,24.50683220029845,10.823232125367287,40.02185350663417,44.69497788697789,3.3462637434166025,3.3462637434166025,9.610686243100496,60.17874935519001,35.53813430815055,39.68772027972028,0.0102012368614885,0.0223738783925286,0.0027847664220562,0.0022521388452753,-7.592537398979768,4.08293065336966,0.0,2.4493450505720444,0.0,0.0,0.2441989253709484,0.0671597389401997,0.1283948017705839,0.104555916598971,0.0282753759828645,0.6288680781758957,0.0,2.289671781703913,0.0322228219356793,0.031673756630429,1.2217666804684728,239889000.0,297253000.0,234134000.0,344750000.0,25791000.0,13220000.0,72234000.0,42.49434767087426,26.49770701739206,108.0622999048196,2.11792873482998,3.396520307999765,0.8328529013288749,0.0341360290476042,0.0228395244291967,2003-04-21,0.08,bmo,97066666.0,2025-04-25,2003-03-31,0.1249999999999999,8.753524590163934,974754.0983606556
2002-12-31,IDXX,USD,874716,2003-03-20,2003-03-20 16:55:51,2002,Q4,105895000.0,56886000.0,49009000.0,0.462807498,7082000,23427000.0,57087000.0,23427000.0,570000.0,30509000.0,87395000.0,0.0,0.0,4763000.0,23263000.0,0.2196798716,18500000.0,0.1747013551,828000.0,19328000.0,0.1825204212,6571000.0,12757000.0,0.1204683885,0.0943,0.0943,133960000,135248000,https://www.sec.gov/Archives/edgar/data/874716/000087471603000033/0000874716-03-000033-index.htm,https://www.sec.gov/Archives/edgar/data/874716/000087471603000033/form10kmar15edgar.htm,0.790497163332338,0.095229919378919,0.0696252612720215,0.0431322782920274,1.098768289041505,2.5453344281875188,2.126127202149896,2.5453344281875188,0.0072633621976709,1100146500.0,987331500.0,21.55966332209767,10.389031587893667,117.95287873914442,190.40264797507788,3.226491540385896,3.226491540385896,9.323683837763822,42.44213987877746,105.85734963010614,170.87772585669782,0.0115957283870829,0.0052520277981159,0.0028535983787572,0.0023352822019335,-4.849546490134548,3.820346463351788,0.0,0.7311280081523869,0.0,0.0,0.221228575475707,0.0668775674016714,0.1347815443103597,0.3805082019942103,0.0335143302327777,0.7451186227167751,0.0,2.3353414801149324,0.0357088479570164,0.0353874533627373,0.8140862944162437,213441000.0,284816000.0,213441000.0,319053000.0,23805500.0,13641000.0,75142500.0,0.0,14.914565974053373,118.79443096719756,0.0,6.034369364591068,0.7576112724076393,0.0374135195455358,0.026492982979994,2003-01-27,0.09,bmo,105895000.0,2025-04-25,2002-12-31,0.0,8.2781640625,1258650.0
2002-09-30,IDXX,USD,874716,2002-11-14,2002-11-14 16:42:33,2002,Q3,104534000.0,53774000.0,50760000.0,0.4855836379,7339000,25121000.0,13449000.0,25121000.0,0.0,32460000.0,86234000.0,0.0,0.0,5679000.0,23979000.0,0.2293894809,18300000.0,0.175062659,614000.0,18914000.0,0.1809363461,6431000.0,12483000.0,0.1194156925,0.0925,0.09,133204000,138528000,https://www.sec.gov/Archives/edgar/data/874716/000087471602000008/0000874716-02-000008-index.htm,https://www.sec.gov/Archives/edgar/data/874716/000087471602000008/final10qthirdq02.htm,0.7847662232365394,0.0937134019999399,0.301529984084562,0.2714708267019008,0.9573736524428696,2.4000630611693343,2.011328488633975,2.4000630611693343,0.007237019909312,1030332940.0,926099940.0,20.63472202194985,9.856438479346432,25.652506909000373,28.49293271756865,3.222831985186019,3.222831985186019,8.859317925268334,38.62129112973852,23.057386779534426,25.610462653134597,0.0121155012281758,0.0350964223273304,0.003015345732535,0.0023465607306469,-4.346845156178323,2.965670134773256,0.0,3.217575903228391,0.0,0.0,0.2403141561597183,0.0702068226605697,0.1260448767568778,0.0996887837669612,0.0383033271471483,0.7050537066384926,0.0,2.249590335088321,0.0376651046617754,0.0347683917634312,0.8236820966337347,179104000.0,267917000.0,179104000.0,280516000.0,47807500.0,12921000.0,75370000.0,40.99135209596877,29.88340090006323,125.85840740878491,2.1955850538741046,3.011705404648558,0.7150892964002181,0.0390462248747255,0.0300591573826611,2002-10-21,0.09,bmo,104500000.0,2025-04-25,2002-09-30,0.0,7.21046875,1154850.0
2002-06-30,IDXX,USD,874716,2002-08-14,2002-08-14 14:24:05,2002,Q2,105690000.0,55795000.0,49895000.0,0.4720881824,7726000,23470000.0,15983000.0,23470000.0,0.0,31196000.0,86991000.0,0.0,0.0,5008000.0,23707000.0,0.2243069354,18699000.0,0.1769230769,943000.0,19642000.0,0.1858453969,6678000.0,12964000.0,0.1226606112,0.095,0.0925,135284000,140772000,https://www.sec.gov/Archives/edgar/data/874716/000087471602000007/0000874716-02-000007-index.htm,https://www.sec.gov/Archives/edgar/data/874716/000087471602000007/q210q2002.htm,0.7812453800892937,0.0958280358357233,0.2166257650572129,0.1889728275331894,0.6664128795718637,2.2567265899884688,2.5173265131131544,2.2567265899884688,0.0070222642736761,852289200.0,784669200.0,16.43569114470842,8.064047686630712,29.08241315771514,33.33812634461177,2.791654083374004,2.791654083374004,7.424252057905195,33.098629096891216,26.77503582884051,30.69310385292392,0.0152107993390037,0.02999568691003,0.0031117036085935,0.002529629955079,-2.8523220989581137,3.3271601423487542,0.0,2.2605677260104904,0.0,0.0,0.222064528337591,0.0731005771596177,-0.0938758990171721,0.1276530403330376,0.0353959693443088,0.7470047923322684,0.0,2.2058553266429346,0.0402992550420639,0.0315576284554191,0.6924580881700718,163483000.0,340554000.0,163483000.0,177740000.0,49843500.0,14437500.0,80343000.0,40.87766108430315,12.883412492158795,121.85124115064072,2.2016915257061918,6.985726806059847,0.7386055254762315,0.0424632900861123,0.0276529375240235,2002-07-15,0.08,bmo,93955555.0,2025-04-25,2002-06-30,0.1249999999999999,7.14953125,1117193.75
2002-03-31,IDXX,USD,874716,2002-05-14,2002-05-14 16:49:22,2002,Q1,96551000.0,53490000.0,43061000.0,0.4459922735,7182000,25563000.0,14874000.0,25563000.0,-570000.0,32175000.0,85665000.0,0.0,0.0,4674000.0,15560000.0,0.1611583515,10886000.0,0.1127487028,-302000.0,10886000.0,0.1127487028,3701000.0,7185000.0,0.0744166296,0.0525,0.0525,135532000,140068000,https://www.sec.gov/Archives/edgar/data/874716/000087471602000006/0000874716-02-000006-index.htm,https://www.sec.gov/Archives/edgar/data/874716/000087471602000006/final10q1st02.htm,0.7123852669480271,0.0530133105096951,0.1804370923471947,0.152451081663371,0.7145987663430039,2.3187291562140304,2.3187291562140304,2.3187291562140304,0.0619632263967181,936526120.0,863446120.0,32.586155880306194,9.699807562842436,38.29589531793089,45.32601490659181,2.9800806969980465,2.9800806969980465,8.94290188604986,55.49139588688946,35.307549376405646,41.7890872132417,0.0076719696830238,0.0220623851900681,0.0267229254571026,0.0212411853380682,-4.696658097686376,3.121390347956894,0.0,3.403618649965205,0.0,0.0,0.2647616285693571,0.0743855578916841,0.0,0.1551012062972807,0.039284937494174,0.8115104835258878,0.0,1.6630631217096965,0.0222680220665716,0.0181731265365587,0.7163160729569401,172049000.0,314262000.0,172049000.0,221486000.0,51227500.0,15887500.0,85669500.0,48.17630060796884,35.14526079641054,143.2613572630398,1.868138459454753,2.560800459594025,0.628222444066005,0.0228630887603337,0.0279860106838237,2002-04-12,0.06,bmo,82799999.0,2025-04-25,2002-03-31,0.1666666666666668,6.613833333333333,971226.6666666666
2001-12-31,IDXX,USD,874716,2002-03-21,2002-03-21 00:00:00,2001,Q4,95132000.0,51600000.0,43532000.0,0.4575957617,6437000,22226000.0,0.0,22226000.0,0.0,28663000.0,80263000.0,0.0,0.0,6825000.0,21694000.0,0.2280410377,14869000.0,0.1562986167,487000.0,15356000.0,0.1614178195,5528000.0,9828000.0,0.1033090863,0.0725,0.0725,135532000,135532000,https://www.sec.gov/Archives/edgar/data/874716/000087471602000001/0000874716-02-000001-index.htm,https://www.sec.gov/Archives/edgar/data/874716/000087471602000001/final10k2001.htm,0.7019154148097866,0.072514240179441,0.1162529882241832,0.0767641590177965,0.5870126612165393,2.226263908154532,2.226263908154532,2.226263908154532,0.0618304164330195,966004330.0,907718330.0,24.57275971713472,10.154357419164947,61.31025196750445,92.84932045367168,3.2015521492725285,3.2015521492725285,9.541671887482655,41.84190697888817,57.61096280781924,87.24705209534794,0.0101738674401179,0.010770138059319,0.0277731746926059,0.0224600449736938,-2.6867336590762423,3.300446922678174,0.0,1.6031746031746033,0.0,0.0,0.2336332674599504,0.0676638775596013,0.0,0.3396801218583397,0.0562586721607871,0.7841758241758242,0.0,1.9058610400870315,0.0306869011826832,0.0263409692125851,0.6593129297877992,164199000.0,301730000.0,164199000.0,213414000.0,25386000.0,12126500.0,85018000.0,48.033048816381445,18.988953488372093,150.33837209302325,1.8737099188529112,4.739597685312758,0.5986495579738729,0.0325721671693235,0.0394888292063866,2002-01-25,0.07,bmo,95132000.0,2025-04-25,2001-12-31,0.0,6.6878125,1221175.0
2001-09-30,IDXX,USD,874716,2001-11-09,2001-11-09 00:00:00,2001,Q3,97522000.0,51101000.0,46421000.0,0.4760054142,6956000,24018000.0,13449000.0,24018000.0,0.0,30974000.0,82075000.0,0.0,0.0,5082000.0,15447000.0,0.1583950288,15447000.0,0.1583950288,517000.0,15964000.0,0.1636963967,5747000.0,10217000.0,0.1047661041,0.0775,0.075,131832258,136226667,https://www.sec.gov/Archives/edgar/data/874716/000087471601500012/0000874716-01-500012-index.htm,https://www.sec.gov/Archives/edgar/data/874716/000087471601500012/q30110q.htm,0.7397430756287281,0.0775000000379269,0.1687371538459122,0.1397457669275451,0.6020150242742561,2.191170843785441,2.360825830655195,2.191170843785441,0.0645289713538851,783413193.165,722883193.165,19.16935482932857,8.03319449114046,35.21749575927174,42.52364941459046,2.7120203871158703,2.7120203871158703,7.412514029295953,46.79764311290218,32.496434846707125,39.23808246023992,0.0130416491439506,0.0235163259448961,0.0294495390612288,0.023442753056073,-3.9185602382339617,3.18753799802748,0.0,2.177253596946266,0.0,0.0,0.2462828900145608,0.071327495334386,-0.0616340207890124,0.1718138907619689,0.0391911568671684,0.7520661157024794,0.0,1.9547005296772992,0.0332447312293116,0.0265204412719013,0.3585541256526153,161915000.0,311233000.0,161915000.0,188578000.0,0.0,12197500.0,81676000.0,0.0,23.540439521731475,147.66403788575568,0.0,3.823208140056861,0.6094916628897211,0.0353692183600065,0.0289913869183671,2001-10-15,0.07,bmo,85312500.0,2025-04-25,2001-09-30,0.1428571428571427,6.079279661016949,1436671.186440678
2001-06-30,IDXX,USD,874716,2001-08-14,2001-08-14 00:00:00,2001,Q2,102001000.0,52488000.0,49513000.0,0.4854168096,7608000,26857000.0,15983000.0,26857000.0,0.0,34465000.0,86953000.0,0.0,0.0,5173000.0,15048000.0,0.1475279654,15048000.0,0.1475279654,524000.0,15572000.0,0.1526651699,5606000.0,9966000.0,0.0977049245,0.075,0.0725,132880000,137462069,https://www.sec.gov/Archives/edgar/data/874716/000087471601500009/0000874716-01-500009-index.htm,https://www.sec.gov/Archives/edgar/data/874716/000087471601500009/q20110qb.htm,0.7676173991571342,0.075,0.115307043949428,0.0733970499698976,0.5133654425045153,2.0769942805538832,2.0769942805538832,2.0769942805538832,0.0639298615291992,1038125000.0,997125000.0,26.041666666666668,10.177596298075509,67.75388330505156,106.44160771044808,3.7614451195872327,3.7614451195872327,9.775639454515153,66.26295853269538,65.07799242918679,102.23777299292526,0.0096,0.0093948223961468,0.0307799892025464,0.0247948116236442,-2.72461456671983,3.351570826015821,0.0,1.537427252659041,0.0,0.0,0.2633013401829394,0.074587504044078,0.0,0.3634642996997781,0.0545975039460397,1.0765513241832592,0.0,1.8721452530278408,0.0338527825341538,0.0290882981331652,0.3111830222757375,156664000.0,275991000.0,156664000.0,204790000.0,0.0,11082000.0,78501000.0,0.0,18.91117969821673,136.33401920438956,0.0,4.759089672681114,0.6601433781914224,0.0361098731480374,0.0419099939795304,2001-07-17,0.07,bmo,102000000.0,2025-04-25,2001-06-30,0.0,6.7317559523809525,1189193.650793651
2001-03-31,IDXX,USD,874716,2001-05-15,2001-05-15 00:00:00,2001,Q1,91426000.0,42412000.0,49014000.0,0.536105703,7425000,25252000.0,14874000.0,25252000.0,0.0,32677000.0,75089000.0,0.0,0.0,5149000.0,21486000.0,0.2350097346,11188000.0,0.1223721917,701000.0,11889000.0,0.1300395949,4280000.0,7609000.0,0.0832257782,0.0575,0.055,132330435,138345455,https://www.sec.gov/Archives/edgar/data/874716/000087471601500007/0000874716-01-500007-index.htm,https://www.sec.gov/Archives/edgar/data/874716/000087471601500007/form10q101a.htm,0.6908917060538643,0.0574999999055394,-0.0525880535343211,-0.0725229989608966,0.3442292016949842,1.9432037686568475,1.9432037686568475,1.9432037686568475,0.0640291101589743,725749729.453125,706352729.453125,23.845108734824716,7.938110925263327,-104.28937052063874,-75.62256220205533,2.8223365395132123,2.8223365395132123,7.725950270744919,32.87502231467584,-101.5020447554426,-73.60140975858342,0.0104843304671069,-0.0132235667621008,0.0329502809698808,0.0262657011420139,-0.9027738992832542,3.15636508106291,0.0,-0.9145748455776056,0.0,0.0,0.2762015181676984,0.0812132216218581,0.0,-0.3790774536571346,0.0288539365169645,0.5123324917459701,0.0,1.585566104446543,0.0269573509382548,0.0235873622081416,0.1424842289681886,141119000.0,257145000.0,141119000.0,186648000.0,28633000.0,12424500.0,71713500.0,0.0,23.628925775723857,164.44119588795624,0.0,3.808890884598114,0.5473081092241779,0.0295903089696474,0.0199349454265755,2001-04-12,0.06,bmo,91400000.0,2025-04-25,2001-03-31,0.0,5.671622983870968,1010238.7096774194
2000-12-31,IDXX,USD,874716,2001-03-29,2001-03-29 00:00:00,2000,Q4,92619000.0,44320000.0,48299000.0,0.5214804738,7556000,21014000.0,0.0,21014000.0,5379000.0,33949000.0,78269000.0,0.0,0.0,5379000.0,19729000.0,0.2130124488,14350000.0,0.1549358123,1085000.0,15435000.0,0.1666504713,5634000.0,9801000.0,0.10582062,0.0741,0.0741,132330435,132330435,https://www.sec.gov/Archives/edgar/data/874716/000087471601500005/0000874716-01-500005-index.htm,https://www.sec.gov/Archives/edgar/data/874716/000087471601500005/final10kb.htm,0.6999070168551929,0.0740645944374021,0.0695682742975945,0.0406784727942593,0.5682970814688246,1.9779803489650736,1.9779803489650736,1.9779803489650736,0.0640215533184032,727817392.5,690282392.5,18.56487584175084,7.858186684157678,79.05902590701716,135.20664917332343,2.7806140758060267,2.7806140758060267,7.452924264999622,34.98820986872117,74.98179366717358,128.23377159576444,0.0134662898977094,0.0073960859625926,0.0323671331476578,0.0252296036879534,-1.9025292716305944,2.9146916231144244,0.0,0.9392919089888788,0.0,0.0,0.2268864919724894,0.0815815329468035,0.0,0.4152726482728655,0.0412766279057212,0.71072690091095,0.0,1.8155473080873183,0.0337209478842217,0.0291873637565664,0.5824132596556492,141781000.0,261747000.0,141781000.0,187442000.0,59813500.0,15814000.0,64402500.0,55.64668156641726,27.848826714801444,133.8932761732852,1.6173471169629448,3.2317339944582177,0.6721771441571245,0.0374445552384554,0.0288898015033351,2001-01-25,0.07,bmo,92619000.0,2025-04-25,2000-12-31,0.0,5.813554063492063,1229212.6984126985
2000-09-30,IDXX,USD,874716,2000-11-13,2000-11-13 00:00:00,2000,Q3,90384000.0,42704000.0,47680000.0,0.5275269959,6750000,22689000.0,0.0,22689000.0,4727000.0,34166000.0,76870000.0,0.0,0.0,4727000.0,18241000.0,0.2018166932,13514000.0,0.1495176137,1199000.0,14713000.0,0.162783236,5444000.0,9269000.0,0.1025513365,0.0675,0.065,137318519,142600000,https://www.sec.gov/Archives/edgar/data/874716/000087471600000014/0000874716-00-000014-index.htm,https://www.sec.gov/Archives/edgar/data/874716/000087471600000014/0000874716-00-000014-0001.txt,0.6582069240056397,0.0674999997633239,0.0708353110041916,0.0339502642028931,0.626310279387735,1.9400442266639943,1.9400442266639943,1.9400442266639943,0.0620819395816524,918317595.8125,888116595.8125,24.76851860536465,10.160178746376571,94.40912879741956,196.97932128110253,3.447086364365775,3.447086364365775,9.826037747969773,48.687933545995286,91.30426604425826,190.50120030298152,0.0100934579085344,0.0050766750209933,0.0320002702662122,0.0240574556947736,-1.6556658077956252,2.6623197962617677,0.0,1.0494120185564786,0.0,0.0,0.2510289431757833,0.0746813595326606,0.0,0.5207155340803947,0.0560386794122853,1.0715041252379944,0.0,1.7165203636761197,0.0309667058898331,0.0261570154644993,0.5553056540028661,146211000.0,266404000.0,146211000.0,187964000.0,62827500.0,18411000.0,59808500.0,62.096056824216674,37.75430872986137,132.50046834020233,1.4493673930822148,2.383833872948532,0.6792428821377445,0.0347930211258089,0.0368850468012985,2000-10-13,0.07,bmo,90900000.0,2025-04-25,2000-09-30,0.0,6.250992063492063,1006679.3650793652
2000-06-30,IDXX,USD,874716,2000-08-14,2000-08-14 00:00:00,2000,Q2,93552000.0,42007000.0,51545000.0,0.5509769968,7193000,25628000.0,0.0,25628000.0,4845000.0,37666000.0,79673000.0,0.0,0.0,4845000.0,18724000.0,0.2001453737,13879000.0,0.1483559945,1366000.0,15245000.0,0.1629574996,5717000.0,9528000.0,0.1018471011,0.0675,0.065,141155556,146584615,https://www.sec.gov/Archives/edgar/data/874716/000087471600000011/0000874716-00-000011-index.htm,https://www.sec.gov/Archives/edgar/data/874716/000087471600000011/0000874716-00-000011-0001.txt,0.6627581843112148,0.0674999997874685,0.0670820211993639,0.0441357051507062,0.8814176609527151,2.0477408625700853,2.0477408625700853,2.0477408625700853,0.0239168764990022,807233335.875,736955335.875,21.180555622244963,8.628712757343509,85.25011467684021,129.5719640248796,2.7927117656979763,2.7927117656979763,7.877494183716008,39.35886220225379,77.82821162477558,118.29138617576244,0.0118032786513606,0.0077177189334568,0.0116796402006573,0.0089765986242618,-3.7533646656697286,3.0532060340766782,0.0,0.9938077246011756,0.0,0.0,0.2739439028561655,0.0768877201983923,0.0,0.3420635758791847,0.0346224559603215,0.6685242518059855,0.0,1.763521030562467,0.0296630983578531,0.0253344288187104,0.8021079949555794,178709000.0,289050000.0,178709000.0,218213000.0,62990000.0,17653500.0,51967000.0,60.89084145715752,40.51039112528864,121.58045087723475,1.478054791923405,2.221652210704464,0.7402505859340582,0.0329631551634665,0.0229463160486576,2000-07-18,0.07,bmo,94100000.0,2025-04-25,2000-06-30,0.0,6.128224206349207,1091574.603174603
2000-03-31,IDXX,USD,874716,2000-05-12,2000-05-12 00:00:00,2000,Q1,90878000.0,41744000.0,49134000.0,0.5406589053,6794000,26302000.0,0.0,26302000.0,4530000.0,37626000.0,79370000.0,0.0,0.0,4530000.0,16038000.0,0.1764783556,11508000.0,0.1266313079,1346000.0,12854000.0,0.1414423733,4820000.0,8034000.0,0.0884042342,0.0575,0.055,139721739,146072727,https://www.sec.gov/Archives/edgar/data/874716/000087471600000003/0000874716-00-000003-index.html,https://www.sec.gov/Archives/edgar/data/874716/000087471600000003/,0.6504213349362907,0.0575000000536781,-0.0011594473498501,-0.0254434279550442,0.7897840435553125,2.067058441063348,2.067058441063348,2.067058441063348,0.0251857729884109,814315760.109375,749465760.109375,25.33967388938807,8.960537865153007,-5026.640494502315,-229.06209848364972,2.819525991244768,2.819525991244768,8.246943815988192,46.73062477300006,-4626.331852527006,-210.82018568477497,0.0098659517518375,-0.0043656283890692,0.0121843545823768,0.0097263143929552,-4.043521636114229,3.313444491635726,0.0,-0.0201643017176997,0.0,0.0,0.2894209819758357,0.074759567772178,0.0,-20.944444444444443,0.0373357688329408,0.7490066225165563,0.0,1.635315523262166,0.0246046406872273,0.02220551572407,0.7727430303454783,168856000.0,288813000.0,168856000.0,208178000.0,60519500.0,19109000.0,47343500.0,62.08037148704857,35.356218857799924,101.73509965504024,1.4497335928277446,2.545521068357827,0.8846504333820756,0.0278173073926727,0.0242839806051941,2000-04-14,0.05,bmo,76166666.0,2025-04-25,2000-03-31,0.1999999999999999,5.366567476190476,1766901.5873015872
1999-12-31,IDXX,USD,874716,2000-03-29,2000-03-29 00:00:00,1999,Q4,88600000.0,41100000.0,47500000.0,0.5361173815,6300000,24000000.0,0.0,24000000.0,4400000.0,34700000.0,75800000.0,0.0,0.0,4400000.0,17200000.0,0.1941309255,12800000.0,0.144469526,1600000.0,14400000.0,0.1625282167,5500000.0,8900000.0,0.1004514673,0.0637,0.0637,139721739,139721739,https://www.sec.gov/Archives/edgar/data/874716/000095013500001781/0000950135-00-001781-index.html,https://www.sec.gov/Archives/edgar/data/874716/000095013500001781/,0.6341175012143243,0.0636980334176917,0.1409945234076996,0.1044934031346403,0.4194050290198578,2.034758528162894,2.034758528162894,2.034758528162894,0.0257654966633359,563253260.34375,508253260.34375,15.821720796172754,6.357260274760158,28.591536058058377,38.578990434503424,1.9811933181278576,1.9811933181278576,5.736492780403499,29.54960815952035,25.799657885469543,34.81186714683219,0.0158010625532258,0.0259208441884379,0.0126626802673232,0.0099944475291504,-3.197674418604651,3.0781456953642383,0.0,2.213483146067416,0.0,0.0,0.2708803611738149,0.0711060948081264,0.0,0.2588832487309644,0.0575620767494356,1.1590909090909092,0.0,1.7076965849607764,0.0274459782583136,0.0247084952803997,0.3593911037709028,156900000.0,284300000.0,156500000.0,196500000.0,57126500.0,16509500.0,47950000.0,59.27505643340857,47.77883211678832,104.01459854014598,1.5183452436035851,1.883679362023924,0.8652631578947368,0.0313049595497713,0.0365011202730592,2000-01-28,0.06,bmo,88600000.0,2025-04-25,1999-12-31,0.0,4.20263671875,1241393.75
1999-09-30,IDXX,USD,874716,1999-11-12,1999-11-12 00:00:00,1999,Q3,86400000.0,40700000.0,45700000.0,0.5289351852,6300000,23200000.0,0.0,23200000.0,4200000.0,33700000.0,74400000.0,0.0,0.0,4300000.0,16300000.0,0.1886574074,12000000.0,0.1388888889,1600000.0,13600000.0,0.1574074074,5200000.0,8400000.0,0.0972222222,0.055,0.0525,152727273,160000000,https://www.sec.gov/Archives/edgar/data/874716/000095013599005211/0000950135-99-005211-index.html,https://www.sec.gov/Archives/edgar/data/874716/000095013599005211/,0.5657142847040816,0.0549999999017857,0.0694047617808248,0.0589285713233418,0.7916071414435587,2.021249996390625,2.021249996390625,2.021249996390625,0.0549999999017857,657443259.355824,591143259.355824,19.566763671304283,7.609296983285,62.02294899583245,73.049251039536,2.129715773747405,2.129715773747405,6.841935872173889,36.266457629191656,55.76823201470037,65.68258437286933,0.0127767680031132,0.0136893942890499,0.0272108843537414,0.0219263899765074,-4.067484662576687,3.4786324786324787,0.0,1.261904761904762,0.0,0.0,0.2685185185185185,0.0729166666666666,0.0,0.1509433962264151,0.0185185185185185,0.3720930232558139,0.0,1.581548881971973,0.0233735878457343,0.0219263899765074,0.7374255939212638,174000000.0,308700000.0,169800000.0,214100000.0,56900000.0,12450000.0,47950000.0,58.22916666666666,24.766584766584764,107.02702702702702,1.5456171735241502,3.633928571428571,0.8409090909090909,0.0272108843537414,0.0104761904574829,1999-10-15,0.05,bmo,86400000.0,2025-04-25,1999-09-30,0.0,4.5504150625,1319300.0
1999-06-30,IDXX,USD,874716,1999-08-13,1999-08-13 00:00:00,1999,Q2,91500000.0,42700000.0,48800000.0,0.5333333333,7500000,25500000.0,0.0,25500000.0,4200000.0,37200000.0,79900000.0,0.0,0.0,4200000.0,15800000.0,0.1726775956,11600000.0,0.1267759563,1300000.0,12900000.0,0.1409836066,4900000.0,8000000.0,0.087431694,0.05,0.05,160000000,160000000,https://www.sec.gov/Archives/edgar/data/874716/000095013599004027/0000950135-99-004027-index.html,https://www.sec.gov/Archives/edgar/data/874716/000095013599004027/,0.571875,0.05,0.15,0.1375,0.669375,2.059375,2.059375,2.059375,0.059375,932500000.0,834900000.0,29.140625,10.191256830601093,38.85416666666667,42.38636363636363,2.8300455235204853,2.8300455235204853,9.124590163934426,52.84177215189873,34.7875,37.95,0.0085790884718498,0.0235924932975871,0.0288315629742033,0.0232160312805474,-6.177215189873418,3.589403973509934,0.0,3.0,0.0,0.0,0.2786885245901639,0.081967213114754,0.0,0.0833333333333333,0.0218579234972677,0.4761904761904761,0.0,1.5221027806951803,0.0212206443941368,0.0195503421309872,0.59109375,195500000.0,329500000.0,191300000.0,236800000.0,57950000.0,12850000.0,47150000.0,56.950819672131146,28.87587822014051,100.11709601873535,1.5803108808290156,3.116788321167883,0.8989473684210526,0.0242792109256449,0.0125,1999-07-16,0.05,bmo,91500000.0,2025-04-25,1999-06-30,0.0,6.018849238095238,1061047.619047619
1999-03-31,IDXX,USD,874716,1999-05-17,1999-05-17 00:00:00,1999,Q1,89600000.0,40500000.0,49100000.0,0.5479910714,7200000,27300000.0,0.0,27300000.0,4300000.0,38800000.0,79300000.0,0.0,0.0,4300000.0,14600000.0,0.1629464286,10300000.0,0.1149553571,1500000.0,11800000.0,0.1316964286,4500000.0,7300000.0,0.0814732143,0.0475,0.045,153684211,162222222,https://www.sec.gov/Archives/edgar/data/874716/000095013599002771/0000950135-99-002771-index.html,https://www.sec.gov/Archives/edgar/data/874716/,0.5830136968331769,0.0474999998535958,-0.0110616438015223,-0.0351369861930709,0.5940753406346992,2.0678767059551744,2.0678767059551744,2.0678767059551744,0.0637671230911287,919703950.203125,838203950.203125,31.49671062339469,10.264553015659878,-541.0023236488971,-170.31554633391204,2.8939708942829614,2.8939708942829614,9.354954801374165,57.411229465967466,-493.0611471783088,-155.22295374131946,0.007937336790157,-0.0058714546118969,0.0308370044052863,0.0252837977296181,-5.582191780821918,3.8033536585365857,0.0,-0.2328767123287671,0.0,0.0,0.3046875,0.0803571428571428,0.0,-2.176470588235294,0.0412946428571428,0.8604651162790697,0.0,1.4866214120204968,0.0194506529252291,0.0188338493292053,0.5752054776791612,183900000.0,317800000.0,179700000.0,225600000.0,52950000.0,19400000.0,51100000.0,58.25892857142858,26.666666666666668,104.0,1.5448275862068963,3.375,0.8653846153846154,0.0229704216488357,0.0240753423915486,1999-04-16,0.05,bmo,89600000.0,2025-04-25,1999-03-31,0.0,6.165599393442623,1442800.0
1998-12-31,IDXX,USD,874716,1999-03-31,1999-03-31 00:00:00,1998,Q4,82700000.0,36600000.0,46100000.0,0.5574365175,6400000,25500000.0,0.0,25500000.0,4200000.0,36100000.0,72700000.0,0.0,0.0,4200000.0,14200000.0,0.1717049577,10000000.0,0.1209189843,-35600000.0,-25600000.0,-0.3095525998,4500000.0,-30100000.0,-0.3639661427,-0.2,-0.2,153684211,153684211,https://www.sec.gov/Archives/edgar/data/874716/000095013599001697/0000950135-99-001697-index.html,https://www.sec.gov/Archives/edgar/data/874716/,0.5381164366975864,-0.1958561637798954,0.0299315067570604,-0.2420547937744886,0.7098972580859331,2.0028082130050437,2.0028082130050437,2.0028082130050437,0.0611643833731234,1033766527.3967928,934066527.3967928,-8.586100725886984,12.5001998476033,224.7318537819115,-27.78942277948368,3.3585657160389637,3.3585657160389637,11.294637574326396,65.7793329152671,203.05794073843325,-25.10931525260196,-0.0291168259005223,-0.0359849144019744,0.0305393112410656,0.0240717029449423,-7.02112676056338,3.354140127388535,0.0,-0.1528239202657807,0.0,0.0,0.3083434099153567,0.0773881499395405,0.0,9.08695652173913,0.5054413542926239,9.952380952380953,0.0,,0.0370675047288776,-0.0770806658130601,0.5857791077835576,184800000.0,307800000.0,180600000.0,226300000.0,45900000.0,17150000.0,49200000.0,52.12817412333737,65.90163934426229,136.2295081967213,1.7265135699373697,1.3656716417910448,0.6606498194945848,-0.0977907732293697,0.2719863005315491,1999-02-05,0.03942,bmo,82700000.0,2025-04-25,1998-12-31,0.0147133434804668,5.993286140625,1433381.25
1998-09-30,IDXX,USD,874716,1998-11-12,1998-11-12 00:00:00,1998,Q3,78500000.0,34700000.0,43800000.0,0.5579617834,5200000,26900000.0,0.0,26900000.0,3800000.0,35900000.0,70600000.0,0.0,0.0,3800000.0,11700000.0,0.149044586,7900000.0,0.1006369427,1900000.0,9800000.0,0.1248407643,3800000.0,6000000.0,0.076433121,0.04,0.0375,150000000,160000000,https://www.sec.gov/Archives/edgar/data/874716/000095013598005837/0000950135-98-005837-index.html,https://www.sec.gov/Archives/edgar/data/874716/,0.5233333333333333,0.04,0.0906666666666666,0.0753333333333333,0.9246666666666666,2.1466666666666665,2.1466666666666665,2.1466666666666665,0.01,895312500.0,758112500.0,37.3046875,11.405254777070065,65.83180147058823,79.23119469026548,2.7804736024844723,2.7804736024844723,9.65748407643312,64.79594017094017,55.74356617647059,67.08960176991151,0.0067015706806282,0.0126212914485165,0.0046583850931677,0.0039432176656151,-11.726495726495726,4.763293310463122,0.0,2.2666666666666666,0.0,0.0,0.3426751592356687,0.0662420382165605,0.0,0.1691176470588235,0.0292993630573248,0.6052631578947368,0.0,1.3899640283115242,0.0149466461491889,0.0157728706624605,0.8981666666666667,219400000.0,322000000.0,219300000.0,259500000.0,46550000.0,11600000.0,47000000.0,50.3312101910828,19.45244956772334,111.52737752161384,1.7881548974943051,4.626666666666667,0.8069767441860465,0.0186335403726708,0.0153333333333333,1998-10-16,0.0416,bmo,78500000.0,2025-04-25,1998-09-30,-0.0384615384615383,5.519165046875,942306.25
1998-06-30,IDXX,USD,874716,1998-08-12,1998-08-12 00:00:00,1998,Q2,80900000.0,36600000.0,44300000.0,0.5475896168,4900000,29400000.0,0.0,29400000.0,3300000.0,37600000.0,74200000.0,0.0,0.0,3300000.0,10000000.0,0.1236093943,6700000.0,0.0828182942,1700000.0,8400000.0,0.1038318912,3300000.0,5100000.0,0.0630407911,0.0325,0.0325,156923077,156923077,https://www.sec.gov/Archives/edgar/data/874716/000095013598004656/0000950135-98-004656-index.html,https://www.sec.gov/Archives/edgar/data/874716/,0.5155392154335592,0.0324999999840686,0.1223529411164936,0.1153431371983612,0.8258823525363321,2.00098039117599,2.00098039117599,2.00098039117599,0.0159313725412101,975865385.09375,848765385.09375,47.83653848498775,12.062612918340545,50.82632214029948,53.91521464606354,3.107851544884554,3.107851544884554,10.491537516610013,84.876538509375,44.20653047363281,46.89311519854972,0.0052261306507045,0.0185476401525002,0.0079617834394904,0.0064834024896265,-12.71,3.981843575418994,0.0,3.764705882352941,0.0,0.0,0.3634116192830655,0.0605686032138442,0.0,0.0572916666666666,0.0135970333745364,0.3333333333333333,0.0,1.209635031871258,0.0128526292033401,0.0132261410788381,0.767254901584679,213500000.0,314000000.0,213500000.0,253900000.0,50450000.0,14350000.0,53400000.0,54.73423980222497,38.60655737704918,125.40983606557376,1.6443089430894309,2.3312101910828025,0.7176470588235294,0.0162420382165605,0.0070098039181324,1998-07-17,0.03323,bmo,101125000.0,2025-04-25,1998-06-30,-0.0972013241047247,5.453621047619047,1448761.9047619049
1998-03-31,IDXX,USD,874716,1998-05-14,1998-05-14 00:00:00,1998,Q1,77800000.0,34300000.0,43500000.0,0.559125964,5000000,29300000.0,0.0,29300000.0,4600000.0,38900000.0,73200000.0,0.0,0.0,4600000.0,9200000.0,0.118251928,4600000.0,0.059125964,1600000.0,6200000.0,0.0796915167,2400000.0,3800000.0,0.0488431877,0.025,0.025,152000000,152000000,https://www.sec.gov/Archives/edgar/data/874716/000095013598003289/0000950135-98-003289-index.html,https://www.sec.gov/Archives/edgar/data/874716/,0.5118421052631579,0.025,0.0572368421052631,0.0381578947368421,0.7164473684210526,2.0164473684210527,2.0164473684210527,2.0164473684210527,0.0171052631578947,684000000.0,577700000.0,45.0,8.791773778920309,78.62068965517241,117.93103448275862,2.231647634584013,2.231647634584013,7.425449871465296,62.79347826086956,66.40229885057471,99.60344827586206,0.0055555555555555,0.0084795321637426,0.0084828711256117,0.0069241011984021,-11.554347826086955,3.843478260869565,0.0,2.289473684210526,0.0,0.0,0.3766066838046272,0.0642673521850899,0.0,0.3333333333333333,0.0372750642673521,0.6304347826086957,0.0,1.0650125091926583,0.0091211738554179,0.0101198402130492,0.7011513157894737,196200000.0,306500000.0,196200000.0,237700000.0,49500000.0,12750000.0,58000000.0,59.80719794344473,34.11078717201166,146.4139941690962,1.504835589941973,2.6384615384615384,0.6146953405017921,0.0123980424143556,0.019078947368421,1998-04-17,0.03526,bmo,77800000.0,2025-04-25,1998-03-31,-0.1491775382870108,4.029713131147541,1221973.7704918033
1997-12-31,IDXX,USD,874716,1998-03-27,1998-03-27 00:00:00,1997,Q4,71800000.0,35700000.0,36100000.0,0.5027855153,5100000,28000000.0,0.0,28000000.0,3900000.0,37000000.0,72700000.0,0.0,0.0,3900000.0,3000000.0,0.0417827298,-900000.0,-0.0125348189,-4900000.0,-5800000.0,-0.0807799443,-2700000.0,-3100000.0,-0.0431754875,-0.0204,-0.0204,152000000,152000000,https://www.sec.gov/Archives/edgar/data/874716/000095013598001914/0000950135-98-001914-index.html,https://www.sec.gov/Archives/edgar/data/874716/,0.4723684210526316,-0.0203947368421052,0.0236842105263157,-0.1348684210526315,0.7039473684210527,1.9914473684210523,1.9914473684210523,1.9914473684210523,0.0269736842105263,605625000.0,502725000.0,-48.84072580645161,8.434888579387186,168.22916666666666,-29.54268292682927,2.000743310208127,2.000743310208127,7.001740947075209,167.575,139.64583333333334,-24.52317073170732,-0.0051186790505675,-0.0338493292053663,0.0135447637925338,0.0108753315649867,-34.3,3.690444145356662,0.0,-1.1612903225806452,0.0,0.0,0.3899721448467966,0.0710306406685236,0.0,6.694444444444445,0.3356545961002785,6.17948717948718,0.0,,-0.0015679090050802,-0.0082228116710875,0.6465460526315789,199900000.0,302700000.0,199900000.0,240900000.0,48000000.0,11200000.0,61600000.0,59.289693593314766,31.512605042016805,151.76470588235293,1.517970401691332,2.856,0.5930232558139535,-0.0102411628675256,0.1585526315789473,1998-02-12,0.02584,bmo,71800000.0,2025-04-25,1997-12-31,-0.2260061919504643,4.0647583125,1591075.0
1997-09-30,IDXX,USD,874716,1997-11-14,1997-11-14 00:00:00,1997,Q3,71700000.0,32100000.0,39600000.0,0.5523012552,4600000,29300000.0,0.0,29300000.0,3700000.0,37600000.0,69700000.0,0.0,0.0,3700000.0,5700000.0,0.0794979079,2000000.0,0.0278940028,-26400000.0,-24400000.0,-0.340306834,-7500000.0,-16900000.0,-0.2357043236,-0.11,-0.11,153636364,153636364,https://www.sec.gov/Archives/edgar/data/874716/000095013597004594/0000950135-97-004594-index.html,https://www.sec.gov/Archives/edgar/data/874716/,0.4666863894279612,-0.1099999997396449,0.0130177514484786,-0.0032544378621196,0.6866863889072512,1.985207095893001,1.985207095893001,1.985207095893001,0.0227810650348377,643352274.25,541352274.25,-9.517045477071006,8.972835066248257,321.676137125,-1286.7045485,2.109351718852459,2.109351718852459,7.550240923988842,94.97408320175438,270.676137125,-1082.7045485,-0.0262686566542435,-0.0007771791909539,0.0114754098360655,0.0093333333333333,-17.894736842105264,3.8728571428571423,0.0,-0.119047619047619,0.0,0.0,0.4086471408647141,0.0641562064156206,0.0,1.25,0.0348675034867503,0.6756756756756757,0.0,,0.0044902622419427,-0.0450666666666666,0.6738313593518784,201100000.0,305000000.0,201100000.0,243600000.0,47600000.0,16900000.0,67150000.0,61.12970711297071,27.75700934579439,176.63551401869157,1.4722792607802877,3.242424242424242,0.5095238095238095,-0.0554098360655737,0.0162721893105983,1997-10-17,0.01067,bmo,78870000.0,2025-04-25,1997-09-30,0.8744142455482661,3.93701171875,1954656.25
1997-06-30,IDXX,USD,874716,1997-08-14,1997-08-14 00:00:00,1997,Q2,58900000.0,26200000.0,32700000.0,0.5551782683,3800000,30300000.0,0.0,30300000.0,3800000.0,37900000.0,64100000.0,0.0,0.0,3800000.0,-1400000.0,-0.0237691002,-5200000.0,-0.0882852292,1600000.0,-3600000.0,-0.0611205433,-1500000.0,-2100000.0,-0.0356536503,-0.0125,-0.0125,168000000,168000000,https://www.sec.gov/Archives/edgar/data/874716/000095013597003527/0000950135-97-003527-index.html,https://www.sec.gov/Archives/edgar/data/874716/,0.350595238095238,-0.0125,0.0636904761904761,0.0416666666666666,0.7095238095238096,1.9172619047619048,1.9172619047619048,1.9172619047619048,0.0267857142857142,522375000.0,407675000.0,-62.1875,8.868845500848897,48.820093457943926,74.625,1.6217789506364482,1.6217789506364482,6.921477079796265,-291.19642857142856,38.10046728971962,58.239285714285714,-0.0040201005025125,0.0134003350083752,0.0139708165166097,0.0119079121460703,81.92857142857143,5.120287253141831,0.0,-5.095238095238095,0.0,0.0,0.5144312393887945,0.064516129032258,0.0,0.3457943925233644,0.0628183361629881,0.9736842105263158,0.0,,-0.0092847668605244,-0.0055570256681661,0.797172619047619,229500000.0,322100000.0,229400000.0,270600000.0,54400000.0,20700000.0,66100000.0,71.05263157894736,82.09923664122137,244.92366412213732,1.2666666666666666,1.096234309623431,0.367461430575035,-0.0065197143744178,0.0220238095238095,1997-07-18,-0.01129,bmo,58900000.0,2025-04-25,1997-06-30,0.1071744906997343,3.3143310625,4190437.5
1997-03-31,IDXX,USD,874716,1997-05-15,1997-05-15 00:00:00,1997,Q1,60500000.0,25900000.0,34600000.0,0.5719008264,3500000,28500000.0,0.0,28500000.0,3000000.0,35000000.0,60900000.0,0.0,0.0,3000000.0,2600000.0,0.0429752066,-400000.0,-0.0066115702,1900000.0,1500000.0,0.0247933884,600000.0,900000.0,0.0148760331,0.005,0.005,180000000,180000000,https://www.sec.gov/Archives/edgar/data/874716/000095013597002478/0000950135-97-002478-index.html,https://www.sec.gov/Archives/edgar/data/874716/,0.3361111111111111,0.005,-0.0155555555555555,-0.0444444444444444,0.61,1.7966666666666666,1.7966666666666666,1.7966666666666666,0.025,630000000.0,524700000.0,175.0,10.413223140495868,-225.0,-78.75,1.948051948051948,1.948051948051948,8.672727272727272,201.80769230769232,-187.3928571428571,-65.5875,0.0014285714285714,-0.0126984126984126,0.0139146567717996,0.0120740541990877,-40.5,5.57606490872211,0.0,-3.111111111111111,0.0,0.0,0.4710743801652892,0.0578512396694214,0.0,-1.8571428571428568,0.0859504132231405,1.7333333333333334,0.0,0.4495831402532795,-0.0007319304666056,0.0024148108398175,0.7648611111111111,225600000.0,323400000.0,225600000.0,264500000.0,64450000.0,18100000.0,54650000.0,92.67768595041322,60.810810810810814,211.62162162162164,0.971107544141252,1.48,0.425287356321839,0.0027829313543599,0.0288888888888888,1997-04-18,0.00875,bmo,60500000.0,2025-04-25,1997-03-31,-0.4285714285714286,4.216895491803278,5519567.213114754
1996-12-31,IDXX,USD,874716,1997-03-31,1997-03-31 00:00:00,1996,Q4,74600000.0,27500000.0,47100000.0,0.6313672922,3200000,26900000.0,0.0,26900000.0,3400000.0,33500000.0,61000000.0,0.0,0.0,3400000.0,17000000.0,0.2278820375,13600000.0,0.18230563,2000000.0,15600000.0,0.2091152815,6400000.0,9200000.0,0.1233243968,0.0511,0.0511,180000000,180000000,https://www.sec.gov/Archives/edgar/data/874716/000095013597001550/0000950135-97-001550-index.html,https://www.sec.gov/Archives/edgar/data/874716/,0.4144444444444444,0.0511111111111111,0.0205555555555555,0.0044444444444444,0.7094444444444444,1.7927777777777778,1.7927777777777778,1.7927777777777778,0.0166666666666666,810000000.0,685300000.0,22.01086956521739,10.857908847184987,218.9189189189189,1012.5,2.510071273628758,2.510071273628758,9.18632707774799,40.311764705882354,185.21621621621625,856.625,0.011358024691358,0.0009876543209876,0.0092965602726991,0.0080235357047338,-7.335294117647059,5.904109589041096,0.0,0.4021739130434782,0.0,0.0,0.3605898123324397,0.0428954423592493,0.0,0.7837837837837838,0.0388739946380697,0.8529411764705882,0.0,1.4358601757986202,0.0246179030709417,0.0246055094945172,0.8369444444444445,250600000.0,322700000.0,250500000.0,287000000.0,64900000.0,16400000.0,44700000.0,80.3485254691689,61.2,158.4,1.12012012012012,1.4705882352941178,0.5681818181818182,0.0285094515029439,0.0161111111111111,1997-02-14,0.06,bmo,74600000.0,2025-04-25,1996-12-31,0.0,4.7109375,2289625.0
1996-09-30,IDXX,USD,874716,1996-11-12,1996-11-12 00:00:00,1996,Q3,69800000.0,25900000.0,43900000.0,0.6289398281,3100000,24600000.0,0.0,24600000.0,3500000.0,31200000.0,57100000.0,0.0,0.0,3500000.0,16200000.0,0.2320916905,12700000.0,0.1819484241,1800000.0,14500000.0,0.2077363897,5900000.0,8600000.0,0.1232091691,0.055,0.055,156363636,156363636,https://www.sec.gov/Archives/edgar/data/874716/000095013596004788/0000950135-96-004788-index.html,https://www.sec.gov/Archives/edgar/data/874716/,0.446395349875338,0.0550000001279069,-0.0038372093112493,-0.0255813954083288,0.802616280936317,1.9768023301786104,1.9768023301786104,1.9768023301786104,0.0191860465562466,885018179.76,762518179.76,25.727272667441863,12.6793435495702,-1475.0302996,-221.25454494,2.8632098989323844,2.8632098989323844,10.924329222922635,47.06902344197531,-1270.8636329333333,-190.62954494,0.0097173145102309,-0.0045196811675492,0.0097055968942089,0.008412787436904,-7.561728395061729,6.004201680672269,0.0,-0.0705882352941176,0.0,0.0,0.3524355300859599,0.0444126074498567,0.0,-5.666666666666667,0.0487106017191977,0.9714285714285714,0.0,1.5640629428782855,0.0241423519009725,0.024116657319125,0.933081397518794,238200000.0,309100000.0,238300000.0,273800000.0,61350000.0,18750000.0,40600000.0,81.48997134670488,48.996138996139,142.4710424710425,1.1044303797468351,1.8368794326241136,0.6317073170731707,0.0278227110967324,0.0217441860970795,1996-10-18,0.05,bmo,,2025-04-25,1996-09-30,0.1999999999999999,4.86890625,2253362.5
1996-06-30,IDXX,USD,874716,1996-07-26,1996-07-26 00:00:00,1996,Q2,65900000.0,27200000.0,38700000.0,0.5872534143,3100000,23100000.0,0.0,23100000.0,1400000.0,27600000.0,54800000.0,0.0,0.0,1400000.0,12500000.0,0.1896813354,11100000.0,0.1684370258,2300000.0,13400000.0,0.2033383915,5500000.0,7900000.0,0.1198786039,0.05,0.05,158000000,158000000,https://www.sec.gov/Archives/edgar/data/874716/000095013596003210/0000950135-96-003210-index.html,https://www.sec.gov/Archives/edgar/data/874716/,0.4170886075949367,0.05,0.0677215189873417,0.0443037974683544,0.8822784810126583,1.8911392405063288,1.8911392405063288,1.8911392405063288,0.0,771040000.0,631640000.0,24.4,11.700151745068286,72.05981308411215,110.14857142857144,2.5804551539491296,2.5804551539491296,9.584825493171472,50.5312,59.03177570093458,90.23428571428572,0.0102459016393442,0.0090786470222037,0.0,0.0,-11.152,5.916,0.0,1.3544303797468351,0.0,0.0,0.3505311077389985,0.047040971168437,0.0,0.3457943925233644,0.0561456752655538,2.642857142857143,0.0,1.4586060625026966,0.0219010369837559,0.0226490825688073,0.9754746835443038,245800000.0,298800000.0,245800000.0,275800000.0,57650000.0,18700000.0,36800000.0,81.25948406676783,77.42647058823529,133.01470588235293,1.107563025210084,1.1623931623931625,0.6766169154228856,0.0264390896921017,0.0234177215189873,1996-07-19,0.05,bmo,,2025-04-25,1996-06-30,0.0,5.402063492063492,2869803.1746031744
1996-03-31,IDXX,USD,874716,1996-05-09,1996-05-09 00:00:00,1996,Q1,57400000.0,22400000.0,35000000.0,0.6097560976,2800000,0.0,0.0,20500000.0,2100000.0,25400000.0,47800000.0,0.0,0.0,2100000.0,11700000.0,0.2038327526,9600000.0,0.1672473868,2200000.0,11800000.0,0.2055749129,4800000.0,7000000.0,0.1219512195,0.045,0.045,155555556,155555556,https://www.sec.gov/Archives/edgar/data/874716/000095013596001959/0000950135-96-001959-index.html,https://www.sec.gov/Archives/edgar/data/874716/,0.3689999989457143,0.0449999998714285,-0.0372857141791836,-0.048857142717551,0.8273571404932654,1.8559285661259184,1.8559285661259184,1.8559285661259184,0.0,860222224.6800001,731522224.6800001,30.72222231,14.986449907317075,-148.31417666896553,-113.1871348263158,2.9796405427086943,2.9796405427086943,12.74428962857143,62.52326706666667,-126.12452149655174,-96.2529243,0.0081374321648152,-0.0088349263503708,0.0,0.0,-11.0,7.715083798882682,0.0,-0.8285714285714286,0.0,0.0,0.0,0.048780487804878,0.0,-0.3103448275862069,0.0313588850174216,0.8571428571428571,0.0,1.3708127763606364,0.0197260660001291,0.0215716486902927,0.9736071400754082,240400000.0,288700000.0,240400000.0,266300000.0,51550000.0,12400000.0,30800000.0,87.49128919860628,56.25,134.19642857142858,1.028673835125448,1.6,0.6706586826347305,0.0242466227918254,0.0115714285383673,1996-04-19,0.05,bmo,,2025-04-25,1996-03-31,0.0,5.92031746031746,2353257.1428571427
1995-12-31,IDXX,USD,874716,1995-12-31,1995-12-30 19:00:00,1995,Q4,54200000.0,22700000.0,31500000.0,0.5811808118,2500000,0.0,0.0,17900000.0,1300000.0,21700000.0,44400000.0,0.0,0.0,1300000.0,11100000.0,0.204797048,9800000.0,0.1808118081,2400000.0,12200000.0,0.2250922509,5100000.0,7100000.0,0.13099631,0.0526,0.0526,135000000,135000000,,,0.4014814814814815,0.0525925925925925,-0.0281481481481481,-0.02,1.105925925925926,2.067407407407408,2.067407407407408,2.067407407407408,0.0125925925925925,793800000.0,646200000.0,27.950704225352112,14.645756457564575,-208.8947368421053,-294.0,2.844141884629165,2.844141884629165,11.92250922509225,58.21621621621622,-170.05263157894737,-239.33333333333337,0.0089443184681279,-0.0034013605442176,0.0060910068075958,0.00544,-13.297297297297296,7.844311377245509,0.0,-0.5352112676056338,0.0,0.0,0.0,0.0461254612546125,0.0,-0.2894736842105263,0.0202952029520295,0.8461538461538461,0.0,1.5641074447637644,0.0203108215403297,0.02272,1.2257407407407408,228600000.0,279100000.0,228600000.0,254100000.0,42200000.0,9650000.0,26800000.0,78.54243542435424,42.819383259911895,111.80616740088108,1.145877378435518,2.101851851851852,0.8049645390070922,0.0254389107846649,0.0081481481481481,1996-02-16,0.05,bmo,,2025-04-25,1995-12-31,0.0,5.177936507936508,1782819.0476190476
1995-09-30,IDXX,USD,874716,1995-09-30,1995-09-29 20:00:00,1995,Q3,48700000.0,19600000.0,29100000.0,0.5975359343,2600000,0.0,0.0,16100000.0,1500000.0,20200000.0,39800000.0,0.0,0.0,1700000.0,10600000.0,0.2176591376,8900000.0,0.18275154,400000.0,9300000.0,0.1909650924,3900000.0,5400000.0,0.1108829569,0.04,0.04,135000000,135000000,,,0.3607407407407407,0.04,0.0414814814814814,0.0051851851851851,1.3762962962962964,2.006666666666667,1.9303703703703703,2.006666666666667,0.0125925925925925,629100000.0,445000000.0,29.125,12.917864476386036,112.33928571428572,898.7142857142857,2.3222591362126246,2.3222591362126246,9.137577002053389,41.9811320754717,79.46428571428571,635.7142857142857,0.0085836909871244,0.0011127006835161,0.0062753783684016,0.0056142668428005,-17.367924528301888,8.34375,0.0,1.037037037037037,0.0,0.0,0.0,0.0533880903490759,0.0340158520475561,0.875,0.1006160164271047,2.8823529411764706,0.0,1.3438749941865873,0.0189641905889316,0.0184615384615384,1.4401851851851852,235000000.0,260600000.0,235100000.0,269200000.0,35650000.0,9250000.0,26400000.0,68.56262833675565,39.03061224489796,116.63265306122447,1.3126684636118595,2.3058823529411763,0.7716535433070866,0.0199335548172757,0.0362962962962963,1995-10-20,0.03917,bmo,,2025-04-25,1995-09-30,0.0211896859841714,4.105714285714286,1421993.650793651
1995-06-30,IDXX,USD,874716,1995-06-30,1995-06-29 20:00:00,1995,Q2,46500000.0,18100000.0,28400000.0,0.6107526882,2700000,0.0,0.0,16300000.0,1400000.0,20400000.0,38500000.0,0.0,0.0,1500000.0,9500000.0,0.2043010753,8000000.0,0.1720430108,500000.0,8500000.0,0.1827956989,3600000.0,4900000.0,0.1053763441,0.0375,0.0375,130666667,130666667,,,0.3558673460309506,0.0374999999043367,-0.0053571428434766,-0.0696428569651967,0.2410714279564504,0.8571428549562682,0.7744897939426281,0.8571428549562682,0.0130102040484433,424666667.75,394866667.75,21.66666672193877,9.132616510752689,-606.6666682142858,-46.66666678571429,3.791666676339286,3.791666676339286,8.491756295698925,41.56491239473685,-564.0952396428571,-43.39194151098901,0.0115384615090266,-0.0214285713739067,0.0151785714285714,0.0117160578911095,-3.136842105263158,3.3987915407854983,0.0,-0.14,0.0,0.0,0.0,0.0580645161290322,0.0744314266023432,-12.0,0.1806451612903225,5.6,0.0,0.8504200621013223,0.0405608153551658,0.0364854802680565,0.2889030604874922,79400000.0,101200000.0,79400000.0,110300000.0,31900000.0,11600000.0,26050000.0,66.19354838709677,49.72375690607735,136.24309392265192,1.3596491228070176,1.81,0.6605839416058394,0.04375,0.0642857141217201,1995-07-21,0.039,bmo,,2025-04-25,1995-06-30,0.0256410256410256,2.831587301587301,1585079.365079365
1995-03-31,IDXX,USD,874716,1995-03-31,1995-03-30 19:00:00,1995,Q1,39200000.0,15000000.0,24200000.0,0.6173469388,2500000,0.0,0.0,14200000.0,1200000.0,17900000.0,32900000.0,0.0,0.0,1200000.0,7500000.0,0.1913265306,6300000.0,0.1607142857,500000.0,6800000.0,0.1734693878,2800000.0,4000000.0,0.1020408163,0.03,0.03,133333333,133333333,,,0.294000000735,0.030000000075,0.042750000106875,0.0150000000375,0.260250000650625,0.791250001978125,0.73050000182625,0.791250001978125,0.0,345333332.47,310633332.47,21.583333279375,8.8095237875,60.58479517017544,172.66666623499998,3.273301729573459,3.273301729573459,7.924319705867347,41.417777662666666,54.497075871929816,155.316666235,0.0115830116119691,0.0057915058059845,0.0,0.0,-4.626666666666667,3.618421052631579,0.0,1.425,0.0,0.0,0.0,0.0637755102040816,0.0596026490066225,0.6491228070175439,0.0943877551020408,3.083333333333333,0.0,0.7308171814280702,0.0351268469473097,0.0312989045383411,0.2913750007284375,79600000.0,97400000.0,79600000.0,103900000.0,27700000.0,11200000.0,22750000.0,67.95918367346938,79.2,148.20000000000002,1.3243243243243243,1.1363636363636365,0.6072874493927125,0.0379146919431279,0.027750000069375,1995-04-21,0.02889,bmo,,2025-04-25,1995-03-31,0.0384215991692627,2.411269841269841,2004266.6666666667
1994-12-31,IDXX,USD,874716,1994-12-31,1994-12-30 19:00:00,1994,Q4,36000000.0,14000000.0,22000000.0,0.6111111111,1900000,0.0,0.0,11700000.0,1400000.0,15000000.0,29000000.0,0.0,0.0,1400000.0,8400000.0,0.2333333333,7000000.0,0.1944444444,400000.0,7400000.0,0.2055555556,3100000.0,4300000.0,0.1194444444,0.0328,0.0328,130909091,130909091,,,0.2749999998090278,0.0328472221994116,0.0190972222089602,0.0084027777719425,0.1924999998663194,0.7623611105816936,0.699722221736304,0.7623611105816936,0.0,294545454.75,269345454.75,17.12473574127907,8.1818181875,117.8181819,267.7685952272727,2.951357262024048,2.951357262024048,7.4818181875,32.06493508928571,107.7381819,244.85950431818185,0.0145987654219607,0.0037345678986411,0.0,0.0,-3.0,4.477272727272728,0.0,0.5813953488372093,0.0,0.0,0.0,0.0527777777777777,0.067378800328677,0.56,0.0388888888888888,1.0,0.0,0.7506214144946908,0.0407980698853316,0.037885462555066,0.2524652776024547,76500000.0,91600000.0,76600000.0,98100000.0,24450000.0,8750000.0,20800000.0,64.5,59.14285714285714,133.71428571428572,1.3953488372093024,1.5217391304347827,0.6730769230769231,0.0430861723446893,0.0106944444370177,1995-02-17,0.02977,bmo,,2025-04-25,1994-12-31,0.0077258985555927,1.936190476190476,1789587.3015873015
1994-09-30,IDXX,USD,874716,1994-09-30,1994-09-29 20:00:00,1994,Q3,31900000.0,12500000.0,19400000.0,0.6081504702,2200000,0.0,0.0,10500000.0,900000.0,13600000.0,26100000.0,0.0,0.0,1000000.0,6800000.0,0.2131661442,5800000.0,0.1818181818,400000.0,6200000.0,0.1943573668,2600000.0,3600000.0,0.1128526646,0.0275,0.0275,130909091,130909091,,,0.2436805553863329,0.0274999999809027,0.0313194444226948,0.0229166666507523,0.1573611110018325,0.7195833328336226,0.6538888884347994,0.7195833328336226,0.0,240872727.44,220272727.44,16.72727273888889,7.550869198746081,58.74944571707317,80.29090914666666,2.5570353231422507,2.5570353231422507,6.905101173667712,32.39304815294118,53.725055473170734,73.42424248,0.0149456521635341,0.0124547101362784,0.0,0.0,-3.0294117647058822,4.164444444444444,0.0,1.1388888888888888,0.0,0.0,0.0,0.0689655172413793,0.0736932305055698,0.2682926829268293,0.0344827586206896,1.1,0.0,0.6672647052569228,0.0357509759605506,0.0333024976873265,0.1972743054185595,71200000.0,85600000.0,71200000.0,92800000.0,23350000.0,9250000.0,20400000.0,65.17241379310344,59.760000000000005,149.76000000000002,1.380952380952381,1.5060240963855422,0.6009615384615384,0.0382165605095541,0.0084027777719425,1994-10-19,0.0296,bmo,,2025-04-25,1994-09-30,0.0135135135135134,1.886875,1544575.0
1994-06-30,IDXX,USD,874716,1994-06-30,1994-06-29 20:00:00,1994,Q2,31100000.0,12000000.0,19100000.0,0.61414791,2100000,0.0,0.0,10400000.0,1100000.0,13600000.0,25600000.0,0.0,0.0,1000000.0,6600000.0,0.2122186495,5500000.0,0.1768488746,-1000000.0,4500000.0,0.1446945338,1900000.0,2600000.0,0.0836012862,0.02,0.02,130000000,130000000,,,0.2392307692307692,0.02,0.0469230769230769,0.0376923076923076,0.1723076923076923,0.6953846153846154,0.6330769230769231,0.6953846153846154,0.0,241800000.0,219400000.0,23.25,7.77491961414791,39.63934426229508,49.3469387755102,2.674778761061947,2.674778761061947,7.054662379421222,33.24242424242424,35.967213114754095,44.775510204081634,0.010752688172043,0.0202646815550041,0.0,0.0,-3.393939393939394,4.04424778761062,0.0,2.3461538461538463,0.0,0.0,0.0,0.067524115755627,0.0716814159292035,0.1967213114754098,0.0385852090032154,1.2,0.0,0.5593952778877177,0.0351524090462143,0.0247855100095328,0.2115384615384615,68800000.0,82300000.0,68800000.0,89500000.0,24000000.0,9600000.0,19150000.0,68.29581993569131,76.5,150.0,1.3177966101694916,1.1764705882352942,0.6,0.0287610619469026,0.0092307692307692,1994-07-20,0.02901,bmo,,2025-04-25,1994-06-30,0.0341261633919337,1.943225806451613,2083509.677419355
1994-03-31,IDXX,USD,874716,1994-03-31,1994-03-30 19:00:00,1994,Q1,27400000.0,10300000.0,17100000.0,0.6240875912,2000000,0.0,0.0,9700000.0,1100000.0,12800000.0,23100000.0,0.0,0.0,1100000.0,5400000.0,0.197080292,4300000.0,0.1569343066,300000.0,4600000.0,0.1678832117,1800000.0,2800000.0,0.102189781,0.0225,0.0225,124444444,124444444,,,0.2201785722149234,0.0225000000803571,0.0168750000602678,0.0112500000401785,0.1775892863485331,0.6999107167853954,0.6332142879757653,0.6999107167853954,0.0,210311110.36,188211110.36,18.77777771071429,7.6755879693430655,100.1481477904762,150.2222216857143,2.414593689552239,2.414593689552239,6.869018626277372,34.853909325925926,89.62433826666665,134.43650739999998,0.0133136095150042,0.0066568047575021,0.0,0.0,-4.092592592592593,4.5,0.0,0.75,0.0,0.0,0.0,0.072992700729927,0.0781544256120527,0.3333333333333333,0.0255474452554744,0.6363636363636364,0.0,0.5952560807233052,0.0300159553250897,0.0286006128702757,0.2446875008738839,66500000.0,78800000.0,66400000.0,86800000.0,22900000.0,8100000.0,16450000.0,80.14598540145985,78.64077669902913,159.90291262135923,1.1229508196721312,1.1444444444444444,0.5628415300546448,0.0321469575200918,0.0056250000200892,1994-04-20,0.01965,bmo,,2025-04-25,1994-03-31,0.0178117048346055,1.803968253968254,1819225.396825397
1993-12-31,IDXX,USD,874716,1993-12-31,1993-12-30 19:00:00,1993,Q4,26800000.0,10000000.0,16800000.0,0.6268656716,0,0.0,0.0,10400000.0,600000.0,11000000.0,21000000.0,0.0,0.0,600000.0,6400000.0,0.2388059701,5800000.0,0.2164179104,400000.0,6200000.0,0.2313432836,2500000.0,3700000.0,0.1380597015,0.0285,0.0285,130000000,130000000,,,0.2061538461538461,0.0284615384615384,0.0115384615384615,0.01,0.1453846153846154,0.6430769230769231,0.5746153846153846,0.6430769230769231,0.0,258700000.0,239800000.0,17.47972972972973,9.652985074626866,172.46666666666667,199.0,3.0944976076555024,3.0944976076555024,8.947761194029852,37.46875,159.86666666666667,184.46153846153845,0.0143022806339389,0.0050251256281407,0.0,0.0,-2.953125,5.370629370629371,0.0,0.4054054054054054,0.0,0.0,0.0,0.0,0.0908163265306122,0.1333333333333333,0.0074626865671641,0.3333333333333333,0.0,0.6417293573207768,0.0413535283462442,0.0415263748597081,0.2142307692307692,62500000.0,74700000.0,62400000.0,83400000.0,19800000.0,6350000.0,14250000.0,71.86567164179105,64.8,131.4,1.2523364485981308,1.3888888888888888,0.684931506849315,0.0442583732057416,0.0015384615384615,1994-02-18,0.02897,bmo,,2025-04-25,1993-12-31,0.0355540214014497,1.63390625,1077200.0
1993-09-30,IDXX,USD,874716,1993-09-30,1993-09-29 20:00:00,1993,Q3,23800000.0,8400000.0,15400000.0,0.6470588235,0,0.0,0.0,10700000.0,1100000.0,11800000.0,20200000.0,0.0,0.0,1000000.0,4700000.0,0.1974789916,3600000.0,0.1512605042,300000.0,3900000.0,0.1638655462,1300000.0,2600000.0,0.1092436975,0.02,0.02,130000000,130000000,,,0.183076923076923,0.02,0.0092307692307692,0.0053846153846153,0.1661538461538461,0.6076923076923076,0.536923076923077,0.6076923076923076,0.0,198900000.0,177300000.0,19.125,8.357142857142858,165.75,284.1428571428572,2.517721518987342,2.517721518987342,7.449579831932773,37.723404255319146,147.75,253.28571428571428,0.0130718954248366,0.0035193564605329,0.0,0.0,-4.595744680851064,5.1,0.0,0.4615384615384615,0.0,0.0,0.0,0.0,0.0989247311827957,0.4166666666666667,0.0210084033613445,0.5,0.0,0.5229355012442151,0.030379746835443,0.0310262529832935,0.2169230769230769,57400000.0,69800000.0,57400000.0,78600000.0,17150000.0,5700000.0,13300000.0,68.82352941176471,58.92857142857143,148.92857142857144,1.3076923076923077,1.5272727272727271,0.60431654676259,0.0329113924050632,0.0038461538461538,1993-10-19,0.02025,bmo,,2025-04-25,1993-09-30,-0.0123456790123456,1.415,2158200.0
1993-06-30,IDXX,USD,874716,1993-06-30,1993-06-29 20:00:00,1993,Q2,23100000.0,8600000.0,14500000.0,0.6277056277,0,0.0,0.0,10600000.0,1100000.0,11700000.0,20300000.0,0.0,0.0,1200000.0,4000000.0,0.1731601732,2800000.0,0.1212121212,300000.0,3100000.0,0.1341991342,1000000.0,2100000.0,0.0909090909,0.0175,0.0175,120000000,120000000,,,0.1925,0.0175,0.0225,0.0158333333333333,0.1791666666666666,0.6325,0.5533333333333333,0.6325,0.0,147600000.0,126100000.0,17.57142857142857,6.3896103896103895,54.66666666666667,77.6842105263158,1.9446640316205537,1.9446640316205537,5.458874458874459,31.525,46.7037037037037,66.36842105263158,0.0142276422764227,0.0128726287262872,0.0,0.0,-5.375,5.338709677419355,0.0,1.35,0.0,0.0,0.0,0.0,0.1075877689694224,0.2962962962962963,0.0346320346320346,0.6666666666666666,0.0,0.4990459648168693,0.0249904373326533,0.0266497461928934,0.229375,53800000.0,66400000.0,53800000.0,75500000.0,15050000.0,5450000.0,12950000.0,62.72727272727273,61.74418604651162,132.90697674418604,1.434782608695652,1.4576271186440677,0.6771653543307087,0.0276679841897233,0.0066666666666666,1993-07-23,0.02019,bmo,,2025-04-25,1993-06-30,-0.0094105993065873,1.1885714285714284,1657092.0634920634
1993-03-31,IDXX,USD,874716,1993-03-31,1993-03-30 19:00:00,1993,Q1,19500000.0,8000000.0,11500000.0,0.5897435897,0,0.0,0.0,8700000.0,1000000.0,9700000.0,17700000.0,0.0,0.0,1000000.0,2800000.0,0.1435897436,1800000.0,0.0923076923,300000.0,2100000.0,0.1076923077,700000.0,1400000.0,0.0717948718,0.0125,0.0125,112000000,112000000,,,0.1741071428571428,0.0125,0.0178571428571428,0.0125,0.1785714285714285,0.6589285714285714,0.5696428571428571,0.6589285714285714,0.0,123200000.0,103200000.0,22.0,6.317948717948719,61.60000000000001,88.00000000000001,1.669376693766938,1.669376693766938,5.292307692307693,36.85714285714286,51.60000000000001,73.71428571428572,0.0113636363636363,0.0113636363636363,0.0,0.0,-7.142857142857143,5.598214285714286,0.0,1.4285714285714286,0.0,0.0,0.0,0.0,0.117508813160987,0.3,0.0307692307692307,0.6,0.0,0.4304923468707495,0.0162381596752368,0.0186418109187749,0.2303571428571428,51500000.0,63800000.0,51400000.0,73500000.0,12950000.0,4650000.0,13000000.0,64.61538461538461,56.25,148.5,1.3928571428571428,1.6,0.6060606060606061,0.018970189701897,0.0053571428571428,1993-04-23,,bmo,,2025-04-25,1993-03-31,,1.0388009677419354,1851767.741935484
1992-12-31,IDXX,USD,874716,1992-12-31,1992-12-30 19:00:00,1992,Q4,16400000.0,6400000.0,10000000.0,0.6097560976,0,0.0,0.0,7700000.0,500000.0,8200000.0,14600000.0,0.0,0.0,500000.0,2300000.0,0.1402439024,1800000.0,0.1097560976,200000.0,2000000.0,0.1219512195,300000.0,1700000.0,0.1036585366,0.017,0.017,100000000,100000000,,,0.164,0.017,0.008,0.0,0.172,0.704,0.601,0.704,0.0,102000000.0,84800000.0,15.0,6.219512195121951,127.5,0.0,1.4488636363636365,1.4488636363636365,5.170731707317073,36.869565217391305,106.0,0.0,0.0166666666666666,0.0,0.0,0.0,-7.478260869565218,6.1063829787234045,0.0,0.4705882352941176,0.0,0.0,0.0,0.0,0.1292346298619824,1.0,0.048780487804878,1.6,0.0,0.5189219594505516,0.0217638691322901,0.0244956772334293,0.23225,48000000.0,60100000.0,48100000.0,70000000.0,11200000.0,4300000.0,12600000.0,65.3048780487805,60.46875,180.0,1.3781512605042017,1.4883720930232558,0.5,0.0241477272727272,0.008,1992-12-30,,bmo,,2025-04-25,1992-12-31,,0.8974665625,1753800.0
1992-09-30,IDXX,USD,874716,1992-09-30,1992-09-29 20:00:00,1992,Q3,14700000.0,5000000.0,9700000.0,0.6598639456,0,0.0,0.0,7100000.0,1000000.0,8100000.0,13100000.0,0.0,0.0,1000000.0,2600000.0,0.1768707483,1600000.0,0.1088435374,200000.0,1800000.0,0.1224489796,300000.0,1500000.0,0.1020408163,0.015,0.015,100000000,100000000,,,0.147,0.015,0.007,0.001,0.132,0.688,0.585,0.688,0.0,81250000.0,68050000.0,13.541666666666668,5.5272108843537415,116.07142857142856,812.5,1.1809593023255816,1.1809593023255816,4.629251700680272,26.173076923076923,97.21428571428572,680.5,0.0184615384615384,0.0012307692307692,0.0,0.0,-5.076923076923077,6.131868131868132,0.0,0.4666666666666667,0.0,0.0,0.0,0.0,0.1322207958921694,0.8571428571428571,0.0408163265306122,0.6,0.0,0.4818713521262703,0.0193798449612403,0.022189349112426,0.18175,46700000.0,58500000.0,46700000.0,68400000.0,20350000.0,4600000.0,12000000.0,64.28571428571428,77.4,223.2,1.4,1.162790697674419,0.4032258064516129,0.0218023255813953,0.006,1993-02-22,0.01713,bmo,,2025-04-25,1992-09-30,-0.1243432574430823,0.757325625,1205500.0
1992-06-30,IDXX,USD,874716,1992-06-30,1992-06-29 20:00:00,1992,Q2,14800000.0,5400000.0,9400000.0,0.6351351351,0,0.0,0.0,7000000.0,1100000.0,8100000.0,13500000.0,0.0,0.0,1100000.0,2400000.0,0.1621621622,1300000.0,0.0878378378,200000.0,1500000.0,0.1013513514,300000.0,1200000.0,0.0810810811,0.01,0.01,120000000,120000000,,,0.1233333333333333,0.01,-0.0108333333333333,-0.0141666666666666,0.0958333333333333,0.5608333333333333,0.4716666666666667,0.5608333333333333,0.0,83437200.0,71937200.0,17.382749999999998,5.637648648648649,-64.18246153846154,-49.08070588235295,1.2397800891530462,1.2397800891530462,4.860621621621622,29.97383333333333,-55.33630769230769,-42.316,0.0143820741827386,-0.020374605092213,0.0,0.0,-4.791666666666667,5.6020408163265305,0.0,-1.0833333333333333,0.0,0.0,0.0,0.0,0.1387808041504539,-0.3076923076923077,0.027027027027027,0.3636363636363636,0.0,0.355228799508148,0.0154531946508172,0.0180722891566265,0.25125,45100000.0,56600000.0,45100000.0,67200000.0,18950000.0,5150000.0,10950000.0,183.64864864864865,81.66666666666667,193.33333333333337,0.4900662251655629,1.1020408163265305,0.4655172413793103,0.0178306092124814,0.0033333333333333,1992-06-29,,bmo,,2025-04-25,1992-06-30,,0.6853930158730159,2464101.587301587
1992-03-31,IDXX,USD,874716,1992-03-31,1992-03-30 19:00:00,1992,Q1,11800000.0,4800000.0,7000000.0,0.593220339,0,0.0,0.0,5600000.0,900000.0,6500000.0,11300000.0,0.0,0.0,900000.0,1400000.0,0.1186440678,500000.0,0.0423728814,200000.0,700000.0,0.0593220339,200000.0,500000.0,0.0423728814,0.005,0.005,100000000,100000000,,,0.118,0.005,-0.003,-0.008,0.022,0.371,0.263,0.371,0.0,64063000.0,61863000.0,32.0315,5.42906779661017,-213.54333333333332,-80.07875,1.7267654986522911,1.7267654986522911,5.242627118644068,44.18785714285714,-206.21,-77.32875,0.0078048171331345,-0.0124877074130153,0.0,0.0,-1.5714285714285714,2.5638297872340425,0.0,-0.6,0.0,0.0,0.0,0.0,0.232258064516129,-1.6666666666666667,0.0423728813559322,0.5555555555555556,0.0,0.2042975770781435,0.0096264921062764,0.0140056022408963,0.03725,14700000.0,26300000.0,14700000.0,36900000.0,9100000.0,4250000.0,7700000.0,58.72881355932203,101.25,193.125,1.5324675324675323,0.8888888888888888,0.4660194174757281,0.013477088948787,0.005,1992-03-30,,bmo,,2025-04-25,1992-03-31,,0.7137288888888889,2548723.8095238097
1991-12-31,IDXX,USD,874716,1991-12-31,1991-12-30 19:00:00,1991,Q4,9300000.0,3300000.0,6000000.0,0.6451612903,0,0.0,0.0,4400000.0,500000.0,4900000.0,8200000.0,0.0,0.0,500000.0,1600000.0,0.1720430108,1100000.0,0.1182795699,-1600000.0,-500000.0,-0.0537634409,-1800000.0,1300000.0,0.1397849462,0.0163,0.0163,80000000,80000000,,,0.11625,0.01625,0.00625,-0.04125,0.11625,0.39375,0.39375,0.39375,0.0,55624800.0,46324800.0,10.697076923076922,5.98116129032258,111.2496,-16.856,1.7658666666666667,1.7658666666666667,4.98116129032258,28.953,92.6496,-14.037818181818182,0.0233708705469502,-0.0593260560037968,0.0,0.0,-5.8125,4.0,0.0,0.3846153846153846,0.0,0.0,0.0,0.0,0.0,7.6,0.4086021505376344,7.6,0.0,0.3794269939659012,-0.0907936507936507,0.0341207349081364,0.1640625,19800000.0,31500000.0,19800000.0,30800000.0,7500000.0,2850000.0,4850000.0,101.61290322580646,84.54545454545455,139.0909090909091,0.8857142857142857,1.064516129032258,0.6470588235294118,0.0412698412698412,0.0475,1991-12-30,,bmo,,2025-04-25,1991-12-31,,0.71478375,1878400.0
1991-09-30,IDXX,USD,874716,1991-09-30,1991-09-29 20:00:00,1991,Q3,7500000.0,2900000.0,4600000.0,0.6133333333,0,0.0,0.0,3700000.0,200000.0,3900000.0,6800000.0,0.0,0.0,100000.0,900000.0,0.12,700000.0,0.0933333333,1300000.0,2000000.0,0.2666666667,1000000.0,1000000.0,0.1333333333,0.0125,0.0125,80000000,80000000,,,0.09375,0.0125,0.0125,-0.02375,0.12875,0.37,0.37,0.37,0.0,44687200.0,34387200.0,11.1718,5.958293333333334,44.6872,-23.51957894736842,1.5097027027027028,1.5097027027027028,4.58496,38.208,34.3872,-18.09852631578947,0.0223777726060258,-0.0425177679514491,0.0,0.0,-11.444444444444445,4.430769230769231,0.0,1.0,0.0,0.0,0.0,0.0,0.0,2.9,0.3866666666666666,29.0,0.0,0.3225871975140985,0.0117845117845117,0.0276243093922651,0.1171875,22300000.0,29600000.0,22200000.0,29100000.0,4550000.0,1850000.0,4650000.0,54.0,80.6896551724138,142.75862068965515,1.6666666666666667,1.1153846153846154,0.6304347826086957,0.0337837837837837,0.03625,1991-09-29,,bmo,,2025-04-25,1991-09-30,,0.47033765625,885450.0
1991-06-30,IDXX,USD,874716,1991-06-30,1991-06-29 20:00:00,1991,Q2,7400000.0,3000000.0,4400000.0,0.5945945946,0,0.0,0.0,3700000.0,200000.0,3900000.0,6900000.0,0.0,0.0,200000.0,700000.0,0.0945945946,500000.0,0.0675675676,200000.0,700000.0,0.0945945946,100000.0,600000.0,0.0810810811,0.01,0.01,60000000,60000000,,,0.1233333333333333,0.01,,,0.3466666666666667,0.4783333333333333,0.4783333333333333,0.4783333333333333,0.0,27890400.0,7090400.0,11.621,3.768972972972973,0.0,0.0,0.9717909407665504,0.9717909407665504,0.9581621621621622,10.129142857142858,0.0,0.0,0.0215127785904827,,0.0,0.0,-29.714285714285715,4.5588235294117645,0.0,0.0,,,0.0,0.0,0.0,0.0,,0.0,,0.3280624940464849,0.0149328023892483,0.0169014084507042,0.33,24200000.0,28700000.0,24200000.0,28200000.0,,,,55.94594594594595,33.0,141.0,1.608695652173913,2.727272727272727,0.6382978723404256,0.0209059233449477,,1991-06-29,,bmo,,2025-04-25,1991-06-30,,0.456385,6492266.666666667
1991-03-31,IDXX,USD,874716,1991-03-31,1991-03-30 19:00:00,1991,Q1,6300000.0,0.0,6300000.0,1.0,0,0.0,0.0,0.0,0.0,0.0,0.0,0.0,0.0,0.0,6300000.0,1.0,6300000.0,1.0,-6300000.0,0.0,0.0,0.0,0.0,0.0,0.005,0.005,75168000,75168000,,,0.0838122605363984,0.0,,,,,,,,35528906.88,,0.0,5.639509028571429,0.0,0.0,0.0,0.0,,,0.0,0.0,0.0,,0.0,0.0,,0.0,0.0,0.0,,0.0,0.0,0.0,0.0,0.0,,0.0,,,0.0,0.0,,,,,,,,,,0.0,0.0,0.0,0.0,0.0,0.0,,1991-03-30,,bmo,,2025-04-25,1991-03-31,,,
