date,symbol,reportedCurrency,cik,fillingDate,acceptedDate,calendarYear,period,revenue,costOfRevenue,grossProfit,grossProfitRatio,researchAndDevelopmentExpenses,generalAndAdministrativeExpenses,sellingAndMarketingExpenses,sellingGeneralAndAdministrativeExpenses,otherExpenses,operatingExpenses,costAndExpenses,interestIncome,interestExpense,depreciationAndAmortization,ebitda,ebitdaratio,operatingIncome,operatingIncomeRatio,totalOtherIncomeExpensesNet,incomeBeforeTax,incomeBeforeTaxRatio,incomeTaxExpense,netIncome,netIncomeRatio,eps,epsdiluted,weightedAverageShsOut,weightedAverageShsOutDil,link,finalLink,revenuePerShare,netIncomePerShare,operatingCashFlowPerShare,freeCashFlowPerShare,cashPerShare,bookValuePerShare,tangibleBookValuePerShare,shareholdersEquityPerShare,interestDebtPerShare,marketCap,enterpriseValue,peRatio,priceToSalesRatio,pocfratio,pfcfRatio,pbRatio,ptbRatio,evToSales,enterpriseValueOverEBITDA,evToOperatingCashFlow,evToFreeCashFlow,earningsYield,freeCashFlowYield,debtToEquity,debtToAssets,netDebtToEBITDA,currentRatio,interestCoverage,incomeQuality,dividendYield,payoutRatio,salesGeneralAndAdministrativeToRevenue,researchAndDdevelopementToRevenue,intangiblesToTotalAssets,capexToOperatingCashFlow,capexToRevenue,capexToDepreciation,stockBasedCompensationToRevenue,grahamNumber,roic,returnOnTangibleAssets,grahamNetNet,workingCapital,tangibleAssetValue,netCurrentAssetValue,investedCapital,averageReceivables,averagePayables,averageInventory,daysSalesOutstanding,daysPayablesOutstanding,daysOfInventoryOnHand,receivablesTurnover,payablesTurnover,inventoryTurnover,roe,capexPerShare,report_date,epsEstimated,time,revenueEstimated,updatedFromDate,fiscalDateEnding,surprise(%),QuarterAvgPrice,QuarterAvgVolume
2025-03-31,INCY,USD,879169,2025-04-29,2025-04-29 16:02:13,2025,Q1,1052898000.0,73200000.0,979698000.0,0.9304775961,437279000,0.0,0.0,325691000.0,11560000.0,774530000.0,847730000.0,22929000.0,660000.0,22362000.0,257212000.0,0.2442895703,205168000.0,0.1948602809,29022000.0,234190000.0,0.2224242044,75987000.0,158203000.0,0.1502548205,0.82,0.8,193712000,198197000,https://www.sec.gov/Archives/edgar/data/879169/000087916925000056/0000879169-25-000056-index.htm,https://www.sec.gov/Archives/edgar/data/879169/000087916925000056/incy-20250331.htm,5.435378293549187,0.8166917898736268,1.3735184190963905,1.3571590815230858,12.43422193772198,18.93307074419757,17.574331998017676,18.93307074419757,0.2260004542826464,11729261600.0,9830658600.0,18.535144087027422,11.139978991317298,44.08386459049788,44.615256106931206,3.19810773529998,3.19810773529998,9.33676253540229,38.22006204998212,36.94805669248723,37.393432433871695,0.0134878908319343,0.0224138576634696,0.0117568532565084,0.0074997847588385,-7.381471315490724,2.0388544954629744,310.8606060606061,1.681807551057818,0.0,0.0,0.0,0.4153099350554374,0.0457796643629339,0.0119105338129117,0.0030097882226008,0.1417136213218853,0.0579182408932299,18.65223518140282,0.0343993820800025,0.0288367402998198,5.039409019575452,1787131000.0,3404359000.0,1425619000.0,2845586000.0,838144000.0,196501000.0,61423500.0,70.360148846327,240.41434426229503,78.6577868852459,1.279133166653303,0.3743537028797619,1.1441969519343491,0.043135728002491,0.0163593375733047,2025-04-29,1.01,bmo,1153031760.0,2025-05-11,2025-03-31,0.1485148514851484,69.74725,1778871.7
2024-12-31,INCY,USD,879169,2025-02-10,2025-02-10 16:01:48,2024,Q4,1178698000.0,88500000.0,1090198000.0,0.9249171544,466034000,326800000.0,0.0,326800000.0,-4149000.0,788685000.0,877185000.0,10002000.0,419000.0,22733000.0,336876000.0,0.2858034883,301513000.0,0.2558017406,12211000.0,313724000.0,0.2661614765,112512000.0,201212000.0,0.1707070004,0.97,0.96,207110000,210530000,https://www.sec.gov/Archives/edgar/data/879169/000162828025004633/0001628280-25-004633-index.htm,https://www.sec.gov/Archives/edgar/data/879169/000162828025004633/incy-20241231.htm,5.6911689440394,0.9715223794119068,1.8406547245425136,1.7567186519240985,10.420028004442084,16.646361836705132,15.345623098836366,16.646361836705132,0.2122688426440056,14305087699.999998,12660802699.999998,17.773651298133313,12.136346799604308,37.524691121615454,39.31762204741722,4.149254995028466,4.149254995028466,10.741345705176387,37.58297622864199,33.21145040370601,34.798294551911034,0.014065764867698,0.0254338881124091,0.0126301329493785,0.0079980574256996,-4.88097994514302,1.9727964907814188,719.6014319809069,1.8946086714510069,0.0,0.0,0.2772550729703452,0.3953803264279739,0.0494820107995081,0.0456012045601204,0.0147484767090467,0.764703294769718,0.0608451019684431,19.075561429570424,0.0507230013855983,0.0388821018889931,4.010909661532519,1597183000.0,3178232000.0,1242336000.0,2660793000.0,805802000.0,188087500.0,64657000.0,65.14294586060213,200.81186440677965,59.86983050847457,1.3815770658052355,0.4481806902489049,1.503261312678353,0.0583624451361921,0.0839360726184153,2025-02-10,1.57,bmo,1004881100.0,2025-05-10,2024-12-31,-0.089171974522293,71.25484375,1964568.09375
2024-09-30,INCY,USD,879169,2024-10-29,2024-10-29 16:02:00,2024,Q3,1137871000.0,86000000.0,1051871000.0,0.924420255,573174000,309200000.0,0.0,309200000.0,23412000.0,905793000.0,991786000.0,24195000.0,774000.0,22520000.0,179818000.0,0.1580302161,146085000.0,0.1283845005,10439000.0,156524000.0,0.1375586512,50068000.0,106456000.0,0.0935571783,0.55,0.54,192629000,195838000,https://www.sec.gov/Archives/edgar/data/879169/000087916924000172/0000879169-24-000172-index.htm,https://www.sec.gov/Archives/edgar/data/879169/000087916924000172/incy-20240930.htm,5.907059684678838,0.5526478359956185,1.6138328081441526,1.5220138193106958,9.21298454542151,16.462837890452633,15.032175840605516,16.462837890452633,0.1935378369819705,12732776899.999998,11465174899.999998,29.901501324490862,11.190000360322038,40.95839399622351,43.4293034408426,4.015103619427223,4.015103619427223,10.07598831501989,63.75988443871024,36.88081197667199,39.105731895328525,0.0083607842056825,0.023025927674897,0.0115119733099564,0.0072832879196015,-7.049361020587483,1.8704145440015985,188.74031007751933,2.920182986398136,0.0,0.0,0.2717355482299839,0.5037249389429909,0.0549806740597482,0.0568949821630193,0.0155439412727804,0.7853907637655417,0.0684805219572341,14.30763481594249,0.0282336594486641,0.0224740212212891,2.7905066215367365,1307058000.0,2895633000.0,967494000.0,2380819000.0,748750000.0,163442000.0,85573000.0,59.98966490929112,187.02209302325585,73.71837209302326,1.5002584217812645,0.4812265681830899,1.2208625535901876,0.033569414925486,0.091818988833457,2024-10-29,1.12,bmo,1143700000.0,2025-04-25,2024-09-30,-0.0446428571428571,63.7678125,2089955.109375
2024-06-30,INCY,USD,879169,2024-07-30,2024-07-30 16:10:17,2024,Q2,1043759000.0,92982000.0,950777000.0,0.9109162172,1138380000,285800000.0,3834000.0,289634000.0,893000.0,1428014000.0,1520996000.0,49769000.0,657000.0,22048000.0,-367072000.0,-0.351682716,-477237000.0,-0.4572291113,88353000.0,-389777000.0,-0.3734358219,54824000.0,-444601000.0,-0.425961357,-2.04,-2.04,218175000,218175000,https://www.sec.gov/Archives/edgar/data/879169/000087916924000149/0000879169-24-000149-index.htm,https://www.sec.gov/Archives/edgar/data/879169/000087916924000149/incy-20240630.htm,4.784044918070356,-2.0378182651541192,-2.638079523318437,-2.892659562277988,6.964019708949238,13.736949696344675,12.50340323135098,13.736949696344675,0.17511172224132,13280312250.0,12330567250.0,-7.467545197829065,12.72354274310449,-23.073603150306745,-21.042918701454276,4.431114719463314,4.431114719463314,11.813615259844466,-33.591685691090575,-21.4234883931038,-19.53802887312116,-0.0334782037975048,-0.0475219247951041,0.0125282818923484,0.0080543944049115,2.587353434748496,1.9199546765091933,-726.3881278538813,1.29456074097899,0.0,0.0,0.2738179982160633,1.090654068611624,0.0577306677266285,-0.0965020336609545,0.0532143914447683,2.519185413642961,0.0542654003462485,,-0.1632981369205292,-0.1012142034669543,2.105055574653375,1230030000.0,2727930000.0,902341000.0,2286703000.0,742288000.0,156206000.0,82173000.0,63.72591757292632,143.42195263599405,97.4743498741692,1.412298220688722,0.6275189979348603,0.9233198284080076,-0.1483457616283162,0.2545800389595508,2024-07-30,0.78,bmo,1025580000.0,2025-04-25,2024-06-30,-3.333333333333333,56.63650793650793,3476375.492063492
2024-03-31,INCY,USD,879169,2024-04-30,2024-04-30 16:02:03,2024,Q1,880889000.0,61000000.0,819889000.0,0.9307517746,429260000,300300000.0,0.0,300300000.0,0.0,728535000.0,789535000.0,44744000.0,430000.0,21947000.0,114143000.0,0.1295770523,91898000.0,0.1043241543,144261000.0,236159000.0,0.2680916665,66611000.0,169548000.0,0.1924737396,0.76,0.75,224484000,227219000,https://www.sec.gov/Archives/edgar/data/879169/000087916924000077/0000879169-24-000077-index.htm,https://www.sec.gov/Archives/edgar/data/879169/000087916924000077/incy-20240331.htm,3.92406140303986,0.7552787726519484,0.974728711177634,0.9321911583899076,17.153507599650755,24.02964576539976,22.811590135599864,24.02964576539976,0.1684975321181019,12714773760.0,9405964760.0,18.748044447590065,14.434024899845497,58.10847608209825,60.76006996014566,2.3570884295579515,2.3570884295579515,10.677809304009926,82.40509501239673,42.986708894891024,44.94826944213474,0.0133347240934312,0.0164581772314602,0.0069323547148446,0.0052406208023005,-28.988277861980148,3.472434088365308,213.71627906976744,1.2905548871116144,0.0,0.0,0.3409056078575166,0.4873031675954632,0.0383196659568459,0.0436404019907591,0.0108401853127919,0.4350936346653301,0.0678609904312575,20.20777896309797,0.0114790701903705,0.0247076326136437,12.029006521622922,3452638000.0,5120837000.0,3107757000.0,4471604000.0,744541500.0,136919500.0,63307000.0,76.17002823284204,242.3183606557377,93.89803278688524,1.1815671083235193,0.3714122188531277,0.9584865340498412,0.0314311238719745,0.0425375527877265,2024-04-30,0.84,bmo,921892046.0,2025-04-25,2024-03-31,-0.238095238095238,60.024918032786886,1735792.3442622952
2023-12-31,INCY,USD,879169,2024-02-16,2024-02-16 16:04:47,2023,Q4,1013341000.0,69800000.0,943541000.0,0.9311189422,444494000,293900000.0,221900000.0,293900000.0,0.0,741297000.0,811097000.0,50436000.0,804000.0,21762000.0,293522000.0,0.2896576769,187270000.0,0.1848045229,83686000.0,270956000.0,0.2673887665,69877000.0,201079000.0,0.1984317224,0.9,0.89,224226000,226125000,https://www.sec.gov/Archives/edgar/data/879169/000087916924000062/0000879169-24-000062-index.htm,https://www.sec.gov/Archives/edgar/data/879169/000087916924000062/incy-20231231.htm,4.519284115133838,0.896769330942888,0.6588397420459715,0.6487294069376432,16.305169784057156,23.145562958800497,21.900667184001858,23.145562958800497,0.1743374987735588,14079150540.0,10904061540.0,17.504501390000943,13.893793441694356,95.30390471742176,96.7891995160248,2.712830969450485,2.712830969450485,10.760505634332372,37.14904347885337,73.81124586235607,74.96158130645804,0.0142820406265788,0.0103317312778729,0.007377302986587,0.0056452957760766,-10.817209612908062,3.745147249348787,232.9228855721393,0.7346813938800173,0.0,0.0,0.2900307004256218,0.4386420760632403,0.0411580059117321,0.015345666727589,0.0022371541267944,0.1041724106240235,0.0592002099984112,21.61053441494102,0.0250366621273495,0.0309211069589905,11.831485866937822,3405023000.0,4910699000.0,3053132000.0,4461209000.0,700410000.0,124506000.0,131129000.0,66.0391023357389,141.31934097421205,81.19598853868196,1.3628289425020543,0.6368555031432195,1.108429143111224,0.0387447621187332,0.0101103351083282,2024-02-13,1.16,bmo,1002110000.0,2025-04-25,2023-12-31,-0.086206896551724,56.56031746031746,1901614.047619048
2023-09-30,INCY,USD,879169,2023-10-31,2023-10-31 16:02:05,2023,Q3,919025000.0,60091000.0,858934000.0,0.9346144011,375709000,267900000.0,-7000.0,267893000.0,627000.0,644655000.0,704746000.0,46371000.0,623000.0,21390000.0,236451000.0,0.2572846223,214705000.0,0.2336225892,19094000.0,233799000.0,0.2543989554,62530000.0,171269000.0,0.186359457,0.76,0.76,224078000,226167000,https://www.sec.gov/Archives/edgar/data/879169/000087916923000041/0000879169-23-000041-index.htm,https://www.sec.gov/Archives/edgar/data/879169/000087916923000041/incy-20230930.htm,4.101362025723185,0.764327600210641,0.6597479449120396,0.6107650014727015,15.692986370817303,22.007724988620037,20.736551557939645,22.007724988620037,0.1452440667981685,12944986060.0,9749679060.0,18.89569341211778,14.085564658197546,87.56374376839044,94.58629728406608,2.624987363749423,2.624987363749423,10.608720176273769,41.23340167730312,65.94973490716,71.23885941004976,0.0132305279593325,0.0105723559195551,0.006473353561338,0.0049971517972323,-13.51361169967562,3.7996065258250273,344.63081861958267,0.8631743047486702,0.0,0.0,0.2915045836620331,0.4088126003101112,0.0445885008372416,0.0742449352318463,0.0119430918636598,0.5131369798971482,0.0522292647098827,19.45443424002799,0.0303655247849943,0.0280612583451477,11.836285802265282,3409554000.0,4646605000.0,3170631000.0,4452322000.0,647628500.0,147474500.0,117611500.0,64.36568102064689,208.79982027258657,298.4763109284252,1.398260665821749,0.431034853777679,0.3015314673383981,0.0347299687089813,0.048982943439338,2023-10-31,1.09,bmo,966900000.0,2025-04-25,2023-09-30,0.0091743119266055,63.03539682539682,1541359.9682539685
2023-06-30,INCY,USD,879169,2023-08-01,2023-08-01 16:02:22,2023,Q2,954610000.0,68300000.0,886310000.0,0.928452457,400750000,283900000.0,0.0,283900000.0,7825000.0,684101000.0,752401000.0,42668000.0,655000.0,20297000.0,222957000.0,0.233558207,193780000.0,0.2029938928,83824000.0,277604000.0,0.2908035742,74056000.0,203548000.0,0.2132263437,0.91,0.9,223248000,225649000,https://www.sec.gov/Archives/edgar/data/879169/000087916923000025/0000879169-23-000025-index.htm,https://www.sec.gov/Archives/edgar/data/879169/000087916923000025/incy-20230630.htm,4.276006951909984,0.9117573281731528,1.3730290976850856,1.3401643015838889,15.33436357772522,21.23509281158174,19.933638823192144,21.23509281158174,0.1809467498029097,13897188000.0,10805806000.0,17.06868650146403,14.557974460774558,45.33771360341374,46.44952855887082,2.9314682329077693,2.9314682329077693,11.319602769717475,48.46587458568244,35.25249407880571,36.11698959520571,0.0146467040670385,0.0215287438005443,0.0083829533747393,0.00640131154322,-13.865373143700356,3.811705323600051,295.8473282442748,1.5059150667164505,0.0,0.0,0.2973989377861116,0.4198049465226637,0.046800077123071,0.023935979329649,0.0076858612417636,0.3614819924126718,0.0571123285949235,20.87170712762676,0.0278613641836698,0.0343964018526079,10.984479144270049,3145660000.0,4450145000.0,2796866000.0,4211190000.0,630891000.0,105585500.0,96750500.0,60.149652737767255,204.9549048316252,47.35475841874085,1.496267989981097,0.4391209865113348,1.900548181539917,0.0429363476893246,0.0328647961011968,2023-08-01,0.83,bmo,910250000.0,2025-04-25,2023-06-30,0.1927710843373494,66.84258064516129,2038591.2096774196
2023-03-31,INCY,USD,879169,2023-05-02,2023-05-02 16:03:00,2023,Q1,808673000.0,56822000.0,751851000.0,0.9297342684,406641000,315600000.0,6000.0,315606000.0,-1362000.0,720885000.0,777707000.0,32873000.0,469000.0,19211000.0,50907000.0,0.0629512794,90456000.0,0.1118573268,27086000.0,51856000.0,0.0641248069,30153000.0,21703000.0,0.0268377948,0.0973,0.0962,222960000,225589000,https://www.sec.gov/Archives/edgar/data/879169/000087916923000016/0000879169-23-000016-index.htm,https://www.sec.gov/Archives/edgar/data/879169/000087916923000016/incy-20230331.htm,3.6269869034804447,0.0973403301040545,-0.4736410118406889,-0.5943173663437388,13.960853964836742,20.015105848582703,18.686387692859707,20.015105848582703,0.1494303911015428,16113319200.0,13325116200.0,185.6116573745565,19.92563026093365,-152.58391522968097,-121.6016964885404,3.610772810632801,3.610772810632801,16.477755780148467,261.75410454357944,-126.18122780602825,-100.56008422069443,0.0013468981611187,-0.008223569480334,0.0073607841942128,0.0056657702648137,-54.77052271789734,3.791488156781869,192.8699360341151,-4.865825001151914,0.0,0.0,0.3902689962444647,0.5028497303607268,0.0510987002776827,-0.2547844284726759,0.033271792182996,1.4005517672166987,0.0660081392602448,6.620893650655797,0.0080140595984853,0.0039450158978523,10.42465016146394,3026551000.0,4166317000.0,2775703000.0,4090352000.0,634333500.0,166589500.0,139261500.0,69.42351234677056,88.11675055436275,249.56460525852663,1.296390760963661,1.0213722071432425,0.3606280622477215,0.004863343258859,0.1206763545030498,2023-05-02,0.85,bmo,857520000.0,2025-04-25,2023-03-31,-0.5647058823529412,78.23177419354839,1690821.064516129
2022-12-31,INCY,USD,879169,2023-02-07,2023-02-07 16:02:05,2022,Q4,926700000.0,59163000.0,867537000.0,0.9361573325,501360000,272800000.0,-60000.0,272819000.0,-1082000.0,773097000.0,832260000.0,667000.0,667000.0,18218000.0,99500000.0,0.1073702385,102859000.0,0.1109949282,10522000.0,80615000.0,0.0869914751,52154000.0,28461000.0,0.0307122046,0.13,0.13,222615000,224840000,https://www.sec.gov/Archives/edgar/data/879169/000087916923000008/0000879169-23-000008-index.htm,https://www.sec.gov/Archives/edgar/data/879169/000087916923000008/incy-20221231.htm,4.162792264672192,0.1278485277272421,1.2742268041237113,1.1786672057139007,14.549626035981404,19.63083799384588,18.3514453203962,19.63083799384588,0.2035038070210902,17880436800.0,14973650800.0,157.0608622325287,19.29474134023956,63.03430420711974,68.14476521500521,4.091521718287305,4.091521718287305,16.15803474695155,150.4889527638191,52.7869464362516,57.06661026186311,0.0015917396380383,0.0146746415054021,0.010213909506812,0.0076418630833434,-29.213929648241205,3.451369921001345,154.2113943028486,9.966691261726574,0.0,0.0,0.2943779000755368,0.5410165101974749,0.0487609621940412,0.0749941832180552,0.0229556490773713,1.1676912943242947,0.05684579691378,7.514646302402864,0.0078335048987605,0.0051224116172069,10.38671585472677,2982344000.0,4085307000.0,2728082000.0,4032764000.0,631533500.0,220360500.0,83414000.0,62.62988022013597,422.20881294052026,184.00537498098475,1.437013765373039,0.213164664596139,0.4891161467935416,0.0065126372988927,0.0955595984098106,2023-02-07,0.59,bmo,878253207.0,2025-04-25,2022-12-31,0.0508474576271186,76.51698412698413,1390728.6666666667
2022-09-30,INCY,USD,879169,2022-11-01,2022-11-01 16:06:15,2022,Q3,823303000.0,54600000.0,768703000.0,0.9336817672,384007000,266500000.0,0.0,266500000.0,1769000.0,652276000.0,706876000.0,11513000.0,641000.0,16692000.0,133840000.0,0.1625646937,138376000.0,0.1680742084,10212000.0,148588000.0,0.1804779042,35813000.0,112775000.0,0.1369787308,0.51,0.5,222415000,224175000,https://www.sec.gov/Archives/edgar/data/879169/000087916922000010/0000879169-22-000010-index.htm,https://www.sec.gov/Archives/edgar/data/879169/000087916922000010/incy-20220930.htm,3.701652316615336,0.5070476361756177,1.3325585054964817,1.2075174785873255,13.385437133286874,19.003444012319317,17.69869388305645,19.003444012319317,0.1920778724456533,14821735600.0,12173193600.0,32.8568734205276,18.002771276188717,50.00906130959813,55.18760695535615,3.5067327773218087,3.5067327773218087,14.785800124619977,90.9533293484758,41.07278671709725,45.3259619466061,0.0076087580458526,0.018120010182883,0.0099558728648284,0.0076367269946321,-19.788867304243876,3.7960721083731706,215.8751950078003,2.628073597871869,0.0,0.0,0.3236961361734379,0.4664224471427894,0.0526651052028106,0.09383529983366,0.0337797870285909,1.666127486220944,0.0551485904946295,14.724203059145497,0.0232600563713408,0.0216043316325729,9.802101926578692,2814515000.0,3936455000.0,2537548000.0,3847123000.0,650578000.0,178972500.0,69998500.0,67.57769618232898,268.96978021978026,75.60824175824176,1.3318003584670035,0.3346100812011643,1.1903464213303103,0.0266818812341023,0.1250410269091563,2022-11-01,0.72,bmo,842658286.0,2025-04-25,2022-09-30,-0.1666666666666666,73.8775,1392455.5625
2022-06-30,INCY,USD,879169,2022-08-02,2022-08-02 16:03:26,2022,Q2,911397000.0,50636000.0,860761000.0,0.9444413357,347196000,253300000.0,-23000.0,253277000.0,522000.0,603017000.0,653653000.0,522000.0,678000.0,16507000.0,274942000.0,0.3016709513,254431000.0,0.2791659398,-25053000.0,229378000.0,0.25167737,67946000.0,161432000.0,0.1771258848,0.73,0.72,221660000,223661000,https://www.sec.gov/Archives/edgar/data/879169/000155837022011631/0001558370-22-011631-index.htm,https://www.sec.gov/Archives/edgar/data/879169/000155837022011631/incy-20220630x10q.htm,4.111689073355589,0.728286565009474,0.7856943065956871,0.7327167734367951,12.281985924388705,18.42940088423712,17.095917170441215,18.42940088423712,0.2132816024542091,16839510200.0,14450727200.0,26.07833360176421,18.47659164996154,96.6915495788283,103.68262711342618,4.122217562969072,4.122217562969072,15.85557907256662,52.559184118832334,82.97528781501748,88.97464011723127,0.0095865021062192,0.00964481734154,0.011406928807183,0.0087606116523015,-8.688316081209855,3.832779209394452,375.2669616519174,1.0788257594528965,0.0,0.0,0.2779249876837426,0.3809492460475512,0.0555702303143333,0.0674276658417405,0.0128846155956185,0.7113951656872842,0.0510161872378337,17.377928932015497,0.0409882846645178,0.0321356516580719,9.238207164125235,2727346000.0,3789481000.0,2456153000.0,3771603000.0,622656000.0,173658500.0,82484500.0,67.44274997613553,346.18255786397026,167.3023145588119,1.3344651579576203,0.2599784361041228,0.5379483256841747,0.0395176473496968,0.052977533158892,2022-08-02,0.79,bmo,818493363.0,2025-04-25,2022-06-30,0.2784810126582278,75.93258064516128,1445037.7258064516
2022-03-31,INCY,USD,879169,2022-05-03,2022-05-03 16:08:23,2022,Q1,733235000.0,42614000.0,690621000.0,0.9418822069,353373000,209600000.0,-16000.0,209584000.0,1260000.0,567699000.0,610313000.0,1260000.0,680000.0,16438000.0,140085000.0,0.1910506182,116540000.0,0.1589394942,-46005000.0,70535000.0,0.0961969901,32543000.0,37992000.0,0.0518142205,0.17,0.17,221326000,222950000,https://www.sec.gov/Archives/edgar/data/879169/000155837022006808/0001558370-22-006808-index.htm,https://www.sec.gov/Archives/edgar/data/879169/000155837022006808/incy-20220331x10q.htm,3.312918500311757,0.1716562898168313,0.9747657301898556,0.8979288470401128,11.49507965625367,17.454216856582597,16.094394693800094,17.454216856582597,0.2148911560322781,17577710920.0,15367832920.0,115.66718598652348,23.9728203372725,81.47598704001558,88.44798812488993,4.550189828198905,4.550189828198905,20.958946204150102,109.70362936788378,71.23278801896718,77.32826588170177,0.0021613735811739,0.0113060796655768,0.012135678548057,0.009275613393241,-15.775265017667843,3.668541413470198,171.38235294117646,5.678590229522005,0.0,0.0,0.2858565125778229,0.481936896083793,0.0595470597743945,0.0788259996940776,0.0231931099852025,1.03455408200511,0.0597911992744481,8.210532102935575,0.0151185475780052,0.0079928352285601,8.178838003668796,2441630000.0,3562108000.0,2165449000.0,3499203000.0,589322000.0,162328500.0,63889500.0,69.02420097240311,322.1765147604074,149.61491528605623,1.303890501187885,0.2793499708286626,0.6015443034400982,0.0098346600839953,0.0768368831497429,2022-05-03,0.57,bmo,749981364.0,2025-04-25,2022-03-31,-0.0350877192982454,72.7366129032258,1744575.4032258063
2021-12-31,INCY,USD,879169,2022-02-08,2022-02-08 16:05:11,2021,Q4,862853000.0,43874000.0,818979000.0,0.9491524049,472827000,226200000.0,2000.0,226202000.0,5716000.0,706572000.0,750446000.0,0.0,752000.0,14858000.0,135630000.0,0.1571878408,110734000.0,0.1283347221,9286000.0,120020000.0,0.1390966943,-443831000.0,563851000.0,0.6534728395,2.55,2.54,220984000,221989000,https://www.sec.gov/Archives/edgar/data/879169/000155837022000902/0001558370-22-000902-index.htm,https://www.sec.gov/Archives/edgar/data/879169/000155837022000902/incy-20211231x10k.htm,3.904594902798393,2.551546718314448,0.5219880172320168,0.366035550085074,10.626072475835354,17.060076747637837,15.673786337472396,17.060076747637837,0.1584684864062556,16220225600.000002,14197052600.000002,7.191716251279151,18.79836495903706,140.6162547355463,200.52697062605085,4.30244254382754,4.30244254382754,16.45361678061037,104.67486986654872,123.07697895987032,175.51494164771043,0.034762216870769,0.0049868603553824,0.0090893802765196,0.0069459872313996,-14.916854678168546,3.6004975815772795,147.25265957446808,0.2045770957220967,0.0,0.0,0.2621535765651855,0.5479809422926037,0.0620973326046874,0.2987663739369403,0.0399407546824314,2.3194911832009693,0.0558866921712041,31.295616528383476,0.1280883231686382,0.1218609277191029,7.582168844803244,2301651000.0,3463656000.0,2023384000.0,3359467000.0,566494500.0,143309500.0,39120500.0,64.28325566463812,353.0542006655422,116.7985595113279,1.40005354535129,0.2549183661611759,0.7705574484527029,0.1495624407825562,0.1559524671469427,2022-02-08,0.84,bmo,812443000.0,2025-04-25,2021-12-31,-0.8809523809523809,67.41359375,2226665.234375
2021-09-30,INCY,USD,879169,2021-11-02,2021-11-02 17:05:13,2021,Q3,812987000.0,39900000.0,773087000.0,0.9509217245,334945000,190700000.0,0.0,190700000.0,1948000.0,534794000.0,574694000.0,0.0,439000.0,14691000.0,224599000.0,0.2762639501,235410000.0,0.2895618257,-25941000.0,209469000.0,0.2576535664,27730000.0,181739000.0,0.2235447799,0.82,0.82,220845000,222248000,https://www.sec.gov/Archives/edgar/data/879169/000155837021014131/0001558370-21-014131-index.htm,https://www.sec.gov/Archives/edgar/data/879169/000155837021014131/incy-20210930x10q.htm,3.6812560845842106,0.822925581290045,1.1550997305802713,1.0095089316036134,10.342434739296792,14.257316217256449,12.845774185514728,14.257316217256449,0.1995245534198193,15189719100.0,13234323100.0,20.894963519112576,18.68384008600384,59.54464205913022,68.13213617708404,4.824189837127385,4.824189837127385,16.278640494866462,58.92422984964314,51.87936832119421,59.3613810581085,0.0119646057180873,0.0146773616109859,0.0138551134658363,0.0103897965886219,-8.706165209996483,3.936649737717985,536.2414578587699,1.403650289701165,0.0,0.0,0.2345670963988354,0.4119930576995696,0.074242568943594,0.126041756501423,0.0395492178841728,2.188618882308897,0.0525149848644566,16.247645377215104,0.0588881771684661,0.0467544047630379,7.390111843147909,2181085000.0,2836925000.0,1873623000.0,3206668000.0,477429500.0,118304500.0,18989000.0,57.19895890094184,258.29097744360905,48.051879699248126,1.573455211936,0.3484442270913203,1.8729756372341924,0.0577195293104329,0.1455907989766578,2021-11-02,0.76,bmo,548766225.0,2025-04-25,2021-09-30,0.5526315789473684,75.993125,1304391.484375
2021-06-30,INCY,USD,879169,2021-08-03,2021-08-03 16:03:51,2021,Q2,705709000.0,38000000.0,667709000.0,0.9461534428,343511000,168900000.0,0.0,168900000.0,4390000.0,522254000.0,560254000.0,0.0,358000.0,14457000.0,186448000.0,0.2641995497,140836000.0,0.1995666769,30797000.0,171633000.0,0.2432064775,22177000.0,149456000.0,0.2117813433,0.68,0.67,220083000,222250000,https://www.sec.gov/Archives/edgar/data/879169/000155837021009975/0001558370-21-009975-index.htm,https://www.sec.gov/Archives/edgar/data/879169/000155837021009975/incy-20210630x10q.htm,3.206558434772336,0.6790892526910302,0.7858126252368425,0.4845308360936555,9.455373654484898,13.339789988322588,11.89889723422527,13.339789988322588,0.2071900146762812,18515582790.0,16763241790.0,30.971628422411943,26.236852286140603,107.06114574660003,173.63188002288138,6.306695987991256,6.306695987991256,23.75375939657848,89.9084022891101,96.92872716023685,157.1991127844932,0.0080719036335555,0.0057593110197748,0.0154097894961648,0.0115865219254202,-9.398550802368488,3.967840030045856,393.3966480446927,1.1571566213467508,0.0,0.0,0.2393337763865842,0.4867601235069979,0.0812155232400157,0.3834015635118882,0.0939579911833347,4.586497890295359,0.0633858998539057,14.276744387992265,0.0376456576485871,0.0416601277711792,6.584652153960097,1959736000.0,2618745000.0,1651298000.0,2965895000.0,417763500.0,103579000.0,28527000.0,55.880398294481154,289.1842105263158,39.493421052631575,1.6105826505694136,0.3112203112203112,2.2788605697151425,0.0509070422611969,0.3012817891431869,2021-08-03,0.74,bmo,685880000.0,2025-04-25,2021-06-30,0.0810810810810811,83.38857142857144,1212812.2063492064
2021-03-31,INCY,USD,879169,2021-05-04,2021-05-04 16:10:21,2021,Q1,604718000.0,29220000.0,575498000.0,0.9516799566,306896000,153800000.0,-5000.0,153795000.0,-1407000.0,471175000.0,500395000.0,0.0,359000.0,13838000.0,117812000.0,0.1948213878,98797000.0,0.163376979,-29475000.0,69322000.0,0.1146352515,15787000.0,53535000.0,0.088528868,0.24,0.24,219801000,221876000,https://www.sec.gov/Archives/edgar/data/879169/000155837021005692/0001558370-21-005692-index.htm,https://www.sec.gov/Archives/edgar/data/879169/000155837021005692/incy-20210331x10q.htm,2.751206773399575,0.2435612212865273,0.9376435957980171,0.7188866292692025,8.928044003439474,12.41051678563792,10.943280512827512,12.41051678563792,0.1584615174635238,17863227270.0,16227730270.0,83.41845180722892,29.539764435654305,86.67472413207501,113.04981438118624,6.54847831107644,6.54847831107644,26.83520297064086,137.74259218076256,78.73907794948931,102.69935365668432,0.0029969388616528,0.00884565804441,0.0126367196951145,0.0094146121904083,-13.88226156927987,3.952243362504932,275.20055710306406,3.849724479312599,0.0,0.0,0.2543334248360392,0.5075026706663271,0.0880801958575815,0.233305029234091,0.0795130953601513,3.4747073276485043,0.0783141894238306,8.2468911757647,0.0251037265906467,0.0160335508078022,6.128308105968581,1877984000.0,2405344000.0,1580513000.0,2823141000.0,439675500.0,91912500.0,38176000.0,59.138524072377535,261.98562628336754,124.370636550308,1.521850628024673,0.3435302969738296,0.7236434780455188,0.0196253891351558,0.2187569665288147,2021-05-04,0.65,bmo,656800000.0,2025-04-25,2021-03-31,0.0307692307692307,85.35172131147542,1317363.8524590165
2020-12-31,INCY,USD,879169,2021-02-09,2021-02-09 16:05:42,2020,Q4,789509000.0,36323000.0,753186000.0,0.9539929247,405945000,167000000.0,-12000.0,166988000.0,4810000.0,585362000.0,621685000.0,0.0,428000.0,13166000.0,181696000.0,0.2301379718,164229000.0,0.2080140948,3873000.0,168102000.0,0.2129196754,18252000.0,149850000.0,0.1898015095,0.68,0.68,219239000,221228000,https://www.sec.gov/Archives/edgar/data/879169/000155837021000825/0001558370-21-000825-index.htm,https://www.sec.gov/Archives/edgar/data/879169/000155837021000825/incy-20201231x10k.htm,3.6011339223404595,0.6835006545368296,0.4895160076446253,0.2549181486870493,8.216498889339944,11.910599847654842,10.415044768494656,11.910599847654842,0.1609430803825961,19069408220.0,17591257220.0,31.814161194527863,24.153503278620004,177.6857112773828,341.2075619095333,7.302738830330706,7.302738830330706,22.281262430193955,96.81697571768228,163.9125354776791,314.75911143716,0.0078581358304993,0.0029307674027023,0.0133486873044053,0.0097887679525335,-8.13529741986615,3.7340985491520406,383.7126168224299,0.7161895228561895,0.0,0.0,0.2115238711654965,0.5141739992830987,0.0920785033522254,0.4792445094622674,0.065145552488952,3.906501595017469,0.0573280355258774,13.534042737314776,0.0500148162764528,0.0463496517512652,5.615830212690261,1773864000.0,2283384000.0,1473007000.0,2689824000.0,419088000.0,110639500.0,26492500.0,54.944858133346166,244.7218016133029,89.13278088263635,1.6380058672929538,0.3677645367379792,1.0097295193617437,0.0573859136634003,0.2345978589575759,2021-02-09,0.82,bmo,662710000.0,2025-04-25,2020-12-31,0.1341463414634147,86.51484375,1104592.75
2020-09-30,INCY,USD,879169,2020-11-05,2020-11-05 16:03:33,2020,Q3,620643000.0,34300000.0,586343000.0,0.9447347348,438109000,120800000.0,6400000.0,120800000.0,4917000.0,573898000.0,608198000.0,0.0,544000.0,12949000.0,9985000.0,0.0160881521,5326000.0,0.0085814228,-8834000.0,-3508000.0,-0.0056522026,11695000.0,-15203000.0,-0.0244955635,-0.07,-0.0695,217185714,218784000,https://www.sec.gov/Archives/edgar/data/879169/000155837020012834/0001558370-20-012834-index.htm,https://www.sec.gov/Archives/edgar/data/879169/000155837020012834/incy-20200930x10q.htm,2.8576603339573245,-0.0700000000920871,0.8385220033395014,0.5953153990598111,7.987634030109366,11.008242466629271,9.473758481186293,11.008242466629271,0.2669742817430432,19490245974.36,18049909974.36,-320.49999957837264,31.40331232989013,107.02164003162837,150.7436228623138,8.152073346135008,8.152073346135008,29.0825965560878,1807.7027323047305,99.11270337072727,139.6036163654926,-0.0007800312022742,0.0066337797978583,0.0240246809375644,0.0173666562859984,-144.2499894091126,3.562220184031065,9.790441176470589,-11.978885746234296,0.0,0.0,0.1946368524256295,0.705895337577319,0.1007634326350066,0.290042006424512,0.085106897201773,4.07915669163642,0.0705719713265113,,0.0084987993801027,-0.0051116919656696,5.036452351557525,1553223000.0,2057565000.0,1242828000.0,2413949000.0,388216000.0,106710500.0,16673500.0,51.650272378807145,321.4600583090379,44.63790087463557,1.7424883907665183,0.2799725741151887,2.0162238419938867,-0.0063588715732131,0.2432066042796903,2020-11-05,0.72,bmo,2023835869.0,2025-04-25,2020-09-30,-0.6805555555555556,96.46921875,1193026.296875
2020-06-30,INCY,USD,879169,2020-08-04,2020-08-04 16:56:06,2020,Q2,688043000.0,33400000.0,654643000.0,0.9514565223,286601000,118000000.0,5300000.0,118000000.0,4817000.0,417854000.0,451254000.0,0.0,600000.0,12594000.0,320458000.0,0.4657528672,230773000.0,0.3354049093,76491000.0,307264000.0,0.4465767401,16966000.0,290298000.0,0.4219183975,1.33,1.32,217549000,220434000,https://www.sec.gov/Archives/edgar/data/879169/000155837020009164/0001558370-20-009164-index.htm,https://www.sec.gov/Archives/edgar/data/879169/000155837020009164/incy-20200630x10q.htm,3.1627035748268204,1.3344028241913315,1.2382589669453778,1.036649214659686,7.306335584167245,10.777360502691348,9.220685914437666,10.777360502691348,0.2866158888342396,22618569530.0,21353592530.0,19.47875074061826,32.87377319440791,83.9646655307333,100.29429292929294,9.64707452943013,9.64707452943013,31.03525874109612,66.63460587658913,79.26881725579288,94.6851860572361,0.0128344986456798,0.0099706570612646,0.0263383496744013,0.0192237948822673,-3.9474034038781993,3.73329104621096,384.6216666666666,0.9279498997581797,0.0,0.0,0.1715009091001579,0.4165451868560541,0.1054231504261249,0.1628171147292692,0.0637460158740078,3.48261076703192,0.067296666051395,17.988333902079077,0.0811837141045567,0.1010200204059759,4.804085516366428,1521112000.0,2005951000.0,1209908000.0,2341675000.0,385886000.0,75923000.0,15156000.0,54.97112825797225,244.96437125748503,44.01646706586826,1.6372230814991078,0.3674003674003674,2.0446893174165903,0.1238153649827433,0.2016097522856919,2020-08-04,0.87,bmo,482739846.0,2025-04-25,2020-06-30,0.425287356321839,96.40444444444444,1789280.1904761903
2020-03-31,INCY,USD,879169,2020-05-05,2020-05-05 16:09:15,2020,Q1,568507000.0,27319000.0,541188000.0,0.9519460622,1085287000,111100000.0,48000.0,111148000.0,8662000.0,1198565000.0,1225884000.0,0.0,602000.0,13098000.0,-690376000.0,-1.2143667536,-664004000.0,-1.1679785825,-40072000.0,-704076000.0,-1.2384649617,16566000.0,-720642000.0,-1.2676044446,-3.33,-3.33,216409009,216721000,https://www.sec.gov/Archives/edgar/data/879169/000155837020005185/0001558370-20-005185-index.htm,https://www.sec.gov/Archives/edgar/data/879169/000155837020005185/incy-20200505x10q.htm,2.6270024645785424,-3.3300000001386265,-3.157987752718742,-3.339426594758816,6.01912095073639,8.95397566373958,7.364222068962018,8.95397566373958,0.2819475967379898,15847631729.070002,14864804729.070002,-5.497747747518879,27.87587792071162,-23.18881697275602,-21.928914417503137,8.178489952408011,8.178489952408011,26.147091819573024,-21.5314621728884,-21.75070963858084,-20.568942811734622,-0.0454731667368377,-0.0456018925953682,0.031177863066974,0.02194939584119,1.423611191582558,3.409074475777296,-1102.9966777408638,0.9483446704466296,0.0,0.0,0.1954241548476975,1.909012553935132,0.1249942777669994,-0.057453941005272,0.0690668716480184,2.997785921514735,0.0747800818635478,,-0.2984138757496294,-0.2992220928132337,3.5050343028926303,1212757000.0,1593684000.0,901468000.0,1995450000.0,330165500.0,72292000.0,15241000.0,55.64923562946455,200.75149163585783,46.045975328525934,1.6172728876144309,0.4483154733577301,1.9545682192172853,-0.3719018372614014,0.1814388420400742,2020-05-05,0.08,bmo,121254989.0,2025-04-25,2020-03-31,-36.75,75.53693548387096,1944131.3870967743
2019-12-31,INCY,USD,879169,2020-02-13,2020-02-13 16:05:19,2019,Q4,579389000.0,32215000.0,547174000.0,0.9443983231,312867000,332534000.0,15300000.0,136177000.0,15848000.0,449044000.0,481259000.0,0.0,607000.0,13345000.0,139956000.0,0.241557917,95008000.0,0.1639796406,30996000.0,126004000.0,0.217477377,14999000.0,111005000.0,0.1915897609,0.51,0.51,215770000,218542000,https://www.sec.gov/Archives/edgar/data/879169/000155837020000774/0001558370-20-000774-index.htm,https://www.sec.gov/Archives/edgar/data/879169/000155837020000774/incy-20191231x10k6c65b7.htm,2.6852157389813227,0.5144598414978913,0.6099921212402095,0.474129860499606,9.813940770264631,12.042480418964638,10.423066227927889,12.042480418964638,0.2386290957964499,18841036400.0,17059234400.0,42.43285527678933,32.51880239355597,143.14938990107734,184.16895301213063,7.250997881008587,7.250997881008587,29.44349029753758,121.8899825659493,129.61171268367548,166.75204441707476,0.0058916610341031,0.0054297968449336,0.019582005275542,0.0148484715838622,-12.731158364057276,5.069409865284477,156.52059308072486,1.1856943380928786,0.0,0.0,0.5739390979117657,0.5399947185742222,0.1019686291675786,0.2227278943609536,0.0505964041429851,2.1967028849756463,0.0725298547262719,11.806603354504425,0.0284984015332426,0.036071866219049,7.086570190480605,2036585000.0,2248985000.0,1708703000.0,2792631000.0,292462500.0,89511500.0,14911500.0,47.96917097148893,233.68710228154583,46.11050752754928,1.876205032884404,0.3851303692899924,1.951832777946077,0.0427204216739031,0.1358622607406034,2020-02-13,0.57,bmo,508079584.0,2025-04-25,2019-12-31,0.1403508771929826,85.426796875,1169155.1875
2019-09-30,INCY,USD,879169,2019-10-29,2019-10-29 19:38:47,2019,Q3,551581000.0,30040000.0,521541000.0,0.9455383706,281336000,102600000.0,8000.0,102608000.0,11961000.0,383944000.0,413984000.0,0.0,597000.0,13862000.0,162478000.0,0.2945677969,134316000.0,0.2435109259,13703000.0,148019000.0,0.2683540586,19748000.0,128271000.0,0.2325515201,0.6,0.59,215199000,217791000,https://www.sec.gov/Archives/edgar/data/879169/000155837019009326/0001558370-19-009326-index.htm,https://www.sec.gov/Archives/edgar/data/879169/000155837019009326/incy-20190930x10q.htm,2.563120646471406,0.5960576024981529,1.256581117941998,1.3347041575472005,9.229680435318008,11.257148035074511,9.608418254731667,11.257148035074511,0.0867894367538882,15974221770.0,14290278770.0,31.13373593797507,28.960790473203392,59.07298696448052,55.61532087860821,6.594032499947369,6.594032499947369,25.907851738910512,87.95208440527333,52.84573255921454,49.75256076204535,0.0080298747473818,0.0179806568442301,0.0074632811110051,0.0056239575615167,-10.364129297504894,4.80519736454488,224.98492462311555,2.108153830561857,0.0,0.0,0.1860107581660717,0.5100538270897657,0.1103655012507706,0.0621711073720022,0.0304796575661598,1.2128120040398211,0.0786085815138665,12.287104827702471,0.0425776060511797,0.0448497961372902,6.541261808837402,1872960000.0,2067722000.0,1572880000.0,2604705000.0,289398000.0,80780000.0,9922500.0,45.05311096647636,285.7470039946738,39.90079893475367,1.9976422952672064,0.3149639322261365,2.2555939330229764,0.0529492550547424,0.0781230396052026,2019-10-29,0.65,bmo,437228841.0,2025-04-25,2019-09-30,0.2615384615384614,80.82265625,1157377.84375
2019-06-30,INCY,USD,879169,2019-07-30,2019-07-30 16:06:50,2019,Q2,529932000.0,29406000.0,500526000.0,0.9445098616,289363000,105900000.0,43000.0,105943000.0,15000000.0,395306000.0,424712000.0,0.0,316000.0,13435000.0,122422000.0,0.2310145453,98612000.0,0.1860842523,10059000.0,108671000.0,0.205065933,3353000.0,105318000.0,0.1987387061,0.49,0.48,214620000,217483000,https://www.sec.gov/Archives/edgar/data/879169/000155837019006550/0001558370-19-006550-index.htm,https://www.sec.gov/Archives/edgar/data/879169/000155837019006550/incy-20190630x10q.htm,2.469164103997763,0.4907184791724909,0.7127015189637499,0.4923399496785015,7.901663405088063,10.47055726400149,8.792293355698444,10.47055726400149,0.2358214518684186,18332840400.0,16966912400.0,43.51782316413149,34.59470347138878,119.85382060669455,173.4980069274885,8.15811401879057,8.15811401879057,32.017150124921685,138.59365473526,110.9238519874477,160.57116196316696,0.0057447726430869,0.0057637549716518,0.0223817201119086,0.0170631825603798,-11.15753704399536,5.607728034213644,312.0632911392405,1.4523633187109517,0.0,0.0,0.1998369602137632,0.5460379822316825,0.1221960128686305,0.3091919456066945,0.0892454126189775,3.520208410867138,0.0766419087732011,10.752076942399732,0.0370234621910346,0.0407034896214178,5.710961233808592,1691520000.0,1887002000.0,1358183000.0,2421179000.0,273380500.0,68273500.0,8766000.0,51.405085935554,202.56274229749036,19.976535400938584,1.750799524250033,0.4443067810951287,4.50528573617282,0.0468665102343325,0.2203615692852483,2019-07-30,0.49,bmo,339156479.0,2025-04-25,2019-06-30,0.5306122448979592,80.25730158730158,1375145.888888889
2019-03-31,INCY,USD,879169,2019-04-30,2019-04-30 16:05:32,2019,Q1,497857000.0,22588000.0,475269000.0,0.9546295422,270545000,0.0,0.0,123983000.0,9373000.0,394528000.0,417116000.0,0.0,335000.0,13891000.0,118323000.0,0.2376646306,74070000.0,0.1487776611,30027000.0,104097000.0,0.2090901604,1785000.0,102312000.0,0.2055047935,0.48,0.47,214065000,217061000,https://www.sec.gov/Archives/edgar/data/879169/000155837019003610/0001558370-19-003610-index.htm,https://www.sec.gov/Archives/edgar/data/879169/000155837019003610/incy-20190331x10q.htm,2.325728166678345,0.4779482867353374,0.7271763249480298,0.6418424310373018,7.385719290869596,9.742680961390231,8.034914628734263,9.742680961390231,0.0840025225982762,18398886750.0,17116829750.0,44.95779270760029,36.95616763448139,118.19691737921023,133.911371146176,8.82200703693528,8.82200703693528,34.381016536877056,144.66189794038354,109.96081117542384,124.58026252583772,0.0055607712243785,0.0074676257246922,0.0084614879310997,0.0064073959365483,-10.835230682115904,5.303159525974936,221.1044776119403,1.5214539838924075,0.0,0.0,0.0,0.5434190942379037,0.132734796549657,0.1173496591996813,0.0366912587349379,1.3150241163343173,0.0815334523768873,10.235780266221656,0.0304574766227813,0.0428336741204427,5.143266064045967,1566122000.0,1719994000.0,1261475000.0,2270026000.0,275839500.0,87095000.0,10705000.0,44.12369415314036,280.355498494776,43.84850363024615,2.03972042068002,0.3210209911459147,2.0525215810995,0.0490571628722548,0.085333893910728,2019-04-30,0.4,bmo,321198064.0,2025-04-25,2019-03-31,0.5499999999999999,81.36475409836065,1466737.2950819673
2018-12-31,INCY,USD,879169,2019-02-14,2019-02-14 16:07:03,2018,Q4,528402000.0,26366000.0,502036000.0,0.9501023842,304238000,326049000.0,-217691000.0,108358000.0,11279000.0,412596000.0,438962000.0,0.0,355000.0,14226000.0,85298000.0,0.1614263383,81975000.0,0.1551375657,-11258000.0,70717000.0,0.1338318174,1654000.0,69063000.0,0.1307016249,0.32,0.32,213013000,216042000,https://www.sec.gov/Archives/edgar/data/879169/000155837019000682/0001558370-19-000682-index.htm,https://www.sec.gov/Archives/edgar/data/879169/000155837019000682/incy-20181231x10k.htm,2.480609164698868,0.3242196485660499,0.3935816123898541,0.2748987151018952,6.752278029979391,9.041546760056898,7.300070887692301,9.041546760056898,0.0835113349889443,13545496670.0,12398950670.0,49.03311711770413,25.634832324631624,161.5675072162981,231.32156138463372,7.033088661436048,7.033088661436048,23.46499572295336,145.36039145114773,147.8917754478876,211.74156240927644,0.0050985948823093,0.004322986556092,0.0090520761778368,0.0065894060009932,-13.441651621374476,4.468063848228043,230.9154929577465,1.213935102732288,0.0,0.0,0.6170472481179102,0.575769963020579,0.1402080005684562,0.3015458384026336,0.0478442549422598,1.777098270771826,0.0706337220525281,8.121425985834076,0.0355954638811424,0.03035996492007,4.480613859248027,1440495000.0,1555010000.0,1136060000.0,2131203000.0,277667000.0,99652500.0,8199000.0,52.39158822260325,354.4121216718501,35.5173329287719,1.7178330158193489,0.253941652941913,2.5339740509370494,0.0358588698560255,0.1186828972879589,2019-02-14,0.46,bmo,607662300.0,2025-04-25,2018-12-31,-0.1304347826086956,64.93142857142857,1573146.5714285714
2018-09-30,INCY,USD,879169,2018-10-30,2018-10-30 16:02:55,2018,Q3,449683000.0,24795000.0,424888000.0,0.9448611577,292527000,0.0,0.0,96522000.0,10211000.0,389049000.0,413844000.0,0.0,405000.0,13818000.0,45199000.0,0.1005130281,31119000.0,0.0692020824,-143000.0,30976000.0,0.0688840806,1800000.0,29176000.0,0.0648812608,0.14,0.14,212627000,215964000,https://www.sec.gov/Archives/edgar/data/879169/000155837018008052/0001558370-18-008052-index.htm,https://www.sec.gov/Archives/edgar/data/879169/000155837018008052/incy-20180930x10q.htm,2.1148913355312358,0.1372168163027273,0.9366072982264716,0.8198723586374261,6.468195478466987,8.479163041382327,6.70920438138148,8.479163041382327,0.1188795402277227,14632990139.999998,13545683139.999998,125.38550640937756,32.540678967183545,73.477966838733,83.93989536904782,8.116367106532312,8.116367106532312,30.12273788424289,299.6898856169384,68.01817311748046,77.70272614110263,0.0019938508617077,0.0119132862341968,0.0137955592631644,0.009870048854202,-24.055996814088807,4.024623126282577,76.83703703703704,6.825747189470798,0.0,0.0,0.0,0.6505182539700188,0.1493448076487323,0.1246359491433506,0.0551966607588012,1.796280214213345,0.0845061965873737,5.116481656629901,0.013923617309964,0.01361071017715,3.983800269956309,1277870000.0,1426558000.0,983311000.0,1954978000.0,282023000.0,85518500.0,5931000.0,49.58212785451085,346.56261343012704,21.75317604355717,1.8151701811605905,0.2596933324954439,4.137326881361589,0.0161828255492958,0.1167349395890456,2018-10-30,0.4,bmo,473350526.0,2025-04-25,2018-09-30,-0.05,68.63698412698413,1457618.126984127
2018-06-30,INCY,USD,879169,2018-07-31,2018-07-31 16:02:57,2018,Q2,521516000.0,24856000.0,496660000.0,0.9523389503,298089000,0.0,0.0,108029000.0,5808000.0,406118000.0,430974000.0,0.0,398000.0,13501000.0,67907000.0,0.1302107701,83239000.0,0.1596096764,-29231000.0,54008000.0,0.1035596223,1614000.0,52394000.0,0.1004647988,0.25,0.24,212210000,215103000,https://www.sec.gov/Archives/edgar/data/879169/000155837018005974/0001558370-18-005974-index.htm,https://www.sec.gov/Archives/edgar/data/879169/000155837018005974/incy-20180630x10q.htm,2.4575467697092503,0.2468969417086848,0.1526930870364261,0.1018425144903633,5.647151406625513,8.166076056736252,6.367268271994722,8.166076056736252,0.1176570378398755,14218070000.0,13314123000.0,67.8420716112532,27.26296029268517,438.7886924050243,657.8784934295761,8.204674991329679,8.204674991329679,25.52965393199825,196.0640729232627,410.8916766966022,616.0523320377569,0.0036850289807266,0.0015200375297069,0.0141783564532296,0.0102496415545581,-13.31154372892338,4.339801053120392,209.143216080402,0.6184486773294652,0.0,0.0,0.0,0.5715816964388437,0.1592407172329555,0.3330247199333395,0.0206915991072181,0.799274127842382,0.0701896010860644,6.735282629095506,0.0396526185010661,0.0259964116874198,3.6488148532114417,1229845000.0,1351198000.0,933850000.0,1879156000.0,268250000.0,74837000.0,5250500.0,54.58681996333765,273.58826842613456,21.25080463469585,1.6487496443362524,0.3289614738151643,4.235133753620719,0.0302344651204929,0.0508505725460628,2018-07-31,0.34,bmo,702019230.0,2025-04-25,2018-06-30,-0.2352941176470588,68.38609375,2713890.3125
2018-03-31,INCY,USD,879169,2018-05-01,2018-05-01 16:03:35,2018,Q1,382282000.0,18106000.0,364176000.0,0.9526370585,303103000,0.0,0.0,121498000.0,4462000.0,424601000.0,442707000.0,0.0,385000.0,13424000.0,-26545000.0,-0.0694382681,-67110000.0,-0.175551033,26756000.0,-40354000.0,-0.1055608164,786000.0,-41140000.0,-0.1076168901,-0.19,-0.19,211681000,211681000,https://www.sec.gov/Archives/edgar/data/879169/000155837018003642/0001558370-18-003642-index.htm,https://www.sec.gov/Archives/edgar/data/879169/000155837018003642/incy-20180331x10q.htm,1.805934401292511,-0.1943490440804796,0.0984405780395973,0.0389642906070927,5.532187584147845,7.691025647082166,5.86228334144302,7.691025647082166,0.1164771519408922,17639377730.0,16769221730.0,-107.1911626762275,46.14231831475194,846.500514924657,2138.624846023278,10.834705775765274,10.834705775765274,43.86610337394907,-631.7280742135996,804.7423807467127,2033.1258159553831,-0.0023322818202385,0.0004675901908927,0.0149080737375648,0.0105250970073009,32.78041062346958,3.8563709745140025,-174.3116883116883,-0.5065143412736995,0.0,0.0,0.0,0.792878032447251,0.1678698983353078,0.6041846626355696,0.0329338027947954,0.9378724672228844,0.0947572734264234,,-0.0354052697588256,-0.0214393439581594,3.1204949901030323,1088483000.0,1240934000.0,791587000.0,1740203000.0,243244500.0,70893000.0,5557000.0,51.838956581790406,368.4055009389153,23.0244117971943,1.736146055679186,0.2442960264453889,3.908894645941278,-0.0252695873084511,0.0594762874325045,2018-05-01,-0.00441,bmo,1529200000.0,2025-04-25,2018-03-31,1.267573696145125,90.16475409836066,1737294.9672131147
2017-12-31,INCY,USD,879169,2018-02-15,2018-02-15 16:03:25,2017,Q4,444156000.0,22359000.0,421797000.0,0.9496595791,446938000,268577000.0,-170748000.0,97829000.0,7704000.0,544767000.0,567126000.0,6616000.0,373000.0,12859000.0,-135045000.0,-0.3040485775,-132588000.0,-0.2985167374,-15689000.0,-148277000.0,-0.3338399121,1352000.0,-149629000.0,-0.3368838876,-0.71,-0.71,211125000,211125000,https://www.sec.gov/Archives/edgar/data/879169/000155837018000722/0001558370-18-000722-index.htm,https://www.sec.gov/Archives/edgar/data/879169/000155837018000722/incy-20171231x10k.htm,2.103758436944938,-0.7087223208999408,-0.4228158673771462,-0.5424179988158674,5.540059206631143,7.723523978685613,5.864464179988159,7.723523978685613,0.1154481941977501,19995648750.0,19120140750.0,-33.40871213133818,45.019427295814985,-223.99821602607904,-174.60703775825635,12.262537186570334,12.262537186570334,43.048255004998246,-141.5834777296457,-214.19047072266343,-166.96188153827345,-0.0074830780371654,-0.0057271460122042,0.0147188600227274,0.0104235158617586,6.483083416638898,4.1598910658480905,-355.4638069705094,0.596588896537436,0.0,0.0,0.6046906942605751,1.00626356505372,0.1704582073515731,-0.2828704896546316,0.0568516467187204,1.9636830235632632,0.0760273417447923,,-0.0686482132877286,-0.0783361813696541,3.318684428656009,1140569000.0,1238135000.0,829568000.0,1792826000.0,232322000.0,68802000.0,4871500.0,53.96056790857266,272.39098349657854,26.09150677579498,1.667884595886579,0.3304074123332003,3.449398333847578,-0.0917615227007492,0.1196021314387211,2018-02-15,-0.52,bmo,275278873.0,2025-04-25,2017-12-31,-1.0384615384615383,104.52174603174603,1603275.888888889
2017-09-30,INCY,USD,879169,2017-10-31,2017-10-31 16:03:50,2017,Q3,381534000.0,22036000.0,359498000.0,0.9422436795,269612000,0.0,0.0,91271000.0,5494000.0,360883000.0,382919000.0,5555000.0,204000.0,11940000.0,14958000.0,0.0392048939,14958000.0,0.0392048939,28335000.0,43354000.0,0.1136307642,7300000.0,36054000.0,0.094497476,0.17,0.17,206796000,212610000,https://www.sec.gov/Archives/edgar/data/879169/000155837017007810/0001558370-17-007810-index.htm,https://www.sec.gov/Archives/edgar/data/879169/000155837017007810/incy-20170930x10q.htm,1.8449776591423432,0.1743457320257645,0.2568860132691155,0.0910027273254801,6.19639161299058,8.499922629064391,6.575910559198437,8.499922629064391,0.1156453703166405,24141365040.0,23037030040.0,167.39727242469627,63.27447891930994,454.4428033055362,1282.8186959987247,13.734242662494667,13.734242662494667,60.380018661508544,1540.1143227704238,433.65453833556086,1224.1367787873958,0.0014934532467514,0.0007795333846623,0.0134894040677001,0.0099865181373381,-73.82905468645541,4.817609826996109,73.32352941176471,1.4734287457702335,0.0,0.0,0.0,0.7066526181152925,0.1675768994748349,0.6457466634037987,0.0899107287948125,2.873031825795645,0.0915488527890043,5.774367302211414,0.0060550814744435,0.0182420463635567,3.942180941604287,1221387000.0,1359872000.0,924771000.0,1866090000.0,183930500.0,69513000.0,3095500.0,46.78757332242998,285.6221637320748,13.318660373933565,1.9235876881191865,0.3151015972430755,6.757436369211899,0.0205114492959749,0.1658832859436352,2017-10-31,0.06,bmo,157088235.0,2025-04-25,2017-09-30,1.8333333333333337,126.51619047619047,1423999.0634920634
2017-06-30,INCY,USD,879169,2017-08-01,2017-08-01 16:02:49,2017,Q2,326444000.0,20260000.0,306184000.0,0.9379372879,201839000,0.0,0.0,90072000.0,4066000.0,291911000.0,312171000.0,4125000.0,384000.0,12352000.0,3352000.0,0.0102682236,7200000.0,0.0220558503,-16643000.0,-9384000.0,-0.0287461249,3100000.0,-12484000.0,-0.0382423938,-0.0609,-0.0609,205141000,205141000,https://www.sec.gov/Archives/edgar/data/879169/000155837017005591/0001558370-17-005591-index.htm,https://www.sec.gov/Archives/edgar/data/879169/000155837017005591/incy-20170630x10q.htm,1.5913152417117982,-0.0608557041254551,0.5693352377145475,0.4206618862148473,2.966769197771289,5.00550840641315,2.981232420627763,5.00550840641315,0.1160762597432985,25829303310.0,25400977310.0,-517.2481438240948,79.12322882332039,221.15265604397487,299.3140194681036,25.15428799174161,25.15428799174161,77.81113241474802,7577.857192720764,217.4852929945031,294.35051057419315,-0.0004833270123537,0.0033409728076788,0.0228157396271065,0.0142902193000915,-127.78221957040572,2.8817032279191297,18.75,-9.355495033643065,0.0,0.0,0.0,0.6182959404982171,0.2532945640684061,0.2611349898111204,0.0934279692688485,2.469154792746114,0.1033714817855436,,0.0071147921639306,-0.010197838391545,0.60738711422875,551642000.0,611573000.0,232195000.0,1185782000.0,207245500.0,77710000.0,3445500.0,46.73524402347723,306.9284304047384,13.01579466929911,1.9257415229240893,0.2932279681009653,6.914675767918089,-0.0121577468629331,0.1486733514997002,2017-08-01,-0.05,bmo,272000000.0,2025-04-25,2017-06-30,0.1999999999999999,127.24920634920636,2009020.4285714289
2017-03-31,INCY,USD,879169,2017-05-04,2017-05-04 16:23:14,2017,Q1,384082000.0,14824000.0,369258000.0,0.9614040752,407972000,0.0,0.0,87234000.0,1147000.0,495206000.0,510030000.0,1204000.0,5939000.0,15027000.0,-177017000.0,-0.460883353,-133304000.0,-0.3470717191,-64736000.0,-197983000.0,-0.5154706547,-10900000.0,-187083000.0,-0.4870912982,-0.96,-0.96,195260000,195260000,https://www.sec.gov/Archives/edgar/data/879169/000155837017003529/0001558370-17-003529-index.htm,https://www.sec.gov/Archives/edgar/data/879169/000155837017003529/incy-20170331x10q.htm,1.9670285772815728,-0.9581225033288948,-0.8892655945918263,-0.9966454983099458,2.6219143705828127,4.9469118098945,2.7926252176585065,4.9469118098945,0.2434856089316808,26100404200.0,25780185200.0,-34.87810784518101,67.9552913179998,-150.31504739745907,-134.11990544950024,27.02089811519213,27.02089811519213,67.1215657073229,-145.63677612884635,-148.47087158340915,-132.47442357596154,-0.0071678200293924,-0.0074560147999547,0.0430712657386529,0.0258836455351582,1.80897314947152,2.688322897386419,-22.445529550429367,0.9281335022423204,0.0,0.0,0.0,1.0622002593196245,0.2617020469133299,-0.1207512180513482,0.0545899052806432,1.3952884807346777,0.07970433397035,,-0.0967003835710111,-0.1576496522712966,0.2880966403769333,514459000.0,545288000.0,177762000.0,1128316000.0,196866500.0,80963000.0,4033500.0,57.40375753094391,524.1115758229897,24.04816513761468,1.5678416164914788,0.1717191608650827,3.742489270386266,-0.1936809347222481,0.1073799037181194,2017-05-04,-0.97,bmo,400104166.0,2025-04-25,2017-03-31,-0.0103092783505154,127.31774193548388,2491872.6774193547
2016-12-31,INCY,USD,879169,2017-02-14,2017-02-14 16:13:15,2016,Q4,326498000.0,19610000.0,306888000.0,0.9399383763,161585000,207164000.0,-111079000.0,96085000.0,17422000.0,257670000.0,277280000.0,594000.0,9470000.0,17566000.0,36481000.0,0.111734222,42079000.0,0.1288798094,-32634000.0,9445000.0,0.0289282017,572000.0,8873000.0,0.0271762767,0.05,0.05,188598000,195187000,https://www.sec.gov/Archives/edgar/data/879169/000155837017000594/0001558370-17-000594-index.htm,https://www.sec.gov/Archives/edgar/data/879169/000155837017000594/incy-20161231x10k.htm,1.7311848481956331,0.0470471585064528,0.5004188803698872,0.4162610420046872,4.287139842416145,2.22413281158867,-0.0347988843996224,2.22413281158867,3.5045493589539656,18910721460.0,18909859460.0,532.816450467711,57.91986921818817,200.37213609103816,240.8824989172802,45.08273942884661,45.08273942884661,57.91722907950432,518.3481664428058,200.36300260653965,240.87151886480012,0.0004692047322873,0.0041514016356306,1.553116216531932,0.3975846410069101,-0.0236287382473068,0.8150090638406077,4.443400211193242,10.636537811337766,0.0,0.0,0.6345031209992098,0.4949034909861622,0.2599968143478842,0.168174786496853,0.0486128552089139,0.9035637026073096,0.0845426311952906,1.534399035726963,0.0942401849114619,0.0073175337940089,-1.5745792638310057,-225528000.0,-6563000.0,-225528000.0,368181000.0,140140500.0,66561500.0,4092000.0,41.00551917622773,346.96124426313105,18.84446710861805,2.1948264967262263,0.2593949655418722,4.775937652216269,0.0211530346844924,0.0841578383652,2017-02-14,0.14,bmo,848899999.0,2025-04-25,2016-12-31,0.0714285714285712,97.5640476190476,1373765.238095238
2016-09-30,INCY,USD,879169,2016-11-01,2016-11-01 16:11:45,2016,Q3,269469000.0,20205000.0,249264000.0,0.9250192044,143184000,0.0,0.0,75776000.0,8012000.0,218960000.0,239165000.0,1188000.0,9479000.0,16951000.0,64732000.0,0.240220582,22292000.0,0.0827256568,16010000.0,38302000.0,0.1421387989,1425000.0,36877000.0,0.136850621,0.2,0.19,188029000,194265000,https://www.sec.gov/Archives/edgar/data/879169/000155837016008973/0001558370-16-008973-index.htm,https://www.sec.gov/Archives/edgar/data/879169/000155837016008973/incy-20160930x10q.htm,1.433124677576331,0.1961240021486047,0.506682479830239,0.4182439942774785,3.8110344680873696,1.9677071090097804,-0.327273984332204,1.9677071090097804,3.472405852288743,17729254410.0,17792589410.0,120.19181610488924,65.7932987096846,186.09287621626729,225.44256771190967,47.91871695145222,47.91871695145222,66.02833502183924,274.86543610579,186.7576640320769,226.24792617176573,0.00208000850725,0.0044357195278129,1.739076613709708,0.4166792406399451,0.9784187109930174,3.686046269928703,2.3517248654921405,2.583480218022073,0.0,0.0,0.0,0.5313561114636564,0.2794485152458076,0.1745441949806342,0.0617102523852465,0.9810040705563092,0.0984417502569868,2.946706356034365,0.0164634995741032,0.0331427410773345,-1.8983388200756264,646115000.0,-61537000.0,-287549000.0,1229580000.0,130504500.0,49124000.0,5101000.0,43.92739053471828,256.23162583518933,18.164810690423163,2.048835564882188,0.3512446978652389,4.954634624816086,0.0996713389155265,0.0884384855527604,2016-11-01,0.00649,bmo,14184210.0,2025-04-25,2016-09-30,15.949152542372882,84.257265625,1191400.953125
2016-06-30,INCY,USD,879169,2016-08-09,2016-08-09 16:57:43,2016,Q2,246288000.0,12367000.0,233921000.0,0.9497864289,120269000,0.0,0.0,66792000.0,2271000.0,187061000.0,199428000.0,1137000.0,9662000.0,12850000.0,57722000.0,0.2343678945,44589000.0,0.1810441434,-9379000.0,35210000.0,0.1429627103,785000.0,34425000.0,0.1397753849,0.18,0.18,187682000,193015000,https://www.sec.gov/Archives/edgar/data/879169/000155837016007827/0001558370-16-007827-index.htm,https://www.sec.gov/Archives/edgar/data/879169/000155837016007827/incy-20160630x10q.htm,1.312262230794642,0.1834219584190279,0.0936264532560394,-0.3444230133949979,3.352431240076299,1.582799629159962,-0.7452339595699108,1.582799629159962,3.4374793533743246,15010806360.0,15158643360.0,109.0109394335512,60.948184077177935,854.2457523332575,-232.21444819157824,50.53071691863342,50.53071691863342,61.54844474761255,262.61465922871696,862.6589665376736,-234.5014597320628,0.0022933478171921,-0.0043063642585021,2.1392465571276125,0.4481679860364251,2.561189840961851,3.980832822409617,4.614883046988202,0.5104429920116195,0.0,0.0,0.0,0.488326674462418,0.3081366032546413,4.678693375825176,0.3338124472162671,6.397976653696498,0.0864922367309816,2.55581780937574,0.0357631586883012,0.0350901334801155,-2.0862123165780417,593144000.0,-139867000.0,-328782000.0,1168587000.0,115383000.0,36311500.0,3716500.0,47.3175306957708,296.36613568367426,44.56699280342848,1.9020434641582875,0.3036784205873686,2.019431743958197,0.1158845093465022,0.4380494666510374,2016-08-09,0.01466,bmo,27366666.0,2025-04-25,2016-06-30,11.96043656207367,77.623515625,1204976.828125
2016-03-31,INCY,USD,879169,2016-05-09,2016-05-09 16:50:57,2016,Q1,263464000.0,6005000.0,257459000.0,0.9772075122,156824000,0.0,0.0,64596000.0,0.0,221420000.0,227425000.0,1492000.0,10134000.0,11058000.0,36039000.0,0.1367890869,36039000.0,0.1367890869,-11592000.0,24447000.0,0.0927906659,400000.0,24047000.0,0.0912724319,0.13,0.12,187184000,192625000,https://www.sec.gov/Archives/edgar/data/879169/000155837016005699/0001558370-16-005699-index.htm,https://www.sec.gov/Archives/edgar/data/879169/000155837016005699/incy-20160331x10q.htm,1.4075134626891188,0.1284671766817676,0.521064834601248,0.4913507564749124,4.33086695444055,1.2167065561159074,1.2167065561159074,1.2167065561159074,3.407214291819814,13565224480.0,13535251480.0,141.02824136066872,51.487962226338325,139.08058112472446,147.49137768692987,59.562430756801376,59.562430756801376,51.37419715786597,375.57233774522047,138.77327605474957,147.16548856729693,0.0017726945864739,0.0067800573544213,2.755861741925286,0.5685461736214402,-0.8316823441271955,4.670455623280867,3.556246299585553,4.056015303364245,0.0,0.0,0.0,0.595238818206662,0.0,0.0570256830881222,0.0211110436340448,0.5029842647856755,0.0788305043573315,1.8753411056589584,0.0392302238390809,0.0217828472872669,0.0592438456278314,735262000.0,227748000.0,59387000.0,827884000.0,107865000.0,30992000.0,1546000.0,34.59751616919199,478.0865945045795,19.61865112406328,2.601342812006319,0.1882504153735227,4.587471352177235,0.1055859985598117,0.0297140781263355,2016-05-09,0.17,bmo,373291666.0,2025-04-25,2016-03-31,-0.2941176470588236,74.52868852459017,2549316.5901639345
2015-12-31,INCY,USD,879169,2016-02-12,2016-02-12 16:41:11,2015,Q4,243881000.0,9704000.0,234177000.0,0.9602101025,116630000,144149000.0,-91682000.0,52467000.0,0.0,169097000.0,178801000.0,1289000.0,10213000.0,10604000.0,67982000.0,0.2787507022,65080000.0,0.2668514562,-9390000.0,55690000.0,0.2283490719,512000.0,55176000.0,0.2262414866,0.3,0.29,186269000,193367000,https://www.sec.gov/Archives/edgar/data/879169/000155837016003196/0001558370-16-003196-index.htm,https://www.sec.gov/Archives/edgar/data/879169/000155837016003196/incy-20151231x10k.htm,1.3092946222935646,0.2962167617800063,0.3758489066887136,0.3388271800460624,3.799789551669897,0.9188592841535628,0.9188592841535628,0.9188592841535628,3.382774374694662,20200873050.0,20299327050.0,91.5292566061331,82.83086033762368,288.5468018397635,320.0746763741226,118.02677719026612,118.02677719026612,83.23455722257987,298.5985562354741,289.9531067434187,321.63464024844325,0.0027313670980175,0.0031242709086773,3.621822324793316,0.6153150559834829,1.4482362978435468,1.0365461535242173,6.372270635464604,1.2688306510076846,0.0,0.0,0.5910628544249039,0.4782250359806627,0.0,0.0985016212201288,0.0282760854679126,0.6503206337231233,0.0701038621294811,2.474688715349452,0.3767443000611244,0.0547685221948701,-0.2242616860561875,30563000.0,171155000.0,30563000.0,116569000.0,100708000.0,28725500.0,2105500.0,42.23576252352581,279.02411376751854,16.536479802143447,2.1308955875928355,0.3225527671597141,5.442512619181155,0.3223744559025445,0.0370217266426512,2016-02-11,0.09,bmo,75693103.0,2025-04-25,2015-12-31,2.2222222222222223,111.530546875,1765512.40625
2015-09-30,INCY,USD,879169,2015-11-03,2015-11-03 16:16:16,2015,Q3,187611000.0,8040000.0,179571000.0,0.9571453699,132073000,0.0,0.0,47599000.0,0.0,179672000.0,187712000.0,3026000.0,11209000.0,11178000.0,-17186000.0,-0.0916044368,-101000.0,-0.000538348,-39472000.0,-39573000.0,-0.2109311288,9000.0,-39582000.0,-0.2109791004,-0.22,-0.22,179918181,181387000,https://www.sec.gov/Archives/edgar/data/879169/000155837015002176/0001558370-15-002176-index.htm,https://www.sec.gov/Archives/edgar/data/879169/000155837015002176/incy-20150930x10q.htm,1.0427573186725358,-0.2200000010004547,0.0429250671448262,-0.0313197919669941,3.5296321720815973,0.4932075208119184,0.5471876130183864,0.4932075208119184,3.530171306033824,19850372909.73,20028504909.73,-125.37499942985448,105.80601835569342,2570.293009158358,-3522.6926192954747,223.69894079955372,223.69894079955372,106.75549359968232,-1165.396538445828,2593.3581392891365,-3554.304331806566,-0.0019940179552293,-0.0002838737602374,7.031260917092081,0.6695048565775186,-10.364948213662284,4.863941780096648,-0.0090106164689089,-0.1951139406801071,0.0,0.0,0.0,0.7039725815650468,-0.0104213612151959,1.7296387414217274,0.0712005159612176,1.1950259438182145,0.0939443849241249,,-0.0001301651177622,-0.0420349941166725,-0.7876441347525629,602091000.0,98449000.0,-85281000.0,675565000.0,81044000.0,28264000.0,2162500.0,41.71898236244143,306.33582089552243,27.179104477611943,2.1572913552422786,0.2937952203464152,3.311367380560132,-0.4460597045200987,0.0742448591118203,2015-11-03,-0.41,bmo,349618181.0,2025-04-25,2015-09-30,-0.4634146341463414,112.12234375,1378587.453125
2015-06-30,INCY,USD,879169,2015-08-04,2015-08-04 16:09:56,2015,Q2,162984000.0,6254000.0,156730000.0,0.9616281353,112445000,0.0,0.0,51679000.0,0.0,164124000.0,170378000.0,1144000.0,11494000.0,11266000.0,5016000.0,0.0307760271,-7394000.0,-0.0453664163,16824000.0,9430000.0,0.0578584401,136000.0,9294000.0,0.0570240024,0.05,0.05,178676000,186493000,https://www.sec.gov/Archives/edgar/data/879169/000110465915055876/0001104659-15-055876-index.htm,https://www.sec.gov/Archives/edgar/data/879169/000110465915055876/a15-11942_110q.htm,0.9121762295999464,0.0520159394658488,0.0749401150686158,0.0626497123284604,3.511769907542144,0.3087935704851239,0.3520282522554792,0.3087935704851239,3.757969732924399,18619825960.0,18840109960.0,500.85608887454265,114.24327516811466,1390.576994772218,1663.3755547614794,337.47464312901,337.47464312901,115.59484342021302,3756.002783094099,1407.0283764002988,1683.054311238163,0.0004991453743963,0.0006011871445011,11.961521731250226,0.7093827290540955,43.91626794258373,3.808294193441124,-0.6432921524273534,1.4404044750430292,0.0,0.0,0.0,0.6899143474206058,-0.0083034427309673,0.1640029873039581,0.013473715211309,0.1949227764956506,0.107936975408629,0.6011648880053161,-0.0093331411922177,0.009907660687673,-1.0656383621751102,540518000.0,62899000.0,-142173000.0,614395000.0,72363000.0,27874000.0,2155500.0,41.48247680753939,419.6642149024624,27.299328429804923,2.169590798967014,0.2144571702901035,3.2967843964153927,0.168448907093921,0.0122904027401553,2015-08-04,-0.12,bmo,358599999.0,2025-04-25,2015-06-30,-0.6666666666666666,103.50595238095238,1067700.2222222222
2015-03-31,INCY,USD,879169,2015-04-30,2015-04-30 16:45:12,2015,Q1,159275000.0,2974000.0,156301000.0,0.981327892,118365000,0.0,0.0,44871000.0,0.0,163236000.0,166210000.0,1630000.0,12687000.0,11835000.0,6530000.0,0.0409982734,-6935000.0,-0.0435410454,-11057000.0,-17992000.0,-0.1129618584,367000.0,-18359000.0,-0.1152660493,-0.11,-0.11,166900000,172070000,https://www.sec.gov/Archives/edgar/data/879169/000110465915032614/0001104659-15-032614-index.htm,https://www.sec.gov/Archives/edgar/data/879169/000110465915032614/a15-7158_110q.htm,0.9543139604553624,-0.11,-0.0274775314559616,-0.0487657279808268,3.507633313361294,-0.2481306171360096,-0.2120311563810665,-0.2481306171360096,4.255446375074895,15298054000.0,15573779000.0,-208.3181818181818,96.04805525035316,-3335.8163977322283,-1879.5987222017447,-369.4022166952406,-369.4022166952406,97.7791806623764,2384.9584992343034,-3395.939598778892,-1913.4757341196707,-0.0012000872790748,-0.0005320284527692,-16.843672276821287,0.8086338891568052,42.224349157733535,3.068086615394845,-0.5466225269961378,0.2497957405087423,0.0,0.0,0.0,0.7431486422853555,-0.0069845030975256,-0.7747492368076755,0.0223073300894679,0.3002112378538234,0.1102370114581698,,-0.0097691772052712,-0.0211351190181534,-1.588993409227082,466550000.0,-35388000.0,-211892000.0,541192000.0,63768500.0,25524000.0,1386000.0,39.33046617485481,804.5527908540686,73.05312710154674,2.2883023964139992,0.1118633867449033,1.231980115990058,0.4433149011180064,0.0212881965248651,2015-04-30,-0.06,bmo,144818181.0,2025-04-25,2015-03-31,0.8333333333333334,82.66631147540983,1211155.213114754
2014-12-31,INCY,USD,879169,2015-02-17,2015-02-17 16:11:01,2014,Q4,123973000.0,2428000.0,121545000.0,0.9804150904,98717000,117319000.0,-68867000.0,48452000.0,0.0,147169000.0,149597000.0,940000.0,12516000.0,12221000.0,-12463000.0,-0.1005299541,-25624000.0,-0.2066901664,-11576000.0,-37200000.0,-0.3000653368,-256000.0,-36944000.0,-0.298000371,-0.22,-0.22,169688256,169924000,https://www.sec.gov/Archives/edgar/data/879169/000104746915000858/0001047469-15-000858-index.htm,https://www.sec.gov/Archives/edgar/data/879169/000104746915000858/a2223029z10-k.htm,0.730592693462534,-0.2177168937371835,0.26354210393912,0.2290376536134592,3.5374457499286223,0.0,0.1982517870889073,-0.4810468439253687,4.134841246762534,12405908396.16,12642729396.16,-83.95076599826764,100.0694376691699,277.4129784472272,319.20515621150133,-151.98104077228402,-151.98104077228402,101.97970038766503,-1014.4210379651768,282.7086179821109,325.29858217316354,-0.0029779359012061,0.0031327814746745,-8.442176704072132,0.8301936345050833,-19.001925700072213,3.156508588583166,-2.0472994566954297,-1.2105134937606583,0.0,0.0,0.9463270228194848,0.7962782218708913,-0.0405279561096728,0.1309257602862254,0.0472280254571559,0.4790933638818427,0.1282779314850814,,-0.0418166059145103,-0.0427736161443077,-1.0971722757289697,477699000.0,33641000.0,-130855000.0,525848000.0,83766000.0,25533500.0,380000.0,42.05730279980318,906.7462932454696,13.27018121911038,2.1399375140248216,0.0992559888807129,6.782122905027933,0.4525897976184642,0.0345044503256607,2015-02-12,-0.14,bmo,50727272.0,2025-04-25,2014-12-31,0.5714285714285713,65.32859375,1338465.28125
2014-09-30,INCY,USD,879169,2014-10-30,2014-10-30 16:37:16,2014,Q3,198147000.0,221000.0,197926000.0,0.9988846664,88537000,0.0,0.0,39446000.0,0.0,127983000.0,128204000.0,885000.0,11463000.0,9871000.0,69943000.0,0.3529854098,69943000.0,0.3529854098,-10578000.0,59365000.0,0.2996008014,72000.0,59293000.0,0.2992374348,0.35,0.33,168592000,189046000,https://www.sec.gov/Archives/edgar/data/879169/000110465914075282/0001104659-14-075282-index.htm,https://www.sec.gov/Archives/edgar/data/879169/000110465914075282/a14-19760_110q.htm,1.1753048780487805,0.3516952168548923,0.1648180222074594,0.1015943817025718,3.157676520831356,-0.5314071842080289,-0.4437695738825092,-0.5314071842080289,4.109186675524343,8269437599.999999,8568746599.999999,34.86683756935894,41.733852140077815,297.60095008457193,482.8022886501634,-92.30210177361565,-92.30210177361565,43.244392294609554,122.51042420256492,308.37249793068696,500.27712517515175,0.0071701369389376,0.0020712412171778,-7.604703597459566,0.8676217582599505,4.279327452354059,5.315369805871971,6.101631335601501,0.468646697699521,0.0,0.0,0.0,0.4468248320691204,-0.0188153043876907,0.3835966459135567,0.0537933958122,1.0798298044777632,0.0778613857388706,,0.1057487766856451,0.0741125443727813,-1.5427585531935086,537954000.0,-74816000.0,-212242000.0,598437000.0,78402000.0,26928000.0,335500.0,49.780768823146445,10834.615384615385,163.710407239819,1.807927079626639,0.0083067092651757,0.5497512437810945,-0.661818709468585,0.0632236405048875,2014-10-30,0.00538,bmo,6003030.3,2025-04-25,2014-09-30,60.33828996282528,50.132734375,922786.328125
2014-06-30,INCY,USD,879169,2014-07-31,2014-07-31 16:07:52,2014,Q2,99582000.0,187000.0,99395000.0,0.9981221506,84683000,0.0,0.0,40899000.0,0.0,125582000.0,125769000.0,790000.0,11406000.0,9698000.0,-15699000.0,-0.1576489727,-26187000.0,-0.2629692113,-10616000.0,-36803000.0,-0.3695748228,70000.0,-36873000.0,-0.370277761,-0.22,-0.22,167604545,167914000,https://www.sec.gov/Archives/edgar/data/879169/000110465914055475/0001104659-14-055475-index.htm,https://www.sec.gov/Archives/edgar/data/879169/000110465914055475/a14-14041_110q.htm,0.5941485656012491,-0.2200000005966425,-0.0868532532933399,-0.1387551870982973,3.035436777684042,-1.0202467958133234,-0.9313470586373418,-1.0202467958133234,4.085336707307072,9459600519.8,9726651519.8,-64.13636346242508,94.99307625675324,-649.8317317991344,-406.7595682748538,-55.31994830231933,-55.31994830231933,97.67479584463057,-619.5714070832537,-668.1769265508002,-418.2426694100447,-0.0038979447306279,-0.0024584547678649,-3.937560673224248,0.9914711525576972,-17.010701318555324,5.128035398544608,-2.2958968963703312,0.3947875138990589,0.0,0.0,0.0,0.8503846076600189,-0.0219405778470844,-0.5975819193515147,0.0873551445040268,0.8969890699113219,0.1554296961298226,,-0.0463089666898694,-0.0531305880200055,-1.824614899315529,464598000.0,-156098000.0,-272960000.0,505305000.0,46799500.0,22600500.0,308000.0,42.66283063204193,13115.454545454546,129.46524064171123,2.109564664760089,0.006862133499688,0.6951672862453532,0.2156341009836372,0.0519019338049573,2014-07-31,-0.09,bmo,18109090.0,2025-04-25,2014-06-30,1.4444444444444446,51.070477777777775,2000212.0
2014-03-31,INCY,USD,879169,2014-05-01,2014-05-01 16:08:57,2014,Q1,89792000.0,168000.0,89624000.0,0.9981290093,75585000,0.0,0.0,36974000.0,0.0,112559000.0,112727000.0,735000.0,11443000.0,9623000.0,-12842000.0,-0.1430194227,-22935000.0,-0.2554236458,-10973000.0,-33908000.0,-0.3776282965,49000.0,-33957000.0,-0.3781740021,-0.21,-0.21,165357000,165357000,https://www.sec.gov/Archives/edgar/data/879169/000110465914033497/0001104659-14-033497-index.htm,https://www.sec.gov/Archives/edgar/data/879169/000110465914033497/a14-9590_110q.htm,0.5430190436449621,-0.205355684972514,-0.1916701439914851,-0.2077746935418518,3.1400605961646617,0.0,0.0900596890364484,-0.9822505246224836,4.092146083927502,8849906640.0,9078543640.0,-65.15524516300026,98.5600792943692,-279.22971666561494,-257.58671129609684,-54.487117754983935,-54.487117754983935,101.1063751781896,-706.9415698489332,-286.4436057297911,-264.24145414326046,-0.0038369896295312,-0.0038821878464471,-4.095639753235399,0.9975945748965998,-17.803846752842237,5.4343394673848,-2.004282093856506,0.933356892540566,0.0,0.0,0.0,0.841778777619387,-0.022332662493664,-0.0840222124061336,0.0296574305060584,0.2767328276005403,0.1709172309337134,,-0.0410231853561711,-0.049810918884348,-0.6811081478256137,474226000.0,14892000.0,-85656000.0,497988000.0,40884000.0,18526000.0,376500.0,46.50147006414826,9616.071428571428,185.8928571428571,1.9354226839677544,0.0093593314763231,0.484149855907781,0.2090665057689229,0.0161045495503667,2014-05-01,-0.19,bmo,76971428.0,2025-04-25,2014-03-31,0.1052631578947368,62.06295081967213,2001904.1475409835
2013-12-31,INCY,USD,879169,2014-02-21,2014-02-21 17:11:16,2013,Q4,97072000.0,167000.0,96905000.0,0.9982796275,75020000,71957000.0,-33929000.0,38028000.0,0.0,113048000.0,113215000.0,497000.0,8932000.0,8852000.0,-15646000.0,-0.1611793308,-16143000.0,-0.1662992418,-26593000.0,-42733000.0,-0.4402196308,137000.0,-42870000.0,-0.4416309543,-0.26,-0.26,161914000,161914000,https://www.sec.gov/Archives/edgar/data/879169/000104746914001174/0001047469-14-001174-index.htm,https://www.sec.gov/Archives/edgar/data/879169/000104746914001174/a2218324z10-k.htm,0.5995281445705745,-0.2647701866422915,-0.0721926454784638,-0.0847363415146312,3.143668861247329,0.0,-0.0073434045233889,-1.1926578307002482,4.141081067727312,8197705820.0,8387843820.0,-47.80560893398648,84.44974678589088,-701.3179758747541,-597.5004241982507,-42.45140449903681,-42.45140449903681,86.40847844898632,-536.1014840853892,-717.5843801865001,-611.3588790087464,-0.0052295118831185,-0.0016736389791552,-3.425891211135738,1.0508269162346244,-12.152499041288507,5.144286481183244,-1.807321988356471,0.272655174826806,0.0,0.0,0.7412745178836327,0.7728284160210978,0.0018885966249872,-0.1737531012062623,0.0209226141420801,0.2294396746497966,0.1011723256963903,,-0.0310526295970421,-0.0682231583168756,-0.579508257470015,447757000.0,-1189000.0,-73769000.0,475794000.0,34285500.0,18657000.0,382500.0,32.79689302785561,10294.491017964072,218.8023952095808,2.744162379148527,0.0087425400481624,0.4113300492610837,0.2220001242827847,0.0125436960361673,2014-02-12,-0.09,bmo,71206666.0,2025-04-25,2013-12-31,0.6666666666666666,43.506375,1649272.171875
2013-09-30,INCY,USD,879169,2013-10-31,2013-10-31 16:12:49,2013,Q3,85123000.0,155000.0,84968000.0,0.9981791055,71704000,0.0,0.0,26447000.0,0.0,98151000.0,98306000.0,385000.0,7699000.0,4568000.0,-13183000.0,-0.1548700116,-13183000.0,-0.1548700116,-8805000.0,-21988000.0,-0.2583085653,49000.0,-22037000.0,-0.2588842029,-0.14,-0.14,155067000,155067000,https://www.sec.gov/Archives/edgar/data/879169/000110465913079662/0001104659-13-079662-index.htm,https://www.sec.gov/Archives/edgar/data/879169/000110465913079662/a13-19498_110q.htm,0.5489433599669821,-0.1421127641600082,-0.0770634628902345,-0.0821515860885939,1.8777302714310589,0.1856681305500203,0.1694944765810907,0.1856681305500203,1.2564568863781462,5915806050.0,5830820050.0,-67.11219823478694,69.49715176861717,-495.0465313807531,-464.38543449250335,205.47414296134207,205.47414296134207,68.49876120437484,-442.2984184176591,-487.9347322175733,-457.7141102127326,-0.0037251052204458,-0.0021533836458347,6.499808968080303,0.5236038052602127,6.44663581885762,3.047936948620066,-1.712300298740096,0.5422944273007806,0.0,0.0,0.0,0.8423575296923276,0.0070173475097929,-0.0660251046025104,0.0092689402394182,0.172723292469352,0.1109805810415516,,-0.0532967792144274,-0.062094947195203,-0.0796929714252548,224245000.0,26283000.0,5134000.0,232954000.0,30359500.0,15841500.0,246000.0,35.09897442524347,10574.709677419356,208.45161290322585,2.5641774859174022,0.0085108719525587,0.4317548746518105,-0.7654128026119273,0.0050881231983594,2013-10-31,-0.13,bmo,79021428.0,2025-04-25,2013-09-30,0.0769230769230769,29.519375,1625300.25
2013-06-30,INCY,USD,879169,2013-08-01,2013-08-01 16:07:00,2013,Q2,101675000.0,157000.0,101518000.0,0.9984558643,60950000,0.0,0.0,23249000.0,0.0,84199000.0,84356000.0,245000.0,10293000.0,8053000.0,25617000.0,0.2519498402,17319000.0,0.1703368576,-19819000.0,-2500000.0,-0.0245881485,71000.0,-2571000.0,-0.0252864519,-0.0181,-0.0181,142284000,142284000,https://www.sec.gov/Archives/edgar/data/879169/000110465913058943/0001104659-13-058943-index.htm,https://www.sec.gov/Archives/edgar/data/879169/000110465913058943/a13-13435_110q.htm,0.7145919428748138,-0.0180694948131905,0.0567948609822608,0.0529082679711,1.9499943774422983,-0.1952854853672936,-0.2178038289617947,-0.1952854853672936,1.6453712293722411,3261149280.0000005,3226764280.0000005,-317.1090315052509,32.07424912712073,403.557638906076,433.2026142401701,-117.36663355646728,-117.36663355646728,31.73606373248095,125.96183315766876,399.30259621334,428.6350000000001,-0.0007883723740484,0.0023083886549345,-8.055027711797308,0.6696716823400226,-1.3422727095288285,3.0436585792264808,1.6825998251238703,-3.143134966938934,0.0,0.0,0.0,0.5994590607327268,0.0095865285935269,0.0684321247370375,0.0054388984509466,0.0686700608468893,0.0976936316695352,,0.0770162699287817,-0.0077670196214673,-0.4487082173680807,210411000.0,-30990000.0,-48636000.0,219851000.0,27781500.0,14493000.0,161000.0,24.36174084091468,7722.229299363058,76.24203821656052,3.694317273453964,0.0116546655779081,1.1804511278195489,0.0925286115309868,0.0038865930111607,2013-08-01,0.07,bmo,162720000.0,2025-04-25,2013-06-30,-0.2857142857142857,21.84640625,1117272.703125
2013-03-31,INCY,USD,879169,2013-05-02,2013-05-02 16:30:47,2013,Q1,71077000.0,150000.0,70927000.0,0.9978896127,52763000,0.0,0.0,22261000.0,0.0,75024000.0,75174000.0,199000.0,11728000.0,7734000.0,3836000.0,0.0539696386,-4097000.0,-0.0576417125,-11529000.0,-15626000.0,-0.2198460824,43000.0,-15669000.0,-0.2204510601,-0.12,-0.12,134345000,134345000,https://www.sec.gov/Archives/edgar/data/879169/000110465913036617/0001104659-13-036617-index.htm,https://www.sec.gov/Archives/edgar/data/879169/000110465913036617/a13-8416_110q.htm,0.529063232721724,-0.1166325505229074,0.1841378540325282,0.1774833451189102,2.0110834046670885,-1.2172094234992,-1.258468867468086,-1.2172094234992,2.5995831627526145,3089935000.0,3161634000.0,-49.30013083157827,43.47306442309045,124.90641927399145,129.58962422412347,-18.89568019764441,-18.89568019764441,44.48181549587068,824.2007299270073,127.80475382003397,132.59662808253648,-0.0050709804575177,0.007716667179083,-2.0639714785416388,1.021893412296159,18.691084462982275,2.5486919024100656,-0.3493349249658936,-1.578786138234731,0.0,0.0,0.0,0.7423357766928824,0.0167826281783445,0.0361387339316032,0.012577908465467,0.1155934833204034,0.129394881607271,,-0.0196569085136759,-0.0482510570027006,-1.5073411738434628,187830000.0,-169069000.0,-184695000.0,199858000.0,49496000.0,14738000.0,233500.0,35.506422612096735,9309.0,113.4,2.534752683570486,0.0096680631646793,0.7936507936507936,0.0958196250137592,0.0066545089136179,2013-05-02,-0.13,bmo,112575000.0,2025-04-25,2013-03-31,-0.0769230769230769,20.502693333333333,1799533.566666667
2012-12-31,INCY,USD,879169,2013-02-21,2013-02-21 16:17:27,2012,Q4,113845000.0,99000.0,113746000.0,0.9991303966,59763000,61635000.0,-37906000.0,23729000.0,0.0,83492000.0,83591000.0,371000.0,11765000.0,7765000.0,38390000.0,0.3372128772,30254000.0,0.265747288,-11394000.0,18860000.0,0.1656638412,81000.0,18779000.0,0.1649523475,0.14,0.14,131711000,139118000,https://www.sec.gov/Archives/edgar/data/879169/000104746913001393/0001047469-13-001393-index.htm,https://www.sec.gov/Archives/edgar/data/879169/000104746913001393/a2212845z10-k.htm,0.8643545337898885,0.1425773094122738,-0.1670931053594612,-0.1741540190265049,1.7342363204288176,0.0,-0.0461768569064087,-1.3283400778978218,2.602979250024675,2187719710.0,2294738710.0,29.124550162415463,19.21665167552374,-99.40565748818612,-95.37534702240823,-12.50432797773167,-12.50432797773167,20.156692959725945,59.77438681948424,-104.26838922210104,-100.04092379457668,0.0085838235648569,-0.0104848897667974,-1.8923278291237275,1.0019883844452044,2.787679083094556,2.274600584975822,2.571525711857204,-1.1719473880398317,0.0,0.0,0.5413940006148711,0.5249505907154465,0.018406931804769,-0.042257360959651,0.0081690017128551,0.1197681905988409,0.0796433747639334,,0.1550030358656113,0.057899653755199,-0.369359810494188,173440000.0,-6082000.0,-20905000.0,185870000.0,43745500.0,13362500.0,234000.0,56.09021037375378,12691.818181818182,252.72727272727272,1.6045580752913984,0.0070911825800444,0.356115107913669,-0.1073349451579531,0.0070609136670437,2013-02-14,0.01505,bmo,16257142.0,2025-04-25,2012-12-31,8.302325581395351,17.183024193548388,1231076.2903225806
2012-09-30,INCY,USD,879169,2012-11-01,2012-11-01 16:20:43,2012,Q3,60492000.0,31000.0,60461000.0,0.9994875355,50079000,0.0,0.0,20520000.0,0.0,70599000.0,70630000.0,27000.0,11573000.0,7576000.0,-2535000.0,-0.0419063678,-10138000.0,-0.1675924089,-11546000.0,-21684000.0,-0.3584606229,26000.0,-21710000.0,-0.3588904318,-0.17,-0.17,130851000,130851000,https://www.sec.gov/Archives/edgar/data/879169/000110465912073204/0001104659-12-073204-index.htm,https://www.sec.gov/Archives/edgar/data/879169/000110465912073204/a12-19883_110q.htm,0.4622968108764931,-0.1659139020718221,-0.207449694690908,-0.2105524604320945,1.8616518024317736,-1.6809195191477329,-1.731511413745405,-1.6809195191477329,2.645543404330116,2342232900.0,2437748900.0,-26.971820589590045,38.71971335052569,-86.28597900165775,-85.0144423069943,-10.64893339395317,-10.64893339395317,40.29869900152086,-961.6366469428008,-89.80471173328421,-88.48132191209031,-0.0092689330766381,-0.0117627072867091,-1.5212502841554898,1.128362587890131,-37.67889546351085,2.02503614475338,-0.8760044932169705,1.2503454629203132,0.0,0.0,0.0,0.8278615354096409,0.0223245148127539,-0.014956713943636,0.0067116312900879,0.0535902851108764,0.1584176420022482,,-0.0601633327917714,-0.0748840177293344,-1.9899427593216712,141087000.0,-226570000.0,-237757000.0,153876000.0,15190500.0,11933000.0,189000.0,24.608212656219003,37056.77419354839,551.6129032258065,3.657315598548972,0.0024287057348793,0.1631578947368421,0.0987042509661286,0.0031027657411865,2012-11-01,-0.21,bmo,74735294.0,2025-04-25,2012-09-30,-0.5238095238095237,20.963015873015877,1747476.507936508
2012-06-30,INCY,USD,879169,2012-08-03,2012-08-03 16:12:20,2012,Q2,86542000.0,16000.0,86526000.0,0.9998151187,51588000,0.0,0.0,19719000.0,0.0,71307000.0,71323000.0,315000.0,11430000.0,7404000.0,22938000.0,0.2650504957,15219000.0,0.1758568094,-11115000.0,4104000.0,0.047422061,67000.0,4037000.0,0.0466478704,0.03,0.03,129224000,137969000,https://www.sec.gov/Archives/edgar/data/879169/000110465912054163/0001104659-12-054163-index.htm,https://www.sec.gov/Archives/edgar/data/879169/000110465912054163/a12-13658_110q.htm,0.6697053178976041,0.0312403268742648,0.0675106791308116,0.0597180090385686,2.0588358199715224,-1.6807094657339194,-1.7360706989413732,-1.6807094657339194,2.6290781898099422,2933384800.0,2999887800.0,181.65622987366856,33.89550507268147,336.2430994956442,380.1198393157963,-13.506201079249314,-13.506201079249314,34.663952762820365,130.78244833900078,343.86609353507566,388.7375664118181,0.0013762258534918,0.0026307492968532,-1.5116396854338177,1.0523734577893458,2.8992501525852297,2.1051735119622705,1.331496062992126,2.161010651473867,0.0,0.0,0.0,0.5961036259850708,0.0229316186440406,0.1154287024300779,0.0116359686626146,0.1360075634792004,0.1145224284162603,,0.0869167537544511,0.013244011980959,-1.955002553705194,154427000.0,-224342000.0,-235001000.0,168096000.0,13425500.0,12138000.0,1850500.0,14.394051443229875,62448.75,1057.5,6.252582905859403,0.0014411817690506,0.0851063829787234,-0.0185875831077223,0.0077926700922429,2012-08-02,,bmo,,2025-04-25,2012-06-30,,21.467301587301588,1717789.857142857
2012-03-31,INCY,USD,879169,2012-04-26,2012-04-26 16:51:44,2012,Q1,36179000.0,11000.0,36168000.0,0.9996959562,48960000,0.0,0.0,21396000.0,0.0,70356000.0,70367000.0,52000.0,11290000.0,7234000.0,-26902000.0,-0.7435805301,-34188000.0,-0.9449680754,-11238000.0,-45426000.0,-1.2555902595,52000.0,-45426000.0,-1.2555902595,-0.36,-0.36,127203000,127203000,https://www.sec.gov/Archives/edgar/data/879169/000110465912029092/0001104659-12-029092-index.htm,https://www.sec.gov/Archives/edgar/data/879169/000110465912029092/a12-6693_110q.htm,0.2844193926243878,-0.3571142190042687,-0.4276707310362177,-0.4315700101412703,1.8585332106947163,-1.9563768150122245,-2.016799918240922,-1.9563768150122245,2.6214161615685163,2455017900.0,2545324900.0,-13.51108341038172,67.85753890378396,-45.12817595264793,-44.7204382753156,-9.8651751809272,-9.8651751809272,70.35365543547361,-94.61470894357296,-46.78820058454808,-46.36546441517751,-0.0185033274095476,-0.0223611404218274,-1.2945667592231682,1.0973081783285024,-3.3568879637201694,1.9407163788923325,-3.0281665190434013,1.1975740765200549,0.0,0.0,0.0,1.3532712346941596,0.0261790982755038,-0.0091174794580981,0.0137096105475552,0.0685651092065247,0.2745238950772548,,-0.2128023852846785,-0.1588838328547394,-2.315393504870168,133863000.0,-256543000.0,-266288000.0,147781000.0,9712500.0,14056500.0,3524500.0,32.3640786091379,107787.27272727272,28742.727272727272,2.780860876249039,0.0008349779869439,0.0031312268716196,0.182538566325239,0.0038992791050525,2012-04-26,-0.46,bmo,46255555.0,2025-04-25,2012-03-31,-0.2173913043478261,17.518064516129034,1670587.6129032257
2011-12-31,INCY,USD,879169,2012-02-22,2012-02-22 16:29:04,2011,Q4,28890000.0,0.0,28890000.0,1.0,51877000,36965000.0,-15813000.0,21152000.0,0.0,73029000.0,73029000.0,213000.0,11153000.0,7042000.0,-37346000.0,-1.2926964348,-44139000.0,-1.5278296989,-10941000.0,-55080000.0,-1.9065420561,10691000.0,-55079000.0,-1.906507442,-0.44,-0.44,126391000,126391000,https://www.sec.gov/Archives/edgar/data/879169/000104746912001295/0001047469-12-001295-index.htm,https://www.sec.gov/Archives/edgar/data/879169/000104746912001295/a2207267z10-k.htm,0.2285764018007611,-0.4357826111036387,-0.3147296880315845,-0.3225783481418772,2.196311446226393,-1.7966231772831929,-1.8616357177330665,-1.7966231772831929,2.5896305907857364,1897128910.0,1940117910.0,-8.61094477931698,65.66732121841467,-47.69171950023882,-46.53133133845135,-8.3545621529261,-8.3545621529261,67.15534475597093,-51.94981818668666,-48.77241534477991,-47.58573275122023,-0.0290328188610019,-0.0214908959454948,-1.3922722248400323,0.961062371945696,-1.1511005194666095,2.291636556697686,-3.9575898861292926,0.7222171789611286,0.0,0.0,1.27950848044306,1.7956732433367948,0.0249785689532529,-0.0249377812413585,0.0343371408791969,0.1408690712865663,0.2577708549671166,,-0.2725984104406233,-0.1717220845219723,-2.150989785665119,175164000.0,-235294000.0,-245261000.0,189812000.0,4438500.0,12988500.0,1768000.0,19.98442367601246,0.0,0.0,4.503507404520655,0.0,0.0,0.2425564896488856,0.0078486601102926,2012-02-15,-0.39,bmo,25615909.0,2025-04-25,2011-12-31,0.1282051282051281,13.88,2032878.0793650795
2011-09-30,INCY,USD,879169,2011-10-27,2011-10-27 16:25:59,2011,Q3,16782000.0,0.0,16782000.0,1.0,44604000,0.0,0.0,14282000.0,0.0,58886000.0,58886000.0,45000.0,11019000.0,6871000.0,-35188000.0,-2.0967703492,-42104000.0,-2.5088785604,-10974000.0,-53078000.0,-3.1627934692,45000.0,-53078000.0,-3.1627934692,-0.42,-0.42,126260000,126260000,https://www.sec.gov/Archives/edgar/data/879169/000110465911058474/0001104659-11-058474-index.htm,https://www.sec.gov/Archives/edgar/data/879169/000110465911058474/a11-25172_110q.htm,0.1329162046570568,-0.420386504039284,-0.3720734991287819,-0.3814192935213052,2.51049421827974,-1.4337082211309995,-1.4337082211309995,-1.4337082211309995,2.5447172501188025,1763852200.0,1761801200.0,-8.307830928068126,105.10381360982004,-37.546345097705306,-36.62635906806761,-9.743963098000222,-9.743963098000222,104.98159933261827,-50.06823917244515,-37.50268636382988,-36.58377009012002,-0.0300920904824111,-0.0273027411253618,-1.7140481714727651,0.8358214986100037,0.0582869159940888,2.863976454442488,-3.8210363916870858,0.8850747955838577,0.0,0.0,0.0,2.657847693957812,0.0,-0.0251181404061475,0.0703134310570849,0.1717362829282491,0.440889047789298,,-0.1683789558563278,-0.1429810572592289,-1.8487446538888008,225461000.0,-181020000.0,-205826000.0,231538000.0,2419000.0,9913000.0,0.0,13.20343224883804,0.0,0.0,6.816409423233144,0.0,0.0,0.293216219202298,0.0093457943925233,2011-10-27,-0.45,bmo,18000000.0,2025-04-25,2011-09-30,-0.0666666666666667,16.1353125,1565272.25
2011-06-30,INCY,USD,879169,2011-07-28,2011-07-28 16:13:32,2011,Q2,16811000.0,0.0,16811000.0,1.0,46047000,0.0,0.0,11858000.0,0.0,57925000.0,57925000.0,132000.0,10888000.0,6647000.0,-34335000.0,-2.042412706,-41114000.0,-2.4456605794,-10756000.0,-51870000.0,-3.0854797454,132000.0,-51870000.0,-3.0854797454,-0.41,-0.41,125330000,125330000,https://www.sec.gov/Archives/edgar/data/879169/000110465911041507/0001104659-11-041507-index.htm,https://www.sec.gov/Archives/edgar/data/879169/000110465911041507/a11-13795_110q.htm,0.1341338865395356,-0.413867390090162,-0.2452405649086411,-0.25381792068938,2.9052102449533237,-1.0874012606718264,-1.0874012606718264,-1.0874012606718264,2.5167318279741484,2373750200.0,2319210200.0,-11.44086273375747,141.2022009398608,-77.23029021343051,-74.62042060922323,-17.417673387925216,-17.417673387925216,137.9578966153114,-67.54653269258773,-75.45582378969287,-72.90591933607871,-0.0218514989487941,-0.0134011573753632,-2.234554313052156,0.73088803181468,1.5884665792922674,3.541462224511372,-3.7760837619397503,0.5925468951822791,0.0,0.0,0.0,2.7390993992029027,0.0,-0.0349752732951587,0.063946225685563,0.1617270949300436,0.4277556361905895,,-0.1347031591177197,-0.1244890955040404,-1.4924998005266097,281256000.0,-136284000.0,-161024000.0,286756000.0,9477500.0,8289500.0,0.0,12.7202426982333,0.0,0.0,7.075336700336701,0.0,0.0,0.3806022717266883,0.0085773557807388,2011-07-28,-0.36,bmo,14751219.0,2025-04-25,2011-06-30,0.1388888888888888,18.123,1776889.7777777778
2011-03-31,INCY,USD,879169,2011-05-03,2011-05-03 16:24:07,2011,Q1,31973000.0,0.0,31973000.0,1.0,36282000,0.0,0.0,10825000.0,0.0,47798000.0,47798000.0,72000.0,10759000.0,6430000.0,-9323000.0,-0.2915897789,-15825000.0,-0.4949488631,-10687000.0,-26512000.0,-0.8291996372,72000.0,-26512000.0,-0.8291996372,-0.21,-0.21,123467000,123467000,https://www.sec.gov/Archives/edgar/data/879169/000110465911025298/0001104659-11-025298-index.htm,https://www.sec.gov/Archives/edgar/data/879169/000110465911025298/a11-8057_110q.htm,0.2589598840175917,-0.2147294418751569,-0.3581685794584788,-0.3626394097208161,3.1071136417018312,-0.8421521540168628,-0.921468894522423,-0.8421521540168628,2.50818437315234,1956951950.0,1878027950.0,-18.45345456774291,61.20639133018484,-44.2529046628375,-43.70732903024077,-18.82082700186578,-18.82082700186578,58.7379335689488,-201.4403035503593,-42.46818212654335,-41.94460959485416,-0.0135475988564767,-0.0228794580265499,-2.8748292908115176,0.6503809784902721,8.465515392041189,3.86603982501679,-1.470861604238312,1.6679993964996982,0.0,0.0,0.0,1.1347699621555687,0.0213073806695299,-0.0124824747863054,0.017264566978388,0.0858475894245723,0.2172458011447158,,-0.04541181133877,-0.0589400484201212,-1.3568301651453425,315786000.0,-113771000.0,-137616000.0,330513000.0,11140000.0,9282000.0,0.0,46.6678134676133,0.0,0.0,1.9285240364316305,0.0,0.0,0.254977014368424,0.0044708302623373,2011-05-03,-0.32,bmo,48761904.0,2025-04-25,2011-03-31,-0.34375,14.67399193548387,1354407.161290323
2010-12-31,INCY,USD,879169,2011-02-23,2011-02-23 16:17:09,2010,Q4,85870000.0,0.0,85870000.0,1.0,32774000,21737000.0,-10972000.0,10765000.0,0.0,43559000.0,43559000.0,1311000.0,10637000.0,6826000.0,52576000.0,0.6122743682,42311000.0,0.4927332014,-9771000.0,32540000.0,0.3789449167,13209000.0,32541000.0,0.3789565622,0.27,0.27,122966000,122966000,https://www.sec.gov/Archives/edgar/data/879169/000104746911001198/0001047469-11-001198-index.htm,https://www.sec.gov/Archives/edgar/data/879169/000104746911001198/a2202084z10-k.htm,0.6983231137062277,0.264634126506514,0.2228502187596571,0.2005757689117317,3.449473838296765,-0.7208821950783143,-0.8057186539368606,-0.7208821950783143,2.472789226290194,2036316960.0,1911836960.0,15.644240803908913,23.71395085594503,74.31000109477064,82.56231592604605,-22.971853255719505,-22.971853255719505,22.26431768953068,36.36330188679245,69.76743276283618,77.51528381446641,0.015980321648944,0.0121120633400804,-3.310229682776048,0.599353324577547,-2.3676202069385277,4.010231304975655,3.977719281752374,0.8421068805506899,0.0,0.0,0.2531384651216956,0.3816699662280191,0.0213080164467166,0.0999525599386928,0.0318970536858041,0.401259888661002,0.0479911494119017,,0.0668487016753504,0.067914156139322,-1.2180704422360653,341881000.0,-99076000.0,-122771000.0,357117000.0,5218000.0,9261500.0,0.0,5.975195062303482,0.0,0.0,15.062269777232064,0.0,0.0,-0.367097603898741,0.0222744498479254,2011-02-10,0.19,bmo,68004166.0,2025-04-25,2010-12-31,0.263157894736842,16.13515625,1695596.828125
2010-09-30,INCY,USD,879169,2010-11-09,2010-11-09 16:11:38,2010,Q3,16872000.0,0.0,16872000.0,1.0,30609000,0.0,0.0,8458000.0,0.0,38928000.0,38928000.0,212000.0,10515000.0,5378000.0,-16466000.0,-0.9759364628,-22056000.0,-1.307254623,-10303000.0,-32359000.0,-1.9179113324,-658000.0,-31701000.0,-1.8789118065,-0.26,-0.26,122189000,122189000,https://www.sec.gov/Archives/edgar/data/879169/000110465910057267/0001104659-10-057267-index.htm,https://www.sec.gov/Archives/edgar/data/879169/000110465910057267/a10-17545_110q.htm,0.1380811693360286,-0.2594423393267806,-0.2416093101670363,-0.245423074090139,3.237484552619303,-1.054988583260359,-1.054988583260359,-1.054988583260359,2.44361603745018,1953802110.0,1853066110.0,-15.408047932241889,115.8014527027027,-66.18122451053452,-65.1527981192477,-15.156562121823317,-15.156562121823317,109.8308505215742,-112.53893538199928,-62.7689895671025,-61.79358776844071,-0.0162252870123064,-0.0153485349649868,-2.234678995873025,0.6199810606060606,6.117818535163367,3.59545446809959,-2.097574893009986,0.9312346224212984,0.0,0.0,0.0,1.8141891891891893,0.0,-0.0157848384255809,0.027619724988146,0.0866493120119003,0.2405761024182076,,-0.0622482990011757,-0.0682270144628099,-1.5910740737709614,305023000.0,-128908000.0,-171003000.0,307408000.0,5547500.0,8454000.0,0.0,25.25782361308677,0.0,0.0,3.5632523759239705,0.0,0.0,0.2459195705464362,0.0038137639231027,2010-11-09,-0.32,bmo,20800000.0,2025-04-25,2010-09-30,-0.1875,13.1171015625,1605889.734375
2010-06-30,INCY,USD,879169,2010-08-05,2010-08-05 16:03:41,2010,Q2,49847000.0,0.0,49847000.0,1.0,28883000,0.0,0.0,7485000.0,0.0,36223000.0,36223000.0,142000.0,10391000.0,5885000.0,19651000.0,0.3942263326,13624000.0,0.273316348,-10249000.0,3375000.0,0.067707184,331000.0,3044000.0,0.0610668646,0.03,0.02,121630000,128291000,https://www.sec.gov/Archives/edgar/data/879169/000110465910042366/0001104659-10-042366-index.htm,https://www.sec.gov/Archives/edgar/data/879169/000110465910042366/a10-12903_110q.htm,0.4098248787305763,0.0250267203814848,-0.0227411000575515,-0.0276576502507605,3.471100879717175,-0.8614897640384773,-0.8614897640384773,-0.8614897640384773,2.4107210392172984,1346444100.0,1215181100.0,110.58180847568988,27.0115373041507,-486.7838394793926,-400.2509215219976,-12.849833465352203,-12.849833465352203,24.37821935121472,61.83813037504453,-439.32794649313087,-361.23100475624256,0.0022607696821576,-0.0024984327236459,-2.6991496712252943,0.5728901861728525,-6.679710956185436,4.067754903374675,1.3111346357424694,-0.9086727989487516,0.0,0.0,0.0,0.5794330651794491,0.0,-0.2161966738973246,0.0119967099323931,0.1016142735768904,0.0713182337954139,,0.0321051761779363,0.0061659249596399,-1.4100468634382963,340349000.0,-104783000.0,-147171000.0,342508000.0,5806500.0,11231000.0,0.0,11.483138403514756,0.0,0.0,7.837578616352201,0.0,0.0,-0.0290505139192426,0.0049165501932089,2010-08-05,0.00795,bmo,99600000.0,2025-04-25,2010-06-30,1.5157232704402517,13.154460317460318,2002123.5873015872
2010-03-31,INCY,USD,879169,2010-05-06,2010-05-06 16:43:12,2010,Q1,17288000.0,0.0,17288000.0,1.0,31439000,0.0,0.0,5794000.0,0.0,37118000.0,37118000.0,195000.0,11779000.0,6396000.0,-17227000.0,-0.996471541,-19830000.0,-1.1470384081,-15572000.0,-35402000.0,-2.0477788061,327000.0,-35729000.0,-2.0666936603,-0.3,-0.3,119727000,119727000,https://www.sec.gov/Archives/edgar/data/879169/000110465910026410/0001104659-10-026410-index.htm,https://www.sec.gov/Archives/edgar/data/879169/000110465910026410/a10-6096_110q.htm,0.1443951656685626,-0.2984205734713139,0.8588121309312018,0.8562563164532645,3.526689886157675,-0.9556156923668012,-0.9556156923668012,-0.9556156923668012,2.4178255531333783,1667797110.0,1540751110.0,-11.669771824008508,96.47137378528458,16.220078289876778,16.26849312796902,-14.576989590343755,-14.576989590343755,89.12257693197594,-89.43815580193882,14.984498701652354,15.02922549430826,-0.0214228695959306,0.0614685080009522,-2.4271717374773845,0.5524576107650653,7.374818598711325,3.822212236315539,-1.6835045419814925,-2.877858322371183,0.0,0.0,0.0,1.818544655252198,0.0,0.0029759878626377,0.0177001388246182,0.047842401500938,0.1805298472929199,,-0.052020214950183,-0.0710794309507562,-1.594429410241633,332863000.0,-114413000.0,-166269000.0,334671000.0,84457000.0,17134000.0,0.0,27.34671448403517,0.0,0.0,3.2910717685132305,0.0,0.0,0.3122809470951727,0.0025558144779373,2010-05-06,-0.32,bmo,18453333.0,2025-04-25,2010-03-31,-0.0625,11.357868852459015,2576545.524590164
2009-12-31,INCY,USD,879169,2010-03-05,2010-03-05 16:40:51,2009,Q4,6866000.0,0.0,6866000.0,1.0,34283000,13748000.0,85000.0,13833000.0,0.0,48087000.0,48087000.0,50000.0,12612000.0,7272000.0,-33949000.0,-4.9445091756,-41221000.0,-6.0036411302,-34659000.0,-75880000.0,-11.0515584037,47221000.0,-88442000.0,-12.88115351,-0.74,-0.74,118759000,118759000,https://www.sec.gov/Archives/edgar/data/879169/000104746910001834/0001047469-10-001834-index.htm,https://www.sec.gov/Archives/edgar/data/879169/000104746910001834/a2196849z10-k.htm,0.0578145656329204,-0.7447182950344816,0.998534847885213,0.9979117372157058,3.961114526056973,-0.8621157133354104,-0.9789826455258128,-0.8621157133354104,3.8376038868633113,1081894490.0,1075208490.0,-3.058203370570544,157.5727483250801,9.12336712063077,9.129063884365165,-10.567026976871386,-10.567026976871386,156.59896446256917,-31.67128604671713,9.066985622127588,9.072647180430508,-0.0817473430334227,0.1095402565549622,-4.3281958118456005,0.6220441050548154,0.1969424725323279,4.939206179513048,-3.268395179194418,-1.3408222337803306,0.0,0.0,2.0023303233323624,4.993154675211185,0.0194823060402307,0.0006240249609984,0.0107777454121759,0.0101760176017601,0.2806583163413924,,-0.1153855384006752,-0.126615042569122,-1.866050151988481,523229000.0,-116263000.0,-158719000.0,538860000.0,82261500.0,17570000.0,0.0,2145.2796387998837,0.0,0.0,0.0419525726959996,0.0,0.0,0.8638263791217378,0.0006231106695071,2010-02-18,-0.36,bmo,6058536.59,2025-04-25,2009-12-31,0.1388888888888888,7.4415625,3145565.21875
2009-09-30,INCY,USD,879169,2009-11-05,2009-11-05 16:40:39,2009,Q3,939000.0,0.0,939000.0,1.0,26535000,0.0,0.0,4841000.0,0.0,32502000.0,32502000.0,105000.0,6531000.0,4273000.0,-31563000.0,-33.6134185304,-31563000.0,-33.6134185304,-5368000.0,-36931000.0,-39.3301384452,11794000.0,-43357000.0,-46.1735889244,-0.44,-0.44,98030000,98030000,https://www.sec.gov/Archives/edgar/data/879169/000110465909062975/0001104659-09-062975-index.htm,https://www.sec.gov/Archives/edgar/data/879169/000110465909062975/a09-31168_110q.htm,0.0095787003978373,-0.4422829745996123,-0.3452004488421911,-0.3465673773334694,3.960471284300725,-2.0336223605018877,-2.1829745996123635,-2.0336223605018877,4.936754054881159,661702500.0,771643500.0,-3.815430610974007,704.6884984025559,-19.55385638297873,-19.476732206981808,-3.31920032504665,-3.31920032504665,821.7715654952077,-24.44772360041821,-22.80270390070922,-22.71276564431624,-0.065523403644387,-0.0513433151605139,-2.3948062762093945,1.0097352881459172,-3.483224028134208,9.094249706387208,-4.832797427652733,0.7804968055907927,0.0,0.0,0.0,28.25878594249201,0.0309655341612805,-0.0039598108747044,0.1427050053248136,0.0313597004446524,2.3386581469648564,,-0.0971734653084076,-0.0946297811971408,-2.8897327348770783,358381000.0,-213997000.0,-269515000.0,375003000.0,834500.0,15008000.0,0.0,82.61980830670926,0.0,0.0,1.0893271461716938,0.0,0.0,0.2174853026746122,0.0013669284912781,2009-11-05,-0.4,bmo,818181.82,2025-04-25,2009-09-30,0.0999999999999999,5.77203125,2491432.78125
2009-06-30,INCY,USD,879169,2009-07-30,2009-07-30 16:21:36,2009,Q2,789000.0,0.0,789000.0,1.0,29035000,0.0,0.0,4086000.0,0.0,33527000.0,33527000.0,0.0,7297000.0,2636000.0,-32738000.0,-41.4930291508,-32738000.0,-41.4930291508,-7297000.0,-40035000.0,-50.7414448669,4661000.0,-40035000.0,-50.7414448669,-0.41,-0.41,97643000,97643000,https://www.sec.gov/Archives/edgar/data/879169/000110465909046003/0001104659-09-046003-index.htm,https://www.sec.gov/Archives/edgar/data/879169/000110465909046003/a09-18846_110q.htm,0.0080804563563184,-0.4100140307036858,-0.3036776829880278,-0.3045379597103735,1.438659197279887,-2.98464815706195,-3.016386223282775,-2.98464815706195,4.183832942453632,321245470.0,608181470.0,-2.006028912201824,407.1552217997465,-10.833855051935789,-10.803250941619586,-1.1023074837868445,-1.1023074837868445,770.825690747782,-18.57723349013379,-20.510639079994604,-20.45269942157654,-0.1246243254418498,-0.0925647293952503,-1.3767457022269498,2.5231737686773656,-8.764616042519396,3.216018938646676,-4.486501301904893,0.7406519295616336,0.0,0.0,0.0,36.79974651457541,0.0194886049202595,-0.0028328611898017,0.1064638783269961,0.0318664643399089,3.164765525982256,,-0.3223198590954683,-0.2567712308471815,-3.16833515971447,101097000.0,-294529000.0,-303728000.0,106385000.0,773000.0,15462000.0,0.0,92.05323193916352,0.0,0.0,0.9776951672862454,0.0,0.0,0.1373743265964382,0.0008602767223456,2009-07-30,-0.41,bmo,800000.0,2025-04-25,2009-06-30,-0.0,2.8004761904761906,1019176.2063492064
2009-03-31,INCY,USD,879169,2009-05-07,2009-05-07 16:30:59,2009,Q1,671000.0,0.0,671000.0,1.0,29587000,0.0,0.0,4821000.0,0.0,34917000.0,34917000.0,548000.0,6338000.0,2509000.0,-31737000.0,-47.2980625931,-34246000.0,-51.0372578241,-5790000.0,-40036000.0,-59.6661698957,5790000.0,-40036000.0,-59.6661698957,-0.41,-0.41,97340000,97340000,https://www.sec.gov/Archives/edgar/data/879169/000110465909030524/0001104659-09-030524-index.htm,https://www.sec.gov/Archives/edgar/data/879169/000110465909030524/a09-11543_110q.htm,0.0068933634682555,-0.4113005958495993,-0.4390281487569344,-0.4400041093075816,1.6199815081158824,-2.637672077254982,-2.677090610232176,-2.637672077254982,4.160797205670844,227775600.0,487351600.0,-1.4223174143271056,339.4569299552906,-5.329954369954369,-5.318132150361896,-0.8871459117978118,-0.8871459117978118,726.3064083457526,-15.35594416611526,-11.404038844038844,-11.378743871118376,-0.1757694854058117,-0.1880359441485391,-1.552765130418187,2.102322883433965,-8.17897091722595,3.928096346619792,-5.403281792363521,1.067414327105605,0.0,0.0,0.0,44.093889716840536,0.0202336066654362,-0.0022230022230022,0.1415797317436661,0.0378636907134316,5.007451564828614,,-0.2656869199861553,-0.2154813291854594,-2.9601679679474007,123267000.0,-260588000.0,-281021000.0,129599000.0,894500.0,15381500.0,0.0,99.12071535022356,0.0,0.0,0.9079837618403248,0.0,0.0,0.155933180396571,0.0009759605506472,2009-05-07,-0.41,bmo,700000.0,2025-04-25,2009-03-31,-0.0,2.9318032786885246,876379.0491803279
2008-12-31,INCY,USD,879169,2009-03-03,2009-03-03 16:37:03,2008,Q4,938000.0,0.0,938000.0,1.0,38326000,12462000.0,-7851000.0,4611000.0,0.0,42710000.0,42710000.0,0.0,5306000.0,3261000.0,-38511000.0,-41.0565031983,-42667000.0,-45.487206823,-667000.0,-43335000.0,-46.1993603412,6633000.0,-48405000.0,-51.6044776119,-0.5,-0.5,97282000,97282000,https://www.sec.gov/Archives/edgar/data/879169/000104746909002189/0001047469-09-002189-index.htm,https://www.sec.gov/Archives/edgar/data/879169/000104746909002189/a2190988z10-k.htm,0.0096420715034641,-0.4975740630332436,-0.3311198371744002,-0.3348820953516581,2.035566702987192,-2.2691762093706958,-2.313778499619662,-2.2691762093706958,4.1268991180280015,368698780.0,586098780.0,-1.9042391281892368,393.0690618336887,-11.446007078107538,-11.317416047639512,-1.6702096489241225,-1.6702096489241225,624.8387846481876,-15.218996650307703,-18.19504470383708,-17.99063110074283,-0.1312860324625972,-0.0883593919133662,-1.7946409966024914,1.7047653062980876,-5.6451403495105295,4.082364860837952,-8.041274029400679,0.6654684433426299,0.0,0.0,13.285714285714286,40.859275053304906,0.0186713599669518,-0.0113622252576679,0.3901918976545842,0.1122355105795768,16.01918976545842,,-0.2702416009052226,-0.2122570149397717,-2.614322279558398,155157000.0,-225089000.0,-247644000.0,162292000.0,964500.0,14572000.0,0.0,100.7462686567164,0.0,0.0,0.8933333333333333,0.0,0.0,0.2192751981879954,0.0037622581772578,2009-02-18,-0.48,bmo,864000.0,2025-04-25,2008-12-31,0.0416666666666667,4.041484375,1374303.875
2008-09-30,INCY,USD,879169,2008-11-06,2008-11-06 16:30:19,2008,Q3,1061000.0,0.0,1061000.0,1.0,36949000,0.0,0.0,4005000.0,0.0,40954000.0,40954000.0,1253000.0,6254000.0,3250000.0,-36543000.0,-34.4420358153,-39793000.0,-37.5051837889,-5001000.0,-39693000.0,-37.410933082,4901000.0,-44794000.0,-42.21866164,-0.48,-0.48,92385000,92385000,https://www.sec.gov/Archives/edgar/data/879169/000110465908068689/0001104659-08-068689-index.htm,https://www.sec.gov/Archives/edgar/data/879169/000110465908068689/a08-27483_110q.htm,0.0114845483574173,-0.484862261189587,-0.4194187368079233,-0.4209557828651837,2.7045624289657413,-1.9199761866103804,-1.9723331709693133,-1.9199761866103804,4.32923093575797,706745250.0,892850250.0,-3.944419174443006,666.1123939679547,-18.239528491793127,-18.17293005914117,-3.984424418047436,-3.984424418047436,841.51767200754,-24.432866759707743,-23.04248606379684,-22.958350475700698,-0.0633806877372009,-0.055026899720939,-2.219577510049217,1.487250583639949,-5.092767424677777,6.296521313081823,-6.362807803006076,0.8650265660579541,0.0,0.0,0.0,34.82469368520264,0.0182722746469828,-0.0036647052751109,0.1338360037700282,0.0436923076923076,0.0,,-0.1996728298835223,-0.1723635048349052,-2.073656437733398,216204000.0,-182214000.0,-185071000.0,223866000.0,833000.0,13473000.0,0.0,74.5617342130066,0.0,0.0,1.2070534698521047,0.0,0.0,0.252535559852743,0.0015370460572603,2008-11-06,-0.5,bmo,1145833.33,2025-04-25,2008-09-30,-0.04,9.10078125,1136206.953125
2008-06-30,INCY,USD,879169,2008-07-29,2008-07-29 16:39:29,2008,Q2,614000.0,0.0,614000.0,1.0,38132000,0.0,0.0,4103000.0,0.0,41317000.0,41317000.0,0.0,0.0,3272000.0,-38349000.0,-62.4576547231,-40703000.0,-66.2915309446,-4860000.0,-39785000.0,-64.7964169381,4860000.0,-45563000.0,-74.2068403909,-0.54,-0.54,84871000,84871000,https://www.sec.gov/Archives/edgar/data/879169/000110465908048329/0001104659-08-048329-index.htm,https://www.sec.gov/Archives/edgar/data/879169/000110465908048329/a08-18794_110q.htm,0.007234508842832,-0.5368500430064451,-0.3831461865654935,-0.3839474025285433,2.191808745036585,-2.794770887582331,-2.8602702925616525,-2.794770887582331,4.6102791295024215,645868310.0,902435310.0,-3.5438201501218094,1051.9027850162863,-19.86187065625192,-19.82042318787209,-2.7229423470140603,-2.7229423470140603,1469.764348534202,-23.532173198779628,-27.751870041207948,-27.69395783465292,-0.0705453407367207,-0.050453009530689,-1.649608971521322,1.911148557891909,-6.690317870087877,4.659071811000937,0.0,0.7136774646650865,0.0,0.0,0.0,62.1042345276873,0.0271521723203165,-0.0020911495171904,0.1107491856677524,0.0207823960880195,0.0,,-0.2800712500991054,-0.2287574808209824,-3.0083155612635646,152404000.0,-242754000.0,-247875000.0,161073000.0,813500.0,13354500.0,0.0,115.35830618892508,0.0,0.0,0.7801778907242694,0.0,0.0,0.192090895676553,0.0008012159630498,2008-07-29,-0.5,bmo,555555.56,2025-04-25,2008-06-30,0.08,9.8678125,1030968.109375
2008-03-31,INCY,USD,879169,2008-04-30,2008-04-30 16:31:36,2008,Q1,1307000.0,0.0,1307000.0,1.0,32955000,0.0,0.0,4354000.0,0.0,37309000.0,37309000.0,2141000.0,6173000.0,3288000.0,-32837000.0,-25.1239479725,-36125000.0,-27.6396327467,-4032000.0,-40157000.0,-30.7245600612,4155000.0,-40157000.0,-30.7245600612,-0.47,-0.47,84602000,84602000,https://www.sec.gov/Archives/edgar/data/879169/000110465908028441/0001104659-08-028441-index.htm,https://www.sec.gov/Archives/edgar/data/879169/000110465908028441/a08-11423_110q.htm,0.0154488073568,-0.4746578095080495,-0.4418571664972459,-0.4432992127845677,2.589926952081511,-2.3291175149523653,-2.398572137774521,-2.3291175149523653,4.669747760100234,889167020.0,1115323020.0,-5.535566775406529,680.311415455241,-23.785967042961857,-23.7085916168942,-4.51243869514027,-4.51243869514027,853.3458454475899,-33.96543594116393,-29.83583061366433,-29.738775063993177,-0.045162493768606,-0.0421788023581891,-1.973615565750477,1.6408394547088532,-6.887230867618845,6.634649020522388,-5.852097845456018,0.9308962322882686,0.0,0.0,0.0,25.214231063504208,0.0247920982570429,-0.0032636028034883,0.0933435348125478,0.0371046228710462,2.5592960979342005,,-0.1966523773583574,-0.1737382914746793,-2.533226164866079,193291000.0,-202924000.0,-206464000.0,202668000.0,1195500.0,10517000.0,0.0,57.84238714613619,0.0,0.0,1.555952380952381,0.0,0.0,0.2037929844504892,0.0014420462873218,2008-04-30,-0.47,bmo,1300000.0,2025-04-25,2008-03-31,-0.0,10.69622950819672,2048354.9836065571
2007-12-31,INCY,USD,879169,2008-03-06,2008-03-06 16:33:45,2007,Q4,9752000.0,0.0,9752000.0,1.0,32638000,10814000.0,-6390000.0,4424000.0,0.0,36655000.0,36655000.0,0.0,22431000.0,3250000.0,-23653000.0,-2.4254511895,-27435000.0,-2.813269073,-125000.0,-27560000.0,-2.8260869565,-5102000.0,-21801000.0,-2.2355414274,-0.26,-0.26,84407000,84407000,https://www.sec.gov/Archives/edgar/data/879169/000104746908002303/0001047469-08-002303-index.htm,https://www.sec.gov/Archives/edgar/data/879169/000104746908002303/a2182995z10-k.htm,0.1155354413733458,-0.2582842655230016,-0.3263236461430924,-0.3345220183160164,3.0380181738481404,-1.889855106803938,-1.894665134408284,-1.889855106803938,4.845415664577582,848290350.0000001,1125992350.0,-9.72765412137058,86.98629511894997,-30.797645585245427,-30.04286549086273,-5.317868001529618,-5.317868001529618,115.46271021328958,-47.60463154779521,-40.8797687336625,-39.87789878169713,-0.0256999269177116,-0.0332857729667678,-2.4232903076161163,1.4021146556883513,-11.740667145816598,7.225358655554038,-1.2230841246489237,1.2634282831062795,0.0,0.0,1.1089007383100902,3.346800656275636,0.0014726418687317,-0.025123438861458,0.0709598031173092,0.2129230769230769,0.9116078753076292,,-0.0935012146419901,-0.0791931388468119,-2.104313030909758,227817000.0,-159923000.0,-170800000.0,232166000.0,1413500.0,7113500.0,0.0,14.313986874487284,0.0,0.0,6.28755641521599,0.0,0.0,0.1366688189973482,0.008198372172924,2008-02-14,-0.28,bmo,10553846.0,2025-04-25,2007-12-31,-0.0714285714285714,8.7909375,947807.0625
2007-09-30,INCY,USD,879169,2007-11-01,2007-11-01 16:30:34,2007,Q3,6690000.0,0.0,6690000.0,1.0,25044000,0.0,0.0,3587000.0,0.0,28631000.0,28631000.0,0.0,0.0,3253000.0,-18688000.0,-2.7934230194,-21375000.0,-3.1950672646,-3119000.0,-20809000.0,-3.1104633782,2553000.0,-24494000.0,-3.6612855007,-0.29,-0.29,84213000,84213000,https://www.sec.gov/Archives/edgar/data/879169/000110465907078882/0001104659-07-078882-index.htm,https://www.sec.gov/Archives/edgar/data/879169/000110465907078882/a07-25688_110q.htm,0.079441416408393,-0.2908577060548846,-0.285324118604016,-0.2867015781411421,3.146117582796005,-1.6799425266882786,-1.7635163217080498,-1.6799425266882786,4.482716445204422,604649340.0,886523340.0,-6.171402588388993,90.381067264574,-25.164364075245544,-25.043461729622265,-4.273955737137121,-4.273955737137121,132.5146995515695,-47.43810680650685,-36.89542783419344,-36.71816351888667,-0.040509429812658,-0.039930581913808,-2.6683748842535326,1.335428731122848,-15.083154965753424,8.154814234961162,0.0,0.980974932636564,0.0,0.0,0.0,3.7434977578475337,0.0248971462733875,-0.0048277010154819,0.0173393124065769,0.035659391331079,0.0,,-0.0961940802708992,-0.08886067224147,-1.879222922826642,237640000.0,-148511000.0,-153302000.0,248552000.0,1271500.0,5690000.0,0.0,17.16591928251121,0.0,0.0,5.24294670846395,0.0,0.0,0.1731355099559633,0.001377459537126,2007-11-01,-0.27,bmo,6237931.03,2025-04-25,2007-09-30,0.0740740740740739,5.819365079365079,931678.4603174604
2007-06-30,INCY,USD,879169,2007-07-31,2007-07-31 16:31:14,2007,Q2,10576000.0,0.0,10576000.0,1.0,23301000,0.0,0.0,3535000.0,0.0,26836000.0,26836000.0,0.0,0.0,3261000.0,-12999000.0,-1.2291036309,-16187000.0,-1.5305408472,-2252000.0,-16114000.0,-1.5236384266,2179000.0,-18439000.0,-1.7434757943,-0.22,-0.22,84136000,84136000,https://www.sec.gov/Archives/edgar/data/879169/000110465907057549/0001104659-07-057549-index.htm,https://www.sec.gov/Archives/edgar/data/879169/000110465907057549/a07-19002_110q.htm,0.1257012456023581,-0.2191570790149282,-0.1874346296472378,-0.1896928781972045,3.345393172958068,-1.4219240277645715,-1.5123728249500807,-1.4219240277645715,4.461027384235048,504816000.0,846214000.0,-6.844405878843755,47.732223903177,-32.01116043119848,-31.63007518796993,-4.219634722280269,-4.219634722280269,80.0126701966717,-65.09839218401416,-53.659733671528215,-53.02092731829574,-0.0365261798358213,-0.031615479699534,-3.137317674593556,1.2154644783968809,-26.263404877298253,7.549015500628403,0.0,0.8552524540376376,0.0,0.0,0.0,2.203195915279879,0.0246439419944429,-0.0120481927710843,0.017965204236006,0.0582643360932229,0.0001701966717095,,-0.0679063707164734,-0.0612208985749764,-1.7354610392697538,250120000.0,-127245000.0,-140121000.0,262269000.0,1353500.0,4735000.0,0.0,10.78195915279879,0.0,0.0,8.347277032359905,0.0,0.0,0.1541271367074852,0.0022582485499667,2007-07-26,-0.27,bmo,13009090.0,2025-04-25,2007-06-30,-0.1851851851851852,7.144126984126983,906481.761904762
2007-03-31,INCY,USD,879169,2007-05-03,2007-05-03 16:34:16,2007,Q1,7422000.0,0.0,7422000.0,1.0,23906000,0.0,0.0,3692000.0,0.0,27598000.0,27598000.0,0.0,0.0,3199000.0,-16977000.0,-2.287388844,-20283000.0,-2.732821342,-1864000.0,-22147000.0,-2.9839665858,1971000.0,-22147000.0,-2.9839665858,-0.26,-0.26,83985000,83985000,https://www.sec.gov/Archives/edgar/data/879169/000110465907035413/0001104659-07-035413-index.htm,https://www.sec.gov/Archives/edgar/data/879169/000110465907035413/a07-10987_110q.htm,0.0883729237363815,-0.263701851521105,-0.301863427993094,-0.3037089956539858,3.497981782461154,-1.243995951658034,-1.3416800619158182,-1.243995951658034,4.443638745013991,553461150.0,906362150.0,-6.247586016164717,74.57035165723525,-21.83106461028716,-21.69840239934136,-5.297444892177226,-5.297444892177226,122.1183171651846,-53.38765093950639,-35.75111036604607,-35.53385933273219,-0.040015455466025,-0.0460863422843681,-3.572068493544033,1.1485413916099627,-20.787005949225424,7.576847414880202,0.0,1.1447148598004244,0.0,0.0,0.0,3.2209646995419026,0.0252482819535104,-0.0061139160618491,0.0208838587981676,0.0484526414504532,0.2977634060900027,,-0.0774252618827148,-0.0699241307237417,-1.6020956123117225,260772000.0,-112681000.0,-128988000.0,274173000.0,1756500.0,5213500.0,0.0,17.461600646725948,0.0,0.0,5.154166666666667,0.0,0.0,0.2119796701666395,0.0018455676608918,2007-05-03,-0.26,bmo,7400000.0,2025-04-25,2007-03-31,-0.0,6.8031147540983605,886256.5409836066
2006-12-31,INCY,USD,879169,2007-02-28,2007-02-28 17:30:21,2006,Q4,7056000.0,0.0,7056000.0,1.0,23559000,10751000.0,-4590000.0,6161000.0,0.0,29720000.0,29720000.0,0.0,20679000.0,3271000.0,-23698000.0,-3.3585600907,-19559000.0,-2.7719671202,-945000.0,-20503000.0,-2.9057539683,-2161000.0,-20503000.0,-2.9057539683,-0.24,-0.24,83931000,83972726,https://www.sec.gov/Archives/edgar/data/879169/000110465907015059/0001104659-07-015059-index.htm,https://www.sec.gov/Archives/edgar/data/879169/000110465907015059/a07-5374_110k.htm,0.0840690567251671,-0.2442839951865222,-0.2642885227150874,-0.2761911570218394,3.7956535725774745,-1.0116405142319287,-1.1154758075085487,-1.0116405142319287,4.66790577974765,490157040.0,842399040.0,-5.976650246305418,69.46670068027211,-22.0970624830944,-21.14477546266339,-5.772801620577566,-5.772801620577566,119.38761904761904,-35.547263060173854,-37.97669461725724,-36.34006470816617,-0.0418294512305688,-0.047293006339356,-4.370648231026522,1.049490530340523,-14.863785973499873,6.6429063640048645,-0.9458387736350888,1.081890455055358,0.0,0.0,1.523667800453515,3.338860544217687,0.0246462841095805,-0.0450365160941303,0.1415816326530612,0.3054111892387649,1.2599206349206349,,-0.0575078036242294,-0.0594482846605274,-1.4104830158106063,278421000.0,-93623000.0,-110750000.0,293026000.0,1731500.0,4810000.0,0.0,26.441326530612244,0.0,0.0,3.4037626628075253,0.0,0.0,0.2414731238516983,0.0119026343067519,2007-02-15,-0.25,bmo,7395833.33,2025-04-25,2006-12-31,-0.04,5.200476190476191,529121.4444444445
2006-09-30,INCY,USD,879169,2006-11-02,2006-11-02 16:33:51,2006,Q3,7268000.0,0.0,7268000.0,1.0,19558000,0.0,0.0,3454000.0,0.0,23012000.0,23012000.0,0.0,0.0,1302000.0,-14442000.0,-1.9870665933,-15757000.0,-2.1679966979,-81000.0,-15838000.0,-2.1791414419,94000.0,-15838000.0,-2.1791414419,-0.19,-0.19,83852000,83852000,https://www.sec.gov/Archives/edgar/data/879169/000110465906070746/0001104659-06-070746-index.htm,https://www.sec.gov/Archives/edgar/data/879169/000110465906070746/a06-21866_110q.htm,0.0866765253064923,-0.1888804083385011,-0.271275580785193,-0.2749010160759433,5.083969374612412,-0.7888899489576874,-0.9004436387921576,-0.7888899489576874,5.49458569861184,354693960.00000006,699504960.0,-5.598780780401566,48.80214089157953,-15.592999516419749,-15.38735673072752,-5.361964625850341,-5.361964625850341,96.24449091909742,-48.4354632322393,-30.75152591550534,-30.345970239902822,-0.0446525788034281,-0.0649884198761095,-6.964958427815571,0.9910644760220784,-23.87557125051932,3.1580636436074947,0.0,1.4363200101029234,0.0,0.0,0.0,2.6909741331865717,0.0201210619377653,-0.0133643997010594,0.0418271876719867,0.2334869431643625,0.0070170610897083,,-0.0377588402995881,-0.0347681392306138,-1.236613318704384,295208000.0,-75504000.0,-99035000.0,310303000.0,1368000.0,4540500.0,0.0,17.21243808475509,0.0,0.0,5.228776978417266,0.0,0.0,0.2394255479969765,0.0036254352907503,2006-11-02,-0.24,bmo,9221052.63,2025-04-25,2006-09-30,-0.2083333333333333,4.484603174603175,382320.79365079367
2006-06-30,INCY,USD,879169,2006-08-01,2006-08-01 16:00:33,2006,Q2,6855000.0,0.0,6855000.0,1.0,19724000,0.0,0.0,3421000.0,0.0,26035000.0,26035000.0,0.0,0.0,1229000.0,-17951000.0,-2.6186725018,-19180000.0,-2.7979576951,-1340000.0,-20520000.0,-2.9934354486,1340000.0,-20520000.0,-2.9934354486,-0.24,-0.24,83786000,83786000,https://www.sec.gov/Archives/edgar/data/879169/000110465906050303/0001104659-06-050303-index.htm,https://www.sec.gov/Archives/edgar/data/879169/000110465906050303/a06-15547_110q.htm,0.0818155777814909,-0.2449096507769794,-0.2511159382235696,-0.2530016947938796,3.458167235576349,-0.6531520779127777,-0.7699376984221707,-0.6531520779127777,4.161470890124842,385415600.0,698150600.0,-4.695609161793372,56.22401167031364,-18.318231939163496,-18.181696386451552,-7.042770214709913,-7.042770214709913,101.84545587162656,-38.89201715781851,-33.18206273764259,-32.93473912633267,-0.0532412284297781,-0.055000368433452,-6.371365920511649,0.9295170509074624,-17.421592111860065,2.1012053834311213,0.0,1.0253411306042886,0.0,0.0,0.0,2.8773158278628737,0.0260855424513212,-0.007509505703422,0.0230488694383661,0.1285598047192839,0.0,,-0.062694058221049,-0.056168856941863,-1.659961091351777,155216000.0,-64510000.0,-133670000.0,171254000.0,1465000.0,5643000.0,0.0,17.671772428884026,0.0,0.0,5.092867756315007,0.0,0.0,0.3749657377798081,0.00188575657031,2006-07-27,-0.24,bmo,6900000.0,2025-04-25,2006-06-30,-0.0,4.063968253968254,1235830.0476190476
2006-03-31,INCY,USD,879169,2006-05-04,2006-05-04 09:42:50,2006,Q1,6465000.0,0.0,6465000.0,1.0,24757000,0.0,0.0,3876000.0,0.0,28633000.0,28633000.0,0.0,0.0,1609000.0,-20559000.0,-3.1800464037,-22369000.0,-3.4600154679,5063000.0,-17306000.0,-2.6768754834,-4862000.0,-17306000.0,-2.6768754834,-0.21,-0.21,83627000,83627000,https://www.sec.gov/Archives/edgar/data/879169/000110465906030975/0001104659-06-030975-index.htm,https://www.sec.gov/Archives/edgar/data/879169/000110465906030975/a06-9680_110q.htm,0.0773075681299102,-0.2069427338060674,0.18656653951475,0.1852870484412928,3.844440192760711,-0.4516603489303694,-0.5761177610102001,-0.4516603489303694,4.168916737417342,503434540.0,803264540.0,-7.272543337570784,77.87077184841453,32.26730803743109,32.490128428525324,-13.328599719361414,-13.328599719361414,124.24818870843,-39.0711873145581,51.484716062043326,51.840241368183285,-0.0343758694030012,0.0307785794752978,-9.230203065844169,0.8743040857065474,-14.583880538936718,2.345548730957233,0.0,-0.901537039177164,0.0,0.0,0.0,3.8293890177880896,0.0261011746531713,0.0068580951160107,0.0165506573859242,0.0665009322560596,0.002784222737819,,-0.0459273522825485,-0.0445631237961828,-1.361282839274397,188837000.0,-48179000.0,-107348000.0,206082000.0,1503500.0,4741000.0,0.0,22.051044083526683,0.0,0.0,4.081439393939394,0.0,0.0,0.4581822032776468,0.0012794910734571,2006-05-04,-0.26,bmo,8047619.05,2025-04-25,2006-03-31,-0.1923076923076923,5.596290322580645,680796.1129032258
2005-12-31,INCY,USD,879169,2006-03-03,2006-03-03 14:35:40,2005,Q4,1028000.0,0.0,1028000.0,1.0,23942000,8887000.0,-5207000.0,3680000.0,0.0,27622000.0,27622000.0,0.0,12527000.0,1676000.0,-24918000.0,-24.2392996109,-26594000.0,-25.8696498054,-1513000.0,-28107000.0,-27.3414396887,-396000.0,-27556000.0,-26.8054474708,-0.33,-0.33,83645000,83645000,https://www.sec.gov/Archives/edgar/data/879169/000110465906013846/0001104659-06-013846-index.htm,https://www.sec.gov/Archives/edgar/data/879169/000110465906013846/a05-20227_210k.htm,0.0122900352680973,-0.3294398947934724,-0.3349751927790065,-0.3404028931795086,4.124227389563035,-0.2318967063183693,-0.3645645286628011,-0.2318967063183693,4.236822284655389,446664300.0,777032300.0,-4.052332522862534,434.49834630350193,-15.941478996395304,-15.687293225160678,-23.02749394236222,-23.02749394236222,755.8679961089495,-31.183574123123847,-27.73233520111353,-27.290145049696203,-0.0616928641935341,-0.0637458601459754,-17.624478012063722,0.913805639013333,-13.258206918693316,12.706895932799656,-2.122934461563024,1.016802148352446,0.0,0.0,8.644941634241246,23.28988326848249,0.0296625573363841,-0.0162032906242192,0.4416342412451361,0.2708830548926014,0.1809338521400778,,-0.0757234395934651,-0.0759095454407717,-0.5674786299240839,326119000.0,-30494000.0,-39529000.0,344883000.0,1234000.0,3972500.0,0.0,124.5817120622568,0.0,0.0,0.7224174279690794,0.0,0.0,1.420632056503583,0.0054277004005021,2006-02-16,-0.31,bmo,939393.94,2025-04-25,2005-12-31,0.0645161290322581,5.2279365079365085,958711.0
2005-09-30,INCY,USD,879169,2005-11-01,2005-11-01 10:12:38,2005,Q3,1228000.0,0.0,1228000.0,1.0,27356000,0.0,0.0,3009000.0,0.0,30365000.0,30365000.0,0.0,2656000.0,3955000.0,-25182000.0,-20.506514658,-29137000.0,-23.7271986971,-1070000.0,-30207000.0,-24.598534202,1073000.0,-30210000.0,-24.6009771987,-0.36,-0.36,83414000,83414000,https://www.sec.gov/Archives/edgar/data/879169/000110465905051404/0001104659-05-051404-index.htm,https://www.sec.gov/Archives/edgar/data/879169/000110465905051404/a05-18455_110q.htm,0.0147217493466324,-0.3621694200014386,-0.329261275085717,-0.3316829309228666,4.364231423981586,0.0421392092454504,-0.0991200517898674,0.0421392092454504,4.130901287553648,392045800.0,684767800.0,-3.2443379675604107,319.2555374592834,-14.274378299654106,-14.170159395669932,111.53507823613086,111.53507823613086,557.6285016286645,-27.192748788817408,-24.9323793919534,-24.75034517656414,-0.0770573234045614,-0.0705708363665673,97.274253200569,0.8588577500131873,-11.62425542053848,13.5911523237062,-10.970256024096386,0.909105954784681,0.0,0.0,0.0,22.27687296416938,0.0295974218116144,-0.0073548152193701,0.1644951140065146,0.0510745891276864,0.0,,-0.0813645032627306,-0.0781982056605043,-0.3569214999880116,343537000.0,-8268000.0,-23773000.0,363439000.0,988000.0,4277500.0,0.0,76.58794788273615,0.0,0.0,1.1751196172248803,0.0,0.0,-8.594594594594595,0.0024216558371496,2005-11-01,-0.38,bmo,1266666.67,2025-04-25,2005-09-30,-0.0526315789473684,7.6015625,1495042.84375
2005-06-30,INCY,USD,879169,2005-08-05,2005-08-05 13:10:21,2005,Q2,2676000.0,0.0,2676000.0,1.0,26556000,0.0,0.0,2734000.0,0.0,29736000.0,29736000.0,0.0,0.0,708000.0,-26352000.0,-9.8475336323,-27060000.0,-10.1121076233,1750000.0,-25310000.0,-9.4581464873,-156000.0,-25145000.0,-9.3964872945,-0.3,-0.3,83303000,83303000,https://www.sec.gov/Archives/edgar/data/879169/000110465905036765/0001104659-05-036765-index.htm,https://www.sec.gov/Archives/edgar/data/879169/000110465905036765/a05-13533_110q.htm,0.0321236930242608,-0.3018498733539008,-0.2414678943135301,-0.2520557482923784,4.81914216774906,0.4051594780500102,0.2548767751461532,0.4051594780500102,4.195599198108112,595616450.0,907945450.0,-5.921817955856035,222.57714872944692,-29.61056176982352,-28.3667404867362,17.647371929720602,17.647371929720602,339.2920216741405,-34.45451768366728,-45.137730549341285,-43.24167500119064,-0.042216765504042,-0.0352525522087242,10.355426505881308,0.8004314698142894,-11.852193381906496,15.087411682018274,0.0,0.7999602306621595,0.0,0.0,0.0,9.923766816143498,0.0286707569272203,-0.0438478747203579,0.3295964125560538,1.2457627118644068,0.0,,-0.0656550160626983,-0.0592863475177304,-0.00898827173091,380825000.0,21232000.0,4962000.0,402227000.0,1739000.0,3252500.0,0.0,31.311659192825115,0.0,0.0,2.874328678839957,0.0,0.0,-0.7450149625196291,0.0105878539788483,2005-08-01,-0.33,bmo,2970000.0,2025-04-25,2005-06-30,-0.0909090909090909,7.3353125,755310.203125
2005-03-31,INCY,USD,879169,2005-05-06,2005-05-06 15:03:59,2005,Q1,2915000.0,0.0,2915000.0,1.0,17764000,0.0,0.0,3144000.0,0.0,20908000.0,20908000.0,0.0,2152000.0,1853000.0,-15797000.0,-5.4192109777,-17993000.0,-6.1725557461,-2291000.0,-20284000.0,-6.958490566,2138000.0,-20131000.0,-6.9060034305,-0.24,-0.24,83049000,83049000,https://www.sec.gov/Archives/edgar/data/879169/000119312505099126/0001193125-05-099126-index.htm,https://www.sec.gov/Archives/edgar/data/879169/000119312505099126/d10q.htm,0.0350997603824248,-0.2423990656118677,-0.3163554046406338,-0.3174993076376597,5.402762224710713,0.7208756276415128,0.5570325952148731,0.7208756276415128,4.585702416645595,567224670.0,841074670.0,-7.044169067607173,194.5882229845626,-21.58964221824687,-21.511857933859226,9.4745885949088,9.4745885949088,288.5333344768439,-53.2426834209027,-32.01289041982263,-31.897552715412623,-0.0354903463560567,-0.046485989405221,6.325349101356317,0.7768587242388062,-17.335570044945243,21.141035120147876,-8.361059479553903,1.305101584620734,0.0,0.0,0.0,6.093996569468268,0.0279141997874688,-0.0036158794199368,0.0325900514579759,0.0512682137075013,0.0061749571183533,,-0.0426980518150322,-0.0424838187531523,0.2771165215716023,435852000.0,46261000.0,29902000.0,458470000.0,2345000.0,2321500.0,3571000.0,78.63807890222984,0.0,0.0,1.144483706321162,0.0,0.0,-0.3362564308144585,0.0011439029970258,2005-05-04,-0.33,bmo,3987500.0,2025-04-25,2005-03-31,-0.2727272727272727,8.327868852459016,814366.606557377
2004-12-31,INCY,USD,879169,2005-03-11,2005-03-11 14:10:22,2004,Q4,-1052000.0,0.0,-1052000.0,1.0,17892000,59579000.0,-44430000.0,15149000.0,0.0,33041000.0,33041000.0,0.0,3563000.0,2928000.0,-31165000.0,29.6245247148,-34093000.0,32.4077946768,-2054000.0,-36147000.0,34.3602661597,226000.0,-37526000.0,35.6711026616,-0.47,-0.45,79322000,83022414,https://www.sec.gov/Archives/edgar/data/879169/000119312505047638/0001193125-05-047638-index.htm,https://www.sec.gov/Archives/edgar/data/879169/000119312505047638/d10k.htm,-0.0132623988300849,-0.4730843902070044,-0.3465495070724389,-0.3537228007362396,5.92224099241068,0.9898514913895262,0.8105821840094803,0.9898514913895262,4.819961675197297,792426780.0,1039012780.0,-5.27918496509087,-753.2573954372624,-28.827050092764377,-28.242454202010123,10.09242304214374,10.09242304214374,-987.6547338403042,-33.33909128830419,-37.79740186983884,-37.03089243709459,-0.0473557948155159,-0.0354076877613853,4.823999898111237,0.7327376242699534,-7.912273383603401,15.288999714113274,-9.5686219477968,0.7325321110696583,0.0,0.0,-56.63403041825095,-17.007604562737644,0.0275091455334394,-0.0206991887664156,-0.5408745247148289,0.1943306010928961,-0.4401140684410646,,-0.0706705241103673,-0.0746490444580156,0.4606571947252968,449832000.0,64297000.0,42911000.0,474011000.0,2411000.0,2635500.0,3571000.0,-183.33650190114068,0.0,0.0,-0.4909006066262249,0.0,0.0,-0.4779347147751442,0.0071732936638007,2005-02-28,-0.35,bmo,1712765.96,2025-04-25,2004-12-31,0.3428571428571428,10.14115625,1142512.203125
2004-09-30,INCY,USD,879169,2004-11-05,2004-11-05 15:01:13,2004,Q3,3393000.0,0.0,3393000.0,1.0,18629000,0.0,0.0,5104000.0,0.0,23733000.0,23733000.0,0.0,0.0,4143000.0,-16061000.0,-4.7335691129,-20340000.0,-5.9946949602,-5636000.0,-25976000.0,-7.6557618627,5636000.0,-25976000.0,-7.6557618627,-0.35,-0.35,73323000,73323000,https://www.sec.gov/Archives/edgar/data/879169/000119312504187765/0001193125-04-187765-index.htm,https://www.sec.gov/Archives/edgar/data/879169/000119312504187765/d10q.htm,0.0462747023444212,-0.3542681014142902,-0.3373293509539981,-0.3422664102669012,5.626638299033045,0.4195136587428228,0.0458928303533679,0.4195136587428228,5.166809868663312,706100490.0,1006222490.0,-6.7957007429935326,208.10506631299737,-28.547767849923183,-28.13597744660504,22.955152470741226,22.955152470741226,296.55835249042144,-62.650052300603946,-40.68175345678014,-40.09493504941027,-0.0367879648405285,-0.0355416833091278,12.316189856957088,0.805191879346403,-18.686383164186537,6.910621038457749,0.0,0.95218663381583,0.0,0.0,0.0,5.490421455938697,0.0582247972387057,-0.0146357241044715,0.1066902446212791,0.0873762973690562,0.0,,-0.0604316339112517,-0.0586221448898578,-0.3433131486709491,359945000.0,3365000.0,-18901000.0,397851000.0,3007500.0,3980000.0,0.0,71.06100795755968,0.0,0.0,1.2665173572228443,0.0,0.0,-0.8444733420026008,0.0049370593129031,2004-11-04,-0.43,bmo,2825714.29,2025-04-25,2004-09-30,-0.186046511627907,7.03703125,763005.53125
2004-06-30,INCY,USD,879169,2004-08-06,2004-08-06 16:24:53,2004,Q2,5163000.0,0.0,5163000.0,1.0,25565000,0.0,0.0,40541000.0,0.0,66106000.0,66106000.0,0.0,0.0,3597000.0,-57126000.0,-11.0644973852,-60943000.0,-11.8037962425,-2231000.0,-63501000.0,-12.2992446252,99000.0,-63600000.0,-12.3184195235,-0.87,-0.87,72929000,72929000,https://www.sec.gov/Archives/edgar/data/879169/000119312504134382/0001193125-04-134382-index.htm,https://www.sec.gov/Archives/edgar/data/879169/000119312504134382/d10q.htm,0.0707948826941271,-0.8720810651455525,-0.3556198494426085,-0.3603093419627309,6.493370264229593,0.7216882173072441,0.3099178653210657,0.7216882173072441,5.725815519203609,557177560.0,821822560.0,-2.1901633647798744,107.91740460972304,-21.48361519182572,-21.204001978916924,10.5862889496884,10.5862889496884,159.1753941506876,-14.386138710919722,-31.687779448621555,-31.275357156448607,-0.1141467362755958,-0.0471609086338652,7.933918528651771,0.775997086140958,-4.632654132969226,7.118380750427049,0.0,0.4077830188679245,0.0,0.0,0.0,4.951578539608755,0.0558056039753362,-0.0131868131868131,0.0662405578152237,0.0950792326939116,0.0,,-0.129810110375813,-0.1251751665065894,-0.1292901314977581,415487000.0,22602000.0,-2091000.0,457052000.0,3622500.0,5250000.0,0.0,58.15223707147008,0.0,0.0,1.5476618705035972,0.0,0.0,-1.2083903328773369,0.0046894925201223,2004-08-04,-0.4,bmo,5031502.31,2025-04-25,2004-06-30,1.1749999999999998,7.440483870967742,694945.2903225806
2004-03-31,INCY,USD,879169,2004-05-07,2004-05-07 13:35:38,2004,Q1,6641000.0,0.0,6641000.0,1.0,26184000,0.0,0.0,13934000.0,0.0,40118000.0,40118000.0,0.0,0.0,3245000.0,-30147000.0,-4.5395271796,-33477000.0,-5.0409576871,-4110000.0,-37715000.0,-5.6791145912,128000.0,-37715000.0,-5.6791145912,-0.52,-0.52,72643000,72643000,https://www.sec.gov/Archives/edgar/data/879169/000119312504081827/0001193125-04-081827-index.htm,https://www.sec.gov/Archives/edgar/data/879169/000119312504081827/d10q.htm,0.0914196825571631,-0.5191828531310656,-0.502581115868012,-0.5042054981209476,6.892708175598475,1.6218768497997054,1.1781864735762564,1.6218768497997054,5.749790069242735,603663330.0,885498330.0,-4.001480379159486,90.89946243035688,-16.534644334273743,-16.481375215005325,5.123693578230831,5.123693578230831,133.33810118957987,-29.372684844263112,-24.25424771974033,-24.17610860840364,-0.0624768776331005,-0.0606745485103426,3.5451459030029366,0.7170900375642953,-9.348691412080804,10.946154828819624,0.0,0.9680233328914224,0.0,0.0,0.0,3.942779701852131,0.0553352287164273,-0.0032320797611547,0.017768408372233,0.0363636363636363,0.0028610149073934,,-0.0627275756438065,-0.068543191388438,0.5367172335944276,467151000.0,85587000.0,49469000.0,522228000.0,4568500.0,5970000.0,0.0,52.9754555036892,0.0,0.0,1.6988999744180098,0.0,0.0,-0.3201123767166307,0.0016243822529355,2004-05-04,-0.45,bmo,4759615.38,2025-04-25,2004-03-31,0.1555555555555555,8.570322580645161,1109797.5483870967
2003-12-31,INCY,USD,879169,2004-03-15,2004-03-15 14:55:05,2003,Q4,10298000.0,0.0,10298000.0,1.0,27570000,24724000.0,-19413000.0,5311000.0,0.0,48747000.0,48747000.0,0.0,0.0,4242000.0,-34207000.0,-3.321712954,-38035000.0,-3.6934356186,-2946000.0,-40981000.0,-3.9795105846,-214000.0,-40767000.0,-3.9587298505,-0.56,-0.56,72410000,72544903,https://www.sec.gov/Archives/edgar/data/879169/000119312504042081/0001193125-04-042081-index.htm,https://www.sec.gov/Archives/edgar/data/879169/000119312504042081/d10k.htm,0.14221792570087,-0.5630023477420246,-0.2756387239331584,-0.2900290015191272,4.057547300096672,2.1313768816461813,1.7849468305482667,2.1313768816461813,2.317166137273857,495284400.0,633372400.0,-3.037287511958201,48.09520295202952,-24.81509093641965,-23.58384838817199,3.2091931084084417,3.2091931084084417,61.5044086230336,-18.515871020551348,-31.73367403176512,-30.15915432598448,-0.0823102847576059,-0.0424019008068899,1.087168654791911,0.4420714276304522,-4.036834566024498,5.41439417685369,0.0,0.48958716609022,0.0,0.0,2.400854534861138,2.6772188774519323,0.066092294721311,-0.05220702440002,0.1011846960574869,0.2456388495992456,0.1580889493105457,,-0.1174608880941839,-0.1150115668904813,1.001463886203563,253501000.0,129248000.0,85715000.0,305923000.0,7703500.0,6803500.0,0.0,45.69042532530589,0.0,0.0,1.969778117827085,0.0,0.0,-0.2641495985952453,0.0143902775859687,2004-02-02,-0.49,bmo,7875000.0,2025-04-25,2003-12-31,0.142857142857143,5.713125,655851.203125
2003-09-30,INCY,USD,879169,2003-11-13,2003-11-13 15:39:59,2003,Q3,13249000.0,0.0,13249000.0,1.0,28619000,0.0,0.0,8550000.0,0.0,37169000.0,37169000.0,0.0,0.0,4504000.0,-30170000.0,-2.2771529927,-30170000.0,-2.2771529927,-12652000.0,-42822000.0,-3.2320929882,190000.0,-43012000.0,-3.2464336931,-0.6,-0.6,72185000,72185000,https://www.sec.gov/Archives/edgar/data/879169/000119312503080067/0001193125-03-080067-index.htm,https://www.sec.gov/Archives/edgar/data/879169/000119312503080067/d10q.htm,0.1835422871787767,-0.5958578652074531,-0.5541317448223315,-0.5781949158412413,4.365145113250676,2.688439426473644,2.292110549283092,2.688439426473644,2.3258294659555308,334216550.0,487799550.0,-1.942577362131498,25.225794399577328,-8.35541375,-8.007680235762034,1.7221886996624842,1.7221886996624842,36.81783908219488,-16.16836426914153,-12.19498875,-11.687460766226607,-0.1286950032845471,-0.124880111412795,0.8651225104990596,0.4041286645147158,-5.090586675505469,6.316779477207285,0.0,0.9299730307821074,0.0,0.0,0.0,2.160087553777644,0.0688648338977991,-0.043425,0.1311042342818326,0.3856571936056838,0.0815910634764888,,-0.0837227374526753,-0.111191537324082,1.4041733047031932,284352000.0,165456000.0,116462000.0,343747000.0,8847000.0,6286500.0,0.0,69.14559589402973,0.0,0.0,1.3016013360840948,0.0,0.0,-0.2216370803596733,0.0240631710189097,2003-11-04,-0.39,bmo,5655000.0,2025-04-25,2003-09-30,0.5384615384615383,4.889671875,786776.59375
2003-06-30,INCY,USD,879169,2003-08-13,2003-08-13 15:19:28,2003,Q2,11036000.0,0.0,11036000.0,1.0,29870000,0.0,0.0,7694000.0,0.0,37564000.0,37564000.0,0.0,2490000.0,4482000.0,-22046000.0,-1.9976440739,-26818000.0,-2.4300471185,159000.0,-26659000.0,-2.4156397245,241000.0,-26900000.0,-2.4374773469,-0.37,-0.37,71895000,71895000,https://www.sec.gov/Archives/edgar/data/879169/000119312503035827/0001193125-03-035827-index.htm,https://www.sec.gov/Archives/edgar/data/879169/000119312503035827/d10q.htm,0.1535016343278392,-0.3741567563808332,-0.217303011335976,-0.2364281243480075,5.016190277488003,3.301425690242715,2.904416162459142,3.301425690242715,2.4245496905208985,349409700.0,499217700.0,-3.2473020446096656,31.66090068865531,-22.36508353069193,-20.55593010942464,1.4720912890341935,1.4720912890341935,45.23538419717289,-22.64436632495691,-31.954022914933116,-29.369202259089302,-0.0769869869096364,-0.0486477622115241,0.7239041776908947,0.3652117540783251,-6.795246303184251,6.175818976768468,-10.770281124497991,0.5807806691449814,0.0,0.0,0.0,2.706596592968467,0.0606684733514001,-0.0880112654419765,0.1245922435665096,0.3067826863007586,0.0,,-0.0661334950614414,-0.0608690929826308,1.8520933305514984,317257000.0,208813000.0,145434000.0,377821000.0,7769500.0,6441000.0,0.0,61.28579195360638,0.0,0.0,1.468529607451763,0.0,0.0,-0.1133318727986653,0.0191251130120314,2003-07-30,-0.39,bmo,11594594.0,2025-04-25,2003-06-30,-0.0512820512820513,4.099523809523809,531650.7936507936
2003-03-31,INCY,USD,879169,2003-05-14,2003-05-14 15:10:28,2003,Q1,12509000.0,0.0,12509000.0,1.0,30186000,0.0,0.0,8480000.0,0.0,38666000.0,38666000.0,0.0,0.0,4457000.0,-54273000.0,-4.3387161244,-54273000.0,-4.3387161244,-1251000.0,-55524000.0,-4.4387241186,260000.0,-55784000.0,-4.4595091534,-0.81,-0.81,68986000,68986000,https://www.sec.gov/Archives/edgar/data/879169/000095016803001763/0000950168-03-001763-index.htm,https://www.sec.gov/Archives/edgar/data/879169/000095016803001763/d10q.htm,0.1813266459861421,-0.8086278375322529,-0.6196909517873191,-0.7006349114313049,5.45304844461195,3.826993882816803,3.429318992259299,3.826993882816803,2.492244803293422,206268140.0,367561140.0,-0.9244054746880828,16.4895787033336,-4.824985730994152,-4.267557826788596,0.7812920771640361,0.7812920771640361,29.383734910864177,-6.772449284174451,-8.597921403508773,-7.604608350229652,-0.2704440928201514,-0.2343260573348846,0.651227799052305,0.3460205523287407,-2.971882888360695,6.59521816898866,0.0,0.7663487738419619,0.0,0.0,0.0,2.4131425373730915,0.0552127484010159,-0.1306198830409356,0.4463985930130306,1.2528606686111734,0.0400511631625229,,-0.1250797519667931,-0.1188299349869207,2.164685588380251,340967000.0,236575000.0,169037000.0,402190000.0,8254500.0,8269500.0,0.0,57.73123351187146,0.0,0.0,1.5589481555333995,0.0,0.0,-0.2112958270361995,0.0809439596439857,2003-05-05,-0.28,bmo,9722222.22,2025-04-25,2003-03-31,0.2857142857142855,3.917540983606557,410908.1967213115
2002-12-31,INCY,USD,879169,2003-03-28,2003-03-28 17:08:31,2002,Q4,21149000.0,0.0,21149000.0,1.0,33612000,39363000.0,-33056000.0,6307000.0,0.0,39919000.0,39919000.0,0.0,9434000.0,6343000.0,-12427000.0,-0.587592794,-18770000.0,-0.8875124119,-48505000.0,-67275000.0,-3.1810014658,217000.0,-67492000.0,-3.1912619982,-1.0,-1.0,67568000,67568000,https://www.sec.gov/Archives/edgar/data/879169/000102140803005282/0001021408-03-005282-index.htm,https://www.sec.gov/Archives/edgar/data/879169/000102140803005282/d10k.htm,0.3130031967795406,-0.998875207198674,-0.2901077433104428,-0.3108720104191333,6.349425763675113,4.475639355908122,4.089865024863841,4.475639355908122,2.685738811271608,308110080.0,457218080.0,-1.14128370769869,14.568541302189228,-15.718298132843586,-14.668416091406808,1.018848847591019,1.018848847591019,21.618898293063506,-36.79231351090368,-23.325072951739617,-21.76710687931445,-0.219051580526025,-0.0681736864954239,0.5688833041235409,0.3115809605914452,-11.998712480888388,5.904920649221937,-1.9896120415518337,0.2904344218574053,0.0,0.0,1.8612227528488343,1.58929500212776,0.0472091266873015,-0.0715743291500867,0.0663388339874225,0.2211887119659467,0.1937207432975554,,-0.039689540826629,-0.128293982013903,2.747643115084064,381078000.0,276344000.0,209042000.0,438931000.0,11632500.0,8144500.0,0.0,36.10809021703154,0.0,0.0,2.4925162050677665,0.0,0.0,-0.2231804503819318,0.0207642671086905,2003-02-19,-0.39,bmo,18286666.0,2025-04-25,2002-12-31,0.1538461538461538,4.7721875,376140.625
2002-09-30,INCY,USD,879169,2002-11-14,2002-11-14 18:12:44,2002,Q3,22390000.0,0.0,22390000.0,1.0,47406000,0.0,0.0,12447000.0,301000.0,59854000.0,59854000.0,0.0,0.0,5609000.0,-31855000.0,-1.4227333631,-37464000.0,-1.6732469853,-647000.0,-38111000.0,-1.7021438142,300000.0,-38411000.0,-1.715542653,-0.57,-0.57,67740000,67740000,https://www.sec.gov/Archives/edgar/data/879169/000102140802014186/0001021408-02-014186-index.htm,https://www.sec.gov/Archives/edgar/data/879169/000102140802014186/d10q.htm,0.3305284912902273,-0.5670357248302332,-0.3518895777974609,-0.4076321228225568,6.6848095659876,5.46917626217892,5.1048568054325365,5.46917626217892,2.5412311780336583,314313600.0,470720600.0,-2.045726484600765,14.038124162572576,-13.185954608381929,-11.382812443414334,0.8483910149480945,0.8483910149480945,21.023698079499777,-14.776976926699104,-19.747476611989764,-17.04706478832434,-0.1222059751789295,-0.0878517506083096,0.4646460556788184,0.2854520490702325,-4.909967038141579,8.097254629399792,0.0,0.6205774387545234,0.0,0.0,0.0,2.117284502009826,0.0409233667300109,-0.1584091957880606,0.168646717284502,0.6732037796398646,0.0,,-0.0695856382994445,-0.0664119299762265,3.415146147032772,428880000.0,345803000.0,256737000.0,497981000.0,19954500.0,7831500.0,0.0,59.410451094238496,0.0,0.0,1.5148849797023003,0.0,0.0,-0.1036784513147737,0.0557425450250959,2002-11-12,-0.37,bmo,18417777.0,2025-04-25,2002-09-30,0.2162162162162162,5.66484375,526464.0625
2002-06-30,INCY,USD,879169,2002-08-14,2002-08-14 14:09:16,2002,Q2,29059000.0,0.0,29059000.0,1.0,37717000,0.0,0.0,12748000.0,1371000.0,51836000.0,51836000.0,0.0,6601000.0,4424000.0,-18353000.0,-0.6315771362,-22777000.0,-0.7838191266,5536000.0,-17241000.0,-0.5933101621,300000.0,-17541000.0,-0.603633986,-0.26,-0.26,67440000,67440000,https://www.sec.gov/Archives/edgar/data/879169/000102140802010918/0001021408-02-010918-index.htm,https://www.sec.gov/Archives/edgar/data/879169/000102140802010918/d10q.htm,0.4308867141162514,-0.2600978647686833,-0.1305901542111506,-0.2005189798339264,7.060364768683274,5.994543297746144,5.590302491103203,5.994543297746144,2.6520017793594306,416779200.0,544836200.0,-5.940071831708568,14.342516948277645,-47.323628931531736,-30.82002514235007,1.030937586575375,1.030937586575375,18.74931002443305,-29.68649267149785,-61.86399454978994,-40.28959550395622,-0.0420870331340911,-0.0324464368663311,0.4260745240827957,0.2667498792076018,-6.977442379992372,7.621579449244373,-3.450537797303439,0.5020808391767858,0.0,0.0,0.0,1.2979455590350666,0.0422184917675334,-0.5354831384126263,0.1622905124057951,1.066003616636528,0.0,,-0.0401950463628923,-0.0283617419649007,3.7593972419928825,458306000.0,377010000.0,286056000.0,530832000.0,26410000.0,7466000.0,0.0,77.82821156956537,0.0,0.0,1.156393012057782,0.0,0.0,-0.0433891043653777,0.0699288256227758,2002-07-25,-0.28,bmo,31338461.0,2025-04-25,2002-06-30,-0.0714285714285714,8.10015625,542134.375
2002-03-31,INCY,USD,879169,2002-05-15,2002-05-15 16:05:48,2002,Q1,29014000.0,0.0,29014000.0,1.0,33743000,0.0,0.0,14168000.0,0.0,47911000.0,47911000.0,0.0,8157000.0,6830000.0,-12067000.0,-0.4159026677,-18897000.0,-0.6513062659,5759000.0,-13138000.0,-0.452815882,303000.0,-13441000.0,-0.4632591163,-0.2,-0.2,66864000,66864000,https://www.sec.gov/Archives/edgar/data/879169/000101287002002325/0001012870-02-002325-index.htm,https://www.sec.gov/Archives/edgar/data/879169/000101287002002325/d10q.htm,0.4339255802823642,-0.2010199808566642,-0.0900335008375209,-0.1198701842546063,7.35388250777698,6.302509571667863,6.260842905001197,6.302509571667863,2.8011186886815027,795012960.0,874993960.0,-14.787087270292387,27.40101192527745,-132.0619534883721,-99.19063755458517,1.8865500900546024,1.8865500900546024,30.157646653339768,-72.51130852738875,-145.34783388704318,-109.16955208983156,-0.0169066426288195,-0.0100815966572419,0.4250885714895909,0.2686328348181817,-6.628076572470373,8.257153199897434,-2.3166605369621185,0.447883342013243,0.0,0.0,0.0,1.1629902805542152,0.0041778698861957,-0.3313953488372093,0.0687599090094437,0.2920937042459736,0.0503550010339836,,-0.0321919631310745,-0.0202406104258494,3.9938120662838,481142000.0,418625000.0,302005000.0,529236000.0,40864500.0,6916000.0,0.0,85.89611911491005,0.0,0.0,1.047777256148207,0.0,0.0,-0.0318952281739204,0.0298366834170854,2002-05-01,-0.21,bmo,30395619.0,2025-04-25,2002-03-31,-0.0476190476190475,13.894166683333331,808531.6666666666
2001-12-31,INCY,USD,879169,2002-04-01,2002-04-01 00:00:00,2001,Q4,54772000.0,0.0,54772000.0,1.0,51560000,0.0,0.0,17588000.0,0.0,69148000.0,69148000.0,0.0,0.0,8818000.0,-5558000.0,-0.1014752063,-14376000.0,-0.2624698751,-130604000.0,-144980000.0,-2.6469729059,225000.0,-145205000.0,-2.6510808442,-2.18,-2.18,66580000,66746000,https://www.sec.gov/Archives/edgar/data/879169/000101287002001608/0001012870-02-001608-index.htm,https://www.sec.gov/Archives/edgar/data/879169/000101287002001608/d10k.txt,0.8226494442775608,-2.18091018323821,-0.1397717032141784,-0.1611745268849504,7.628462000600781,6.611640132171823,6.567873235205767,6.611640132171823,2.692219885851607,1294315266.58,1430195266.58,-2.2284275103818736,23.6309659420872,-139.0839529959166,-120.61459943900849,2.940269072632399,2.940269072632399,26.111795563061417,-257.32192633681177,-153.6852854695895,-133.27697945950982,-0.1121867320499731,-0.0082908702980493,0.4071939536986345,0.2540510432153796,-24.44764303706369,6.866040321456775,0.0,0.064088702179677,0.0,0.0,0.0,0.9413568976849486,0.0041300585776667,-0.1531270148291424,0.026016942963558,0.161601270129281,0.0,,-0.0232436636046108,-0.2066548541582164,4.251659657554821,505113000.0,437289000.0,325865000.0,555954000.0,49077500.0,7779500.0,0.0,88.79390929672095,0.0,0.0,1.0135830341611458,0.0,0.0,-0.3298591786062339,0.021402823670772,2002-02-13,-0.76,bmo,84320052.0,2025-04-25,2001-12-31,-0.7105263157894737,16.574375046875,770717.1875
2001-09-30,INCY,USD,879169,2001-11-14,2001-11-14 00:00:00,2001,Q3,57319000.0,0.0,57319000.0,1.0,50662000,0.0,0.0,17886000.0,0.0,68548000.0,68548000.0,0.0,0.0,13652000.0,2423000.0,0.042272196,-11229000.0,-0.1959036271,-6373000.0,-17602000.0,-0.3070884,225000.0,-17827000.0,-0.3110138,-0.27,-0.27,66370000,66370000,https://www.sec.gov/Archives/edgar/data/879169/000101287001502844/0001012870-01-502844-index.htm,https://www.sec.gov/Archives/edgar/data/879169/000101287001502844/d10q.txt,0.8636281452463462,-0.2686002712068706,-0.3754256441163176,-0.4130179297875546,7.797890613228868,8.790673497061926,7.676163929486214,8.790673497061926,2.7023956606900708,909269000.0,1043139000.0,-12.75129017782016,15.863308850468432,-36.49191315166352,-33.17047278564132,1.5584698947786992,1.5584698947786992,18.19883459236902,430.5154766817994,-41.86455030701931,-38.05410039398804,-0.0196058592121803,-0.0301472941450769,0.3074162248880341,0.217235114577782,55.24969046636401,9.43456122205426,0.0,1.3977113367364111,0.0,0.0,0.0,0.8838605000087231,0.0895911050821181,-0.1001324396998033,0.0435283239414504,0.1827571051860533,0.0,,-0.0149090335488317,-0.0237165245386938,4.647141027572698,530070000.0,509467000.0,350712000.0,684234000.0,37849000.0,8320000.0,0.0,69.27074791953802,0.0,0.0,1.2992497223292607,0.0,0.0,-0.0305551413434526,0.037592285671237,2001-10-25,-0.19,bmo,40322222.0,2025-04-25,2001-09-30,0.4210526315789474,17.439660898305085,524150.8474576271
2001-06-30,INCY,USD,879169,2001-08-14,2001-08-14 00:00:00,2001,Q2,56051000.0,0.0,56051000.0,1.0,55155000,0.0,0.0,18591000.0,0.0,73746000.0,73746000.0,0.0,0.0,12591000.0,-5104000.0,-0.0910599276,-17695000.0,-0.3156946352,8029000.0,-9666000.0,-0.1724500901,225000.0,-9891000.0,-0.1764642914,-0.15,-0.15,66076000,66076000,https://www.sec.gov/Archives/edgar/data/879169/000102140801505179/0001021408-01-505179-index.htm,https://www.sec.gov/Archives/edgar/data/879169/000102140801505179/d10q.txt,0.8482807676009444,-0.1496912646043949,-0.2521490404988195,-0.3144863490526061,8.163342211998305,9.145408317694775,7.980673769598644,9.145408317694775,2.716099642835523,1620183520.0,1735257520.0,-40.9509533919725,28.90552389787872,-97.24407418522296,-77.96840808469682,2.681126872439152,2.681126872439152,30.9585470375194,-339.97992163009405,-104.1508624932477,-83.50613666987488,-0.0061048639724467,-0.0128257075470067,0.2969905277581037,0.2106275555472098,-22.545846394984327,8.67363520576222,0.0,1.6844606207663533,0.0,0.0,0.0,0.984014558170238,0.0903226033602951,-0.2472240561791009,0.0734866460901678,0.3271384322134858,0.0,,-0.0231025718118754,-0.0127608188288842,4.771940644106786,524163000.0,527331000.0,344694000.0,693287000.0,26590500.0,8372500.0,0.0,50.70899716329771,0.0,0.0,1.774832969190336,0.0,0.0,-0.0163679148491126,0.0623373085537865,2001-07-19,-0.23,bmo,86020000.0,2025-04-25,2001-06-30,-0.3478260869565218,18.881746095238093,719061.9047619047
2001-03-31,INCY,USD,879169,2001-05-15,2001-05-15 00:00:00,2001,Q1,51121000.0,-12604000.0,63725000.0,1.2465522975,55959000,0.0,0.0,16561000.0,0.0,72520000.0,59916000.0,0.0,0.0,12604000.0,3809000.0,0.0745094971,-21399000.0,-0.4185950979,6677000.0,-14722000.0,-0.2879834119,255000.0,-10312000.0,-0.2017174938,-0.16,-0.16,65745000,65745000,https://www.sec.gov/Archives/edgar/data/879169/000101287001500795/0001012870-01-500795-index.htm,https://www.sec.gov/Archives/edgar/data/879169/000101287001500795/d10q.txt,0.7775648338276675,-0.1568484295383679,0.0590158947448475,-0.0152102821507338,8.62940147539737,9.279108677465969,8.063000988668339,9.279108677465969,2.731462468628793,1009185750.0,1074076750.0,-24.466295335531417,19.741119109563584,260.0994201030928,-1009.18575,1.6542537148289909,1.6542537148289909,21.01048003755795,281.98391966395377,276.8239046391753,-1074.07675,-0.0102181387321412,-0.0009908978599826,0.2943669013449607,0.2107887499515812,17.036229981622473,9.78771586313154,0.0,-0.3762606671838635,0.0,0.0,0.0,1.094638211302596,0.0938478278476376,1.2577319587628866,0.0954597914751276,0.3871786734370041,0.0,,-0.0275692597528507,-0.0133576859803883,5.196623317362537,547545000.0,530102000.0,367965000.0,723334000.0,28311000.0,12907000.0,0.0,38.02742512861642,-59.38828943192637,0.0,2.366712962962963,-1.5154502825538054,0.0,-0.0169033939562826,0.0742261768955814,2001-04-25,-0.28,bmo,65727000.0,2025-04-25,2001-03-31,-0.4285714285714286,19.83171370967742,1218288.7096774194
2000-12-31,INCY,USD,879169,2001-04-02,2001-04-02 00:00:00,2000,Q4,55416000.0,-8679000.0,64095000.0,1.1566154179,53935000,0.0,0.0,18532000.0,0.0,81146000.0,72467000.0,0.0,0.0,8679000.0,-8372000.0,-0.1510755017,-17051000.0,-0.3076909196,0.0,0.0,0.0,-9681000.0,-7370000.0,-0.1329940811,-0.11,-0.11,64369000,65692000,https://www.sec.gov/Archives/edgar/data/879169/000101287001001449/0001012870-01-001449-index.htm,https://www.sec.gov/Archives/edgar/data/879169/000101287001001449/0001012870-01-001449-0001.txt,0.8609113082384378,-0.1144961083751495,-0.1279031832093088,-0.8537494756792866,9.044415790209571,9.673818142273454,8.38524755705386,9.673818142273454,2.9177709767123927,1601178875.0,1678837875.0,-54.31407310040706,28.89380097805688,-194.48304081136888,-29.13618187608043,2.5713735398124924,2.5713735398124924,30.29518325032481,-200.5300854037267,-203.91568990647392,-30.54931989809845,-0.0046028586281467,-0.0343215869619813,0.3016152395879838,0.2117836765070702,-9.276039178213091,8.490080197085648,0.0,0.7835728561911107,0.0,0.0,0.0,0.973274866464559,0.0935296903542996,-5.674966597837969,0.8431139021221308,5.38333909436571,0.0,,,-0.0091680806492543,5.349166524258572,571583000.0,539750000.0,383769000.0,753475000.0,28018500.0,14672500.0,0.0,56.87851883932438,-181.4414103007259,0.0,1.5823196847695735,-0.4960278904955135,0.0,-0.011835668883914,0.7258462924699778,2001-02-01,-0.12,bmo,60033999.0,2025-04-25,2000-12-31,-0.0833333333333333,31.420386904761905,1019430.1587301588
2000-09-30,INCY,USD,879169,2000-11-15,2000-11-15 00:00:00,2000,Q3,51982000.0,-9634000.0,61616000.0,1.1853333846,51880000,0.0,0.0,15848000.0,0.0,77362000.0,67728000.0,0.0,0.0,9634000.0,-6112000.0,-0.117579162,-15746000.0,-0.3029125467,0.0,0.0,0.0,-8148000.0,-7598000.0,-0.1461659805,-0.12,-0.12,64064000,64064000,https://www.sec.gov/Archives/edgar/data/879169/000087916900000067/0000879169-00-000067-index.htm,https://www.sec.gov/Archives/edgar/data/879169/000087916900000067/0000879169-00-000067-0001.txt,0.8114073426573427,-0.1186001498501498,-0.415802947052947,-0.6681443556443556,10.062312687312687,9.513705044955046,9.314357517482517,9.513705044955046,3.171313061938062,2634632000.0,2509422000.0,-86.68833903658857,50.68354430379747,-98.90502289961708,-61.55106999345856,4.322711268183354,4.322711268183354,48.27482590127352,-410.5729712041885,-94.20459493956002,-58.62587608634707,-0.0028838942212802,-0.0162466712618688,0.333341536967215,0.2346245167012347,20.485929319371728,12.850781851288694,0.0,3.505922611213477,0.0,0.0,0.0,0.9980377823092608,0.0147484074814879,-0.6068773931976875,0.3109922665538071,1.678015362258667,0.0,,,-0.0089057882935417,6.305495285964036,631303000.0,596715000.0,428136000.0,740359000.0,17873500.0,12697500.0,0.0,36.38471009195491,-110.682997716421,0.0,2.4735665001189626,-0.8131330182309251,0.0,-0.0124662420465769,0.2523414085914086,2000-10-17,-0.12,bmo,52000000.0,2025-04-25,2000-09-30,-0.0,41.85329863492064,1716090.4761904762
2000-06-30,INCY,USD,879169,2000-08-11,2000-08-11 00:00:00,2000,Q2,46015000.0,-8415000.0,54430000.0,1.1828751494,45407000,0.0,0.0,15000000.0,0.0,68822000.0,60407000.0,0.0,0.0,8415000.0,-5977000.0,-0.1298924264,-14392000.0,-0.3127675758,0.0,0.0,0.0,-7802000.0,-6590000.0,-0.1432141693,-0.1,-0.1,63798000,63798000,https://www.sec.gov/Archives/edgar/data/879169/000087916900000061/0000879169-00-000061-index.htm,https://www.sec.gov/Archives/edgar/data/879169/000087916900000061/0000879169-00-000061-0001.txt,0.7212608545722436,-0.1032947741308505,0.1788143828960155,-0.1503181917928461,10.67303050252359,9.435107683626446,9.22555566005204,9.435107683626446,3.186494874447475,2621699062.5,2386878062.5,-99.45747581562972,56.97487911550581,229.81233016304347,-273.3784215328467,4.355408690386599,4.355408690386599,51.871738835162446,-399.3438284256316,209.22844166374475,-248.89239442127217,-0.0025136370891157,-0.0036579331843126,0.3377274516937706,0.2319003918392489,39.28743516814456,9.959216828660262,0.0,-1.7311077389984826,0.0,0.0,0.0,0.986786917309573,0.0152503607544759,1.8406381486676016,0.4563294577855047,2.495306001188354,0.0,,,-0.0076338000106572,6.54053418602464,639706000.0,588572000.0,436414000.0,741005000.0,14550000.0,12725000.0,0.0,28.81408236444637,-144.88770053475935,0.0,3.1234727124626662,-0.6211707389089836,0.0,-0.0109479168224128,0.3291325746888617,2000-07-18,-0.22,bmo,101200000.0,2025-04-25,2000-06-30,-0.5454545454545454,39.09015379365079,2219606.3492063493
2000-03-31,INCY,USD,879169,2000-05-15,2000-05-15 00:00:00,2000,Q1,40754000.0,-8114000.0,48868000.0,1.1990970212,41334000,0.0,0.0,14821000.0,0.0,64269000.0,56155000.0,0.0,0.0,8114000.0,-7287000.0,-0.1788045345,-15401000.0,-0.3779015557,-1283000.0,-16684000.0,-0.409383128,-7224000.0,-8177000.0,-0.2006428817,-0.13,-0.13,60612000,60612000,https://www.sec.gov/Archives/edgar/data/879169/000087916900000056/0000879169-00-000056-index.html,https://www.sec.gov/Archives/edgar/data/879169/000087916900000056/,0.6723751072394906,-0.1349072790866495,0.2659374381310631,0.0598726324820167,11.419421896654129,9.970302910314787,9.73988649112387,9.970302910314787,3.3561505972414705,2649880875.0,2431969875.0,-81.01629188577718,65.02136906806693,164.39486785780758,730.1958872967759,4.384896867553614,4.384896867553614,59.67438472297198,-333.74089131329765,150.87597710776103,670.1487668779278,-0.0030857990927611,0.0013694955249639,0.336614707439767,0.2322997126843684,29.904075751338,10.727751696125036,0.0,-1.9712608536137948,0.0,0.0,0.0,1.014231731854542,0.0159485298483941,0.7748619641416962,0.3064729842469451,1.5393147646043874,0.0,,-0.0108110200561266,-0.0094890951416111,7.120009239094569,660991000.0,590354000.0,457568000.0,748519000.0,20484000.0,9201500.0,0.0,31.72989154438828,-132.02736011831402,0.0,2.8364420935412027,-0.6816768881794506,0.0,-0.0135309107757479,0.2060648056490464,2000-04-19,-0.28,bmo,87876923.0,2025-04-25,2000-03-31,-0.5357142857142857,79.53311012698413,2833022.222222222
1999-12-31,INCY,USD,879169,2000-03-22,2000-03-22 00:00:00,1999,Q4,46100000.0,-7000000.0,53100000.0,1.1518438178,42600000,0.0,0.0,10300000.0,0.0,59900000.0,52900000.0,0.0,0.0,7000000.0,200000.0,0.0043383948,-6800000.0,-0.147505423,-1200000.0,-8000000.0,-0.1735357918,-400000.0,-6400000.0,-0.1388286334,-0.11,-0.11,59698595,59698595,https://www.sec.gov/Archives/edgar/data/879169/000089161800001634/0000891618-00-001634-index.html,https://www.sec.gov/Archives/edgar/data/879169/000089161800001634/,0.772212478367372,-0.1072052030705245,-0.2797385767621499,-0.3969942676205361,1.1206293883465768,2.8526634504547386,2.6081015809501045,2.8526634504547386,0.0033501625959538,1790957850.0,1758957850.0,-69.959291015625,38.849411062906725,-107.24298502994012,-75.5678417721519,10.51648766881973,10.51648766881973,38.15526789587853,8794.78925,-105.32681736526946,-74.21763080168776,-0.0035735067690174,-0.0132331422540178,0.001174398120963,0.0009013068949977,-160.0,2.1262135922330097,0.0,2.609375,0.0,0.0,0.0,0.9240780911062908,0.0657954033348355,-0.4191616766467065,0.1518438177874186,1.0,0.0,,-0.0379107981220657,-0.0308731307284129,0.5904661575368734,58000000.0,155700000.0,57900000.0,139900000.0,17300000.0,6300000.0,0.0,51.93058568329717,-83.57142857142857,0.0,1.7330827067669172,-1.0769230769230769,0.0,-0.0375807398708162,0.1172556908583862,2000-01-26,-0.12,bmo,49941666.0,2025-04-25,1999-12-31,-0.0833333333333333,13.84130859375,980859.375
1999-09-30,INCY,USD,879169,1999-11-01,1999-11-01 00:00:00,1999,Q3,35400000.0,-5900000.0,41300000.0,1.1666666667,36900000,0.0,0.0,9000000.0,0.0,51800000.0,45900000.0,0.0,0.0,5900000.0,-4585000.0,-0.129519774,-10500000.0,-0.2966101695,-1915000.0,-12400000.0,-0.3502824859,600000.0,-11100000.0,-0.313559322,-0.2,-0.2,55500000,55500000,https://www.sec.gov/Archives/edgar/data/879169/000087916999000016/0000879169-99-000016-index.html,https://www.sec.gov/Archives/edgar/data/879169/000087916999000016/,0.6378378378378379,-0.2,-0.3315315315315315,-0.4720720720720721,1.4792792792792793,2.983783783783784,2.7099099099099098,2.983783783783784,0.0036036036036036,641718750.0,600518750.0,-14.453125,18.127648305084747,-34.87601902173913,-24.4930820610687,3.875113224637681,3.875113224637681,16.963806497175142,-130.9746455834242,-32.63688858695652,-22.92056297709924,-0.0172972972972972,-0.0408278548819089,0.001207729468599,0.0009537434430138,8.985823336968375,2.2579908675799087,0.0,1.6576576576576576,0.0,0.0,0.0,1.0423728813559323,0.072484501669051,-0.4239130434782608,0.2203389830508474,1.3220338983050848,0.0,,-0.0663536137198856,-0.0570694087403599,0.7927927927927928,55100000.0,150400000.0,54800000.0,136900000.0,6300000.0,5350000.0,0.0,20.33898305084746,-93.05084745762711,0.0,4.425,-0.9672131147540984,0.0,-0.0670289855072463,0.1405405405405405,1999-10-19,-0.19,bmo,35400000.0,2025-04-25,1999-09-30,-0.0,13.141723640625,696984.375
1999-06-30,INCY,USD,879169,1999-08-04,1999-08-04 00:00:00,1999,Q2,37900000.0,-6400000.0,44300000.0,1.1688654354,36100000,0.0,0.0,9500000.0,0.0,52000000.0,45600000.0,0.0,0.0,6400000.0,-1300000.0,-0.0343007916,-7700000.0,-0.2031662269,300000.0,-7400000.0,-0.1952506596,-300000.0,-7400000.0,-0.1952506596,-0.13,-0.13,56923077,56923077,https://www.sec.gov/Archives/edgar/data/879169/000087916999000013/0000879169-99-000013-index.html,https://www.sec.gov/Archives/edgar/data/879169/000087916999000013/,0.6658108099110664,-0.1299999998243243,-0.316216215788897,-0.5112162155253835,0.9363513500860116,3.002297293240139,2.7247297260476624,3.002297293240139,0.007027027017531,752451924.09375,699551924.09375,-25.42067311127533,19.85361277292216,-41.802884671875,-25.85745443621134,4.402878432380047,4.402878432380047,18.457834408806068,-538.1168646875,-38.86399578298611,-24.03958502040378,-0.0098345153531403,-0.0386735671319439,0.0023405500292568,0.0017841213202497,40.69230769230769,2.219281663516068,0.0,2.4324324324324325,0.0,0.0,0.0,0.9525065963060686,0.0704727921498662,-0.6166666666666667,0.2928759894459103,1.734375,0.0,,-0.0431280667707988,-0.0355086372360844,0.0606081080262052,64500000.0,155100000.0,64100000.0,144300000.0,7150000.0,5550000.0,0.0,10.923482849604222,-64.6875,0.0,8.23913043478261,-1.391304347826087,0.0,-0.0433001755412521,0.1949999997364865,1999-07-14,-0.11,bmo,37900000.0,2025-04-25,1999-06-30,-0.0,10.997767857142858,602047.619047619
1999-03-31,INCY,USD,879169,1999-05-17,1999-05-17 00:00:00,1999,Q1,37600000.0,-5400000.0,43000000.0,1.1436170213,31200000,0.0,0.0,8400000.0,0.0,45000000.0,39600000.0,0.0,0.0,5400000.0,3430000.0,0.0912234043,-2000000.0,-0.0531914894,70000.0,-1900000.0,-0.0505319149,-100000.0,-1900000.0,-0.0505319149,-0.04,-0.04,47500000,47500000,https://www.sec.gov/Archives/edgar/data/879169/000087916999000009/0000879169-99-000009-index.html,https://www.sec.gov/Archives/edgar/data/879169/,0.791578947368421,-0.04,0.6673684210526316,0.48,1.7578947368421052,3.738947368421053,3.393684210526316,3.738947368421053,0.0105263157894736,476484375.0,393484375.0,-62.6953125,12.672456781914894,15.031052839116718,20.8984375,2.682907516891892,2.682907516891892,10.465009973404255,114.71847667638484,12.412756309148264,17.258086622807017,-0.0039875389408099,0.0478504672897196,0.0028153153153153,0.001993620414673,-24.198250728862973,2.052341597796143,0.0,-16.68421052631579,0.0,0.0,0.0,0.8297872340425532,0.0653907496012759,0.2807570977917981,0.2367021276595744,1.648148148148148,0.0,,-0.0106326422115895,-0.0081058020477815,0.37,76400000.0,161200000.0,75800000.0,151400000.0,12000000.0,7350000.0,0.0,23.21808510638298,-108.33333333333331,0.0,3.8762886597938144,-0.8307692307692308,0.0,-0.0106981981981981,0.1873684210526315,1999-04-21,-0.08,bmo,50760000.0,2025-04-25,1999-03-31,-0.5,13.73719262295082,849737.7049180327
1998-12-31,INCY,USD,879169,1999-03-25,1999-03-25 00:00:00,1998,Q4,36600000.0,-5800000.0,42400000.0,1.1584699454,27600000,0.0,0.0,8200000.0,0.0,41600000.0,35800000.0,0.0,0.0,5800000.0,6600000.0,0.1803278689,800000.0,0.0218579235,1000000.0,1800000.0,0.0491803279,300000.0,1500000.0,0.0409836066,0.025,0.02,65368000,81192000,https://www.sec.gov/Archives/edgar/data/879169/000087916999000005/0000879169-99-000005-index.html,https://www.sec.gov/Archives/edgar/data/879169/,0.5599069881287481,0.0229470077101945,-0.0887284298127524,-0.2294700771019459,1.7011381715824256,2.747521723167299,2.4874556357850937,2.747521723167299,0.0122384041121037,1221564500.0,1172364500.0,203.59408333333337,33.37607923497268,-210.61456896551724,-81.43763333333334,6.801584075723831,6.801584075723831,32.03181693989071,177.63098484848484,-202.1318103448276,-78.15763333333334,0.0012279335229535,-0.0122793352295355,0.0044543429844097,0.0034737299174989,-7.454545454545454,2.6332665330661325,0.0,-3.866666666666666,0.0,0.0,0.0,0.7540983606557377,0.0738167607468519,-1.5862068965517242,0.2513661202185792,1.5862068965517242,0.0,1.1910359141195366,0.0036954915003695,0.0070323488045007,1.0896004161057398,81500000.0,162600000.0,80700000.0,152900000.0,9200000.0,6950000.0,0.0,35.16393442622951,-127.24137931034484,0.0,2.55944055944056,-0.7073170731707317,0.0,0.0083518930957683,0.1407416472891935,1999-02-03,0.1,bmo,29280000.0,2025-04-25,1998-12-31,0.1999999999999999,15.2490234375,625250.0
1998-09-30,INCY,USD,879169,1998-11-13,1998-11-13 00:00:00,1998,Q3,34700000.0,-4300000.0,39000000.0,1.1239193084,24800000,0.0,0.0,6900000.0,0.0,36000000.0,31700000.0,0.0,0.0,4300000.0,7300000.0,0.2103746398,3000000.0,0.0864553314,-9100000.0,-6100000.0,-0.1757925072,700000.0,-6800000.0,-0.1959654179,-0.13,-0.13,52307692,52307692,https://www.sec.gov/Archives/edgar/data/879169/000087916998000015/0000879169-98-000015-index.html,https://www.sec.gov/Archives/edgar/data/879169/,0.6633823568434256,-0.1300000007647059,0.1701470598243944,-0.0248529413226643,0.8679411815761245,3.3589706079939448,3.022500017779412,3.3589706079939448,0.0,555769227.5,510369227.5,-20.4326921875,16.016404250720463,62.44598061797753,-427.51479038461537,3.163171471257826,3.163171471257826,14.70804690201729,69.91359280821918,57.34485702247191,-392.59171346153846,-0.0122352941896193,-0.0023391003597801,0.0,0.0,-6.219178082191781,2.470377019748653,0.0,-1.3088235294117647,0.0,0.0,0.0,0.7146974063400576,0.0755364806866952,1.146067415730337,0.2939481268011527,2.372093023255814,0.0,,0.0188621674849518,-0.0315691736304549,-0.1687132362865484,81900000.0,158100000.0,80300000.0,149800000.0,7550000.0,4600000.0,0.0,10.63400576368876,-119.30232558139534,0.0,8.463414634146341,-0.7543859649122807,0.0,-0.0387023335230506,0.1950000011470588,1998-10-14,0.1,bmo,41640000.0,2025-04-25,1998-09-30,-0.2,14.649536140625,840028.125
1998-06-30,INCY,USD,879169,1998-08-14,1998-08-14 00:00:00,1998,Q2,33100000.0,-4000000.0,37100000.0,1.1208459215,23100000,0.0,0.0,5700000.0,0.0,32800000.0,28800000.0,0.0,0.0,4000000.0,8300000.0,0.250755287,4300000.0,0.1299093656,1700000.0,6000000.0,0.1812688822,800000.0,5200000.0,0.1570996979,0.1,0.09,52000000,57777778,https://www.sec.gov/Archives/edgar/data/879169/000087916998000006/0000879169-98-000006-index.html,https://www.sec.gov/Archives/edgar/data/879169/,0.6365384615384615,0.1,0.0269230769230769,-0.0923076923076923,0.6326923076923077,3.0365384615384614,3.0365384615384614,3.0365384615384614,0.0,887250000.0,854350000.0,42.65625,26.805135951661637,633.75,-184.84375,5.61906269791007,5.61906269791007,25.81117824773414,102.93373493975903,610.25,-177.98958333333334,0.0058608058608058,-0.0054099746407438,0.0,0.0,-3.963855421686747,2.437086092715232,0.0,0.2692307692307692,0.0,0.0,0.0,0.6978851963746223,0.0,4.428571428571429,0.1873111782477341,1.55,0.0,2.613849945666648,0.0234676742233417,0.0237226277372262,-0.3875,86800000.0,157900000.0,85900000.0,132500000.0,9800000.0,5100000.0,0.0,29.909365558912388,-78.75,0.0,3.0090909090909093,-1.1428571428571428,0.0,0.0329322355921469,0.1192307692307692,1998-07-14,0.09,bmo,29422222.0,2025-04-25,1998-06-30,0.1111111111111112,19.03968253968254,687838.0952380953
1998-03-31,INCY,USD,879169,1998-05-14,1998-05-14 00:00:00,1998,Q1,30400000.0,-3700000.0,34100000.0,1.1217105263,21700000,0.0,0.0,4600000.0,0.0,30000000.0,26300000.0,0.0,0.0,3700000.0,7800000.0,0.2565789474,4100000.0,0.1348684211,100000.0,4200000.0,0.1381578947,600000.0,3600000.0,0.1184210526,0.07,0.06,51428571,60000000,https://www.sec.gov/Archives/edgar/data/879169/000089161898002414/0000891618-98-002414-index.html,https://www.sec.gov/Archives/edgar/data/879169/,0.591111116037037,0.0700000005833333,0.616388894025463,0.4394444481064815,0.8302777846967593,2.9419444689606484,2.9419444689606484,2.9419444689606484,0.0116666667638888,1202142847.125,1160042847.125,83.48214216145834,39.54417260279605,37.92248729100946,53.19216137721239,7.94542529494382,7.94542529494382,38.15930418174342,148.72344193910257,36.59441158123028,51.32932951880531,0.0029946524313725,0.0187997624858387,0.0039656311962987,0.002738475581926,-5.397435897435898,2.281859070464768,0.0,8.805555555555555,0.0,0.0,0.0,0.7138157894736842,0.0,0.2870662460567823,0.2993421052631579,2.45945945945946,0.0,2.1525711549739865,0.0230596175478065,0.0164308534915563,-0.3626388919108796,85500000.0,151300000.0,84400000.0,128900000.0,14250000.0,6250000.0,0.0,25.46052631578948,-162.97297297297297,0.0,3.5348837209302326,-0.5522388059701493,0.0,0.0237937871777924,0.1769444459189814,1998-04-08,0.08,bmo,30400000.0,2025-04-25,1998-03-31,0.0,22.517418032786885,274101.6393442623
1997-12-31,INCY,USD,879169,1998-03-30,1998-03-30 00:00:00,1997,Q4,26700000.0,-3100000.0,29800000.0,1.1161048689,19900000,0.0,0.0,3400000.0,0.0,26400000.0,23300000.0,0.0,0.0,3100000.0,6500000.0,0.2434456929,3400000.0,0.127340824,1200000.0,4600000.0,0.1722846442,200000.0,4400000.0,0.1647940075,0.06,0.05,54642857,69807692,https://www.sec.gov/Archives/edgar/data/879169/000095000898000156/0000950008-98-000156-index.html,https://www.sec.gov/Archives/edgar/data/879169/,0.4886274522578495,0.0805228760275107,0.0274509804639241,-0.1518954252337135,0.9369934665019436,2.671895431821949,2.671895431821949,2.671895431821949,0.0219607843711393,1229464282.5,1179464282.5,69.85592514204545,46.04735140449439,819.642855,-148.1282268072289,8.420988236301369,8.420988236301369,44.17469222846442,181.45604346153848,786.3095216666667,-142.10413042168673,0.0035787944901115,-0.006750907788165,0.0082191780821917,0.0062143966856551,-7.6923076923076925,2.9656652360515023,0.0,0.3409090909090909,0.0,0.0,0.0,0.7453183520599251,0.0,6.533333333333333,0.3670411985018726,3.161290322580645,0.0,2.200192231110523,0.0221991393381807,0.0227861211807353,0.3481699355507711,91600000.0,146000000.0,91100000.0,128500000.0,14600000.0,5100000.0,0.0,67.07865168539325,-168.38709677419354,0.0,1.3417085427135678,-0.5344827586206896,0.0,0.0301369863013698,0.1793464056976376,1998-01-13,0.07,bmo,19071428.0,2025-04-25,1997-12-31,0.2857142857142855,19.886962890625,319468.75
1997-09-30,INCY,USD,879169,1997-11-13,1997-11-13 00:00:00,1997,Q3,22700000.0,-2700000.0,25400000.0,1.1189427313,17500000,0.0,0.0,3300000.0,0.0,23500000.0,20800000.0,0.0,0.0,2700000.0,3600000.0,0.1585903084,1900000.0,0.0837004405,1300000.0,3200000.0,0.140969163,200000.0,3000000.0,0.1321585903,0.0571,0.0571,52500000,52500000,https://www.sec.gov/Archives/edgar/data/879169/000087916997000005/0000879169-97-000005-index.html,https://www.sec.gov/Archives/edgar/data/879169/,0.4323809523809523,0.0571428571428571,0.12,-0.019047619047619,0.9771428571428572,2.687619047619048,2.687619047619048,2.687619047619048,0.0019047619047619,1102500000.0,1051300000.0,91.875,48.56828193832599,175.0,-1102.5,7.813607370659107,7.813607370659107,46.31277533039648,292.02777777777777,166.87301587301587,-1051.3,0.0027210884353741,-0.000907029478458,0.0007087172218284,0.0005521811154058,-14.22222222222222,3.3797468354430378,0.0,2.032258064516129,0.0,0.0,0.0,0.7709251101321586,0.0,1.1587301587301588,0.3215859030837004,2.703703703703704,0.0,1.8589002673843569,0.0125794491525423,0.0165654334621755,0.348095238095238,94000000.0,141100000.0,93500000.0,124200000.0,6650000.0,4000000.0,0.0,36.87224669603524,-146.66666666666666,0.0,2.4408602150537635,-0.6136363636363636,0.0,0.0212615166548547,0.139047619047619,1997-10-15,0.06,bmo,22700000.0,2025-04-25,1997-09-30,0.0,17.060791015625,434256.25
1997-06-30,INCY,USD,879169,1997-07-30,1997-07-30 00:00:00,1997,Q2,21200000.0,-2400000.0,23600000.0,1.1132075472,16800000,0.0,0.0,2900000.0,0.0,22100000.0,19700000.0,0.0,0.0,2400000.0,3100000.0,0.1462264151,1500000.0,0.070754717,500000.0,2000000.0,0.0943396226,100000.0,1900000.0,0.0896226415,0.0438,0.0438,43333333,43333333,https://www.sec.gov/Archives/edgar/data/879169/000089161897003074/0000891618-97-003074-index.html,https://www.sec.gov/Archives/edgar/data/879169/,0.4892307729940828,0.0438461541834319,0.1384615395266272,0.0369230772071005,0.2607692327751479,1.1423077010946747,1.1423077010946747,1.1423077010946747,0.0023076923254437,725833327.75,714633327.75,95.50438523026315,34.23742112028302,120.97222129166666,453.64582984375,14.66329955050505,14.66329955050505,33.70911923349057,230.52687991935483,119.105554625,446.64582984375,0.002617680846772,0.0022043628183343,0.002020202020202,0.0013054830287206,-3.612903225806451,1.6404494382022472,0.0,3.1578947368421053,0.0,0.0,0.0,0.7924528301886793,0.0,0.7333333333333333,0.2075471698113207,1.8333333333333333,0.0,1.0615698237563902,0.0285571142284569,0.0248041775456919,-0.2953846176568047,17100000.0,49500000.0,16700000.0,42900000.0,6350000.0,3800000.0,0.0,16.9811320754717,-135.0,0.0,5.3,-0.6666666666666666,0.0,0.0383838383838383,0.1015384623195266,1997-07-15,0.03388,bmo,21200000.0,2025-04-25,1997-06-30,0.1806375442739079,14.298095703125,272093.75
1997-03-31,INCY,USD,879169,1997-05-15,1997-05-15 00:00:00,1997,Q1,17900000.0,-2200000.0,20100000.0,1.1229050279,14700000,0.0,0.0,2600000.0,0.0,19500000.0,17300000.0,0.0,0.0,2200000.0,2800000.0,0.156424581,600000.0,0.0335195531,500000.0,1100000.0,0.061452514,100000.0,1000000.0,0.0558659218,0.03,0.03,33333333,33333333,https://www.sec.gov/Archives/edgar/data/879169/000089161897002315/0000891618-97-002315-index.html,https://www.sec.gov/Archives/edgar/data/879169/,0.53700000537,0.0300000003,0.14700000147,0.00900000009,0.2400000024,1.38900001389,1.38900001389,1.38900001389,0.00300000003,433333329.0,425433329.0,108.33333225,24.208565865921788,88.43537326530613,1444.44443,9.359251166306697,9.359251166306697,23.767225083798884,151.94047464285714,86.82312836734694,1418.1110966666668,0.0023076923307692,0.0006923076992307,0.0021598272138228,0.0012562814070351,-2.821428571428572,1.513677811550152,0.0,4.9,0.0,0.0,0.0,0.8212290502793296,0.0,0.9387755102040816,0.2569832402234637,2.090909090909091,0.0,0.9682845752935964,0.0116799688534163,0.0125628140703517,-0.5632500056325,16900000.0,46300000.0,16500000.0,42200000.0,5600000.0,4350000.0,0.0,43.74301675977654,-163.63636363636363,0.0,2.057471264367816,-0.55,0.0,0.0215982721382289,0.13800000138,1997-04-17,0.02489,bmo,23866666.0,2025-04-25,1997-03-31,-0.1964644435516271,15.337090163934429,522695.08196721313
1996-12-31,INCY,USD,879169,1997-03-31,1997-03-31 00:00:00,1996,Q4,14200000.0,-2200000.0,16400000.0,1.1549295775,11900000,0.0,0.0,2500000.0,0.0,16600000.0,14400000.0,0.0,0.0,2200000.0,2000000.0,0.1408450704,-200000.0,-0.014084507,200000.0,500000.0,0.0352112676,-400000.0,200000.0,0.014084507,0.01,0.01,43333333,43333333,https://www.sec.gov/Archives/edgar/data/879169/000095014997000691/0000950149-97-000691-index.html,https://www.sec.gov/Archives/edgar/data/879169/,0.3276923102130177,0.0046153846508875,-0.1569230781301775,-0.2723076944023669,0.1753846167337278,1.043076931100592,1.043076931100592,1.043076931100592,0.0023076923254437,557916662.375,550416662.375,697.39582796875,39.289905801056335,-82.04656799632353,-47.28107308262712,12.343288990597344,12.343288990597344,38.76173678697183,275.2083311875,-80.94362681985294,-46.64547986228813,0.0003584764777388,-0.0211501121865916,0.0022123893805309,0.0014947683109118,-3.75,2.0473933649289098,0.0,-34.0,0.0,0.0,0.0,0.8380281690140845,0.0,-0.7352941176470589,0.352112676056338,2.272727272727273,0.0,0.3291193222733561,-0.0078431372549019,0.0029895366218236,-0.2821153867855029,22100000.0,45200000.0,21500000.0,45000000.0,2750000.0,4500000.0,0.0,15.84507042253521,-192.27272727272728,0.0,5.68,-0.4680851063829787,0.0,0.0044247787610619,0.1153846162721893,1997-02-26,0.01292,bmo,14200000.0,2025-04-25,1996-12-31,-0.6424148606811144,10.933837890625,407093.75
1996-09-30,INCY,USD,879169,1996-11-14,1996-11-14 00:00:00,1996,Q3,12900000.0,-2000000.0,14900000.0,1.1550387597,11900000,0.0,0.0,1700000.0,0.0,15600000.0,13600000.0,0.0,0.0,2000000.0,1300000.0,0.1007751938,-700000.0,-0.0542635659,-2600000.0,-3300000.0,-0.2558139535,2700000.0,-3400000.0,-0.2635658915,-0.09,-0.09,37777778,37777778,https://www.sec.gov/Archives/edgar/data/879169/000089161896002774/0000891618-96-002774-index.html,https://www.sec.gov/Archives/edgar/data/879169/,0.3414705862266436,-0.0899999994705882,0.3997058800017301,0.2964705864913495,0.5214705851678201,1.1779411695415225,1.1779411695415225,1.1779411695415225,0.0052941176159169,467500002.75,448000002.75,-34.37500020220588,36.24031029069767,30.96026508278145,41.74107167410714,10.505618039325842,10.505618039325842,34.72868238372093,344.6153867307692,29.66887435430463,40.00000024553571,-0.0072727272299465,0.023957219110412,0.0044943820224719,0.0026881720430107,-15.0,1.8395904436860069,0.0,-4.575757575757576,0.0,0.0,0.0,0.9224806201550388,0.0,0.2582781456953642,0.3023255813953488,1.95,0.0,,-0.0281576830249396,-0.0456989247311828,-0.2104411752326989,24600000.0,44500000.0,24000000.0,44600000.0,6200000.0,4650000.0,0.0,20.930232558139533,-193.5,0.0,4.3,-0.4651162790697674,0.0,-0.0764044943820224,0.1032352935103806,1996-10-24,,bmo,,2025-04-25,1996-09-30,,10.23681640625,400456.25
1996-06-30,INCY,USD,879169,1996-08-14,1996-08-14 00:00:00,1996,Q2,7600000.0,-1300000.0,8900000.0,1.1710526316,8800000,0.0,0.0,1000000.0,0.0,11100000.0,9800000.0,0.0,0.0,1300000.0,-900000.0,-0.1184210526,-2200000.0,-0.2894736842,600000.0,-1600000.0,-0.2105263158,-600000.0,-1600000.0,-0.2105263158,-0.04,-0.04,40000000,40000000,https://www.sec.gov/Archives/edgar/data/879169/000089161896001815/0000891618-96-001815-index.html,https://www.sec.gov/Archives/edgar/data/879169/,0.19,-0.04,-0.0975,-0.285,0.18,1.085,1.085,1.085,0.0025,392500000.0,385400000.0,-61.328125,51.64473684210526,-100.64102564102564,-34.42982456140351,9.04377880184332,9.04377880184332,50.71052631578947,-428.22222222222223,-98.82051282051282,-33.80701754385965,-0.0040764331210191,-0.0290445859872611,0.0023041474654377,0.0015151515151515,7.888888888888889,2.16289592760181,0.0,2.294117647058824,0.0,0.0,0.0,1.1578947368421053,0.0,-1.9230769230769231,0.986842105263158,5.769230769230769,0.0,,-0.03125,-0.0242424242424242,-0.20875,25700000.0,43400000.0,25200000.0,43500000.0,4750000.0,3650000.0,0.0,111.31578947368422,-346.15384615384613,0.0,0.8085106382978723,-0.26,0.0,-0.0368663594470046,0.1875,1996-07-25,-0.03,bmo,,2025-04-25,1996-06-30,0.3333333333333334,7.956907238095239,412895.2380952381
1996-03-31,INCY,USD,879169,1996-05-15,1996-05-15 00:00:00,1996,Q1,5600000.0,-1000000.0,6600000.0,1.1785714286,7400000,0.0,0.0,1000000.0,0.0,9400000.0,8400000.0,0.0,0.0,1000000.0,-1800000.0,-0.3214285714,-2800000.0,-0.5,700000.0,-2100000.0,-0.375,-800000.0,-2000000.0,-0.3571428571,-0.05,-0.05,40000000,40000000,https://www.sec.gov/Archives/edgar/data/879169/000089161896000494/0000891618-96-000494-index.html,https://www.sec.gov/Archives/edgar/data/879169/,0.14,-0.05,0.29,0.195,0.3125,1.1225,1.1225,1.1225,0.0025,275000000.0,262600000.0,-34.375,49.10714285714285,23.70689655172414,35.256410256410255,6.124721603563474,6.124721603563474,46.892857142857146,-145.88888888888889,22.63793103448276,33.666666666666664,-0.0072727272727272,0.0283636363636363,0.0022271714922048,0.001610305958132,6.888888888888889,3.0119760479041915,0.0,-5.8,0.0,0.0,0.0,1.3214285714285714,0.0,0.3275862068965517,0.6785714285714286,3.8,0.0,,-0.0380952380952381,-0.0322061191626409,-0.115625,33600000.0,44900000.0,33100000.0,45000000.0,3650000.0,2250000.0,0.0,1.6071428571428572,-207.0,0.0,56.0,-0.4347826086956521,0.0,-0.0445434298440979,0.095,1996-04-25,-0.03294,bmo,,2025-04-25,1996-03-31,0.2143290831815423,8.073660714285714,435961.90476190473
1995-12-31,INCY,USD,879169,1995-12-31,1995-12-30 19:00:00,1995,Q4,4900000.0,-900000.0,5800000.0,1.1836734694,6100000,0.0,0.0,1300000.0,0.0,8300000.0,7400000.0,0.0,0.0,900000.0,-1600000.0,-0.3265306122,-2500000.0,-0.5102040816,400000.0,-2100000.0,-0.4285714286,-300000.0,-2200000.0,-0.4489795918,-0.0591,-0.0591,37200000,37200000,,,0.1317204301075268,-0.0591397849462365,-0.0403225806451612,-0.0887096774193548,0.2795698924731182,1.2580645161290325,1.2580645161290325,1.2580645161290325,0.0026881720430107,261562500.0,251262500.0,-29.723011363636363,53.380102040816325,-174.375,-79.26136363636364,5.588942307692308,5.588942307692308,51.2780612244898,-157.0390625,-167.50833333333333,-76.14015151515152,-0.008410991636798,-0.0126164874551971,0.0021367521367521,0.0017301038062283,6.4375,4.711538461538462,0.0,0.6818181818181818,0.0,0.0,0.0,1.2448979591836735,0.0,-1.2,0.3673469387755102,2.0,0.0,,-0.0451127819548872,-0.0380622837370242,0.1290322580645161,38600000.0,46800000.0,38000000.0,47300000.0,3650000.0,1550000.0,0.0,132.24489795918367,-220.0,0.0,0.6805555555555556,-0.4090909090909091,0.0,-0.047008547008547,0.0483870967741935,1996-02-22,-0.06,bmo,,2025-04-25,1995-12-31,-0.0,5.008928571428571,236653.96825396825
1995-09-30,INCY,USD,879169,1995-09-30,1995-09-29 20:00:00,1995,Q3,2900000.0,-600000.0,3500000.0,1.2068965517,5000000,0.0,0.0,1000000.0,0.0,6600000.0,6000000.0,0.0,0.0,700000.0,-2400000.0,-0.8275862069,-3100000.0,-1.0689655172,200000.0,-2900000.0,-1.0,-100000.0,-3000000.0,-1.0344827586,-0.1,-0.1,30000000,30000000,,,0.0966666666666666,-0.1,-0.0633333333333333,-0.1733333333333333,0.19,0.5466666666666666,0.5466666666666666,0.5466666666666666,0.0066666666666666,168750000.0,163250000.0,-14.0625,58.189655172413794,-88.8157894736842,-32.45192307692308,10.289634146341465,10.289634146341465,56.293103448275865,-68.02083333333333,-85.92105263157895,-31.39423076923077,-0.0177777777777777,-0.0308148148148148,0.0121951219512195,0.01,2.2916666666666665,3.361111111111111,0.0,0.6333333333333333,0.0,0.0,0.0,1.7241379310344829,0.0,-1.736842105263158,1.137931034482759,4.714285714285714,0.0,,-0.1814002089864159,-0.15,0.0725,8500000.0,16400000.0,8500000.0,16300000.0,350000.0,1050000.0,0.0,3.103448275862069,-135.0,0.0,29.0,-0.6666666666666666,0.0,-0.1829268292682926,0.11,1995-10-26,-0.06,bmo,,2025-04-25,1995-09-30,0.5,4.879960317460317,66019.04761904762
1995-06-30,INCY,USD,879169,1995-06-30,1995-06-29 20:00:00,1995,Q2,2000000.0,-600000.0,2600000.0,1.3,4400000,0.0,0.0,700000.0,0.0,5700000.0,5100000.0,0.0,0.0,600000.0,-2500000.0,-1.25,-3100000.0,-1.55,300000.0,-2800000.0,-1.4,-200000.0,-2900000.0,-1.45,-0.09,-0.09,32222222,32222222,,,0.0620689659453032,-0.0900000006206896,-0.1086206904042806,-0.1520689665659928,0.2296551739976219,0.5958620730749109,0.5958620730749109,0.5958620730749109,0.0062068965945303,131909721.3125,124709721.3125,-11.371527699353448,65.95486065625,-37.688491803571424,-26.920351288265305,6.870297985026041,6.870297985026041,62.35486065625,-49.883888525,-35.631348946428574,-25.450963533163264,-0.0219847329760463,-0.0371466177871127,0.0104166666666666,0.008695652173913,2.88,4.783783783783784,0.0,1.206896551724138,0.0,0.0,0.0,2.2,0.0,-0.4,0.7,2.333333333333333,0.0,,-0.148379970544919,-0.1260869565217391,0.125689656039239,14000000.0,19200000.0,13900000.0,19200000.0,500000.0,1450000.0,0.0,27.0,-180.0,0.0,3.333333333333333,-0.5,0.0,-0.1510416666666666,0.0434482761617122,1995-07-28,-0.05,bmo,,2025-04-25,1995-06-30,0.7999999999999998,3.882440476190476,48565.07936507936
1995-03-31,INCY,USD,879169,1995-03-31,1995-03-30 19:00:00,1995,Q1,1500000.0,-400000.0,1900000.0,1.2666666667,3200000,0.0,0.0,500000.0,0.0,4100000.0,3700000.0,0.0,0.0,400000.0,-1800000.0,-1.2,-2200000.0,-1.4666666667,300000.0,-1900000.0,-1.2666666667,-200000.0,-2000000.0,-1.3333333333,-0.07,-0.07,28571429,28571429,,,0.0524999992125,-0.06999999895,-0.0734999988975,-0.1224999981625,0.2064999969025,0.7699999884500002,0.7699999884500002,0.7699999884500002,0.006999999895,101785715.8125,96085715.8125,-12.7232144765625,67.857143875,-48.46938848214286,-29.081633089285717,4.626623446022728,4.626623446022728,64.057143875,-53.38095322916666,-45.755102767857146,-27.453061660714287,-0.0196491225122807,-0.0343859643964912,0.009090909090909,0.0074906367041198,3.1666666666666665,4.869565217391305,0.0,1.05,0.0,0.0,0.0,2.1333333333333333,0.0,-0.6666666666666666,0.9333333333333332,3.5,0.0,,-0.0886676149834044,-0.0749063670411985,0.0524999992125,17800000.0,22000000.0,17700000.0,22100000.0,200000.0,1600000.0,0.0,24.0,-382.5,0.0,3.75,-0.2352941176470588,0.0,-0.0909090909090909,0.048999999265,1995-04-27,-0.05,bmo,,2025-04-25,1995-03-31,0.1999999999999999,3.8788442698412697,69574.60317460318
1994-12-31,INCY,USD,879169,1994-12-31,1994-12-30 19:00:00,1994,Q4,100000.0,-300000.0,400000.0,4.0,0,0.0,0.0,4400000.0,0.0,4700000.0,4400000.0,0.0,0.0,300000.0,-4000000.0,-40.0,-4300000.0,-43.0,500000.0,-3800000.0,-38.0,-500000.0,-3800000.0,-38.0,-0.19,-0.19,19795122,19795122,,,0.0050517496179109,-0.1919664854806148,0.0353622473253764,-0.0505174961791091,0.3435189740179424,1.2124199082986202,1.2124199082986202,1.2124199082986202,0.0101034992358218,68664329.4375,62064329.4375,-4.517390094572368,686.643294375,98.09189919642856,-68.6643294375,2.8610137265625,2.8610137265625,620.643294375,-15.516082359375,88.66332776785714,-62.0643294375,-0.055341689507925,-0.0145636025020855,0.0083333333333333,0.0069686411149825,1.65,5.5,0.0,-0.1842105263157894,0.0,0.0,0.0,0.0,0.0,2.4285714285714284,17.0,5.666666666666667,0.0,,-0.1543062200956937,-0.1324041811846689,0.1060867419761292,20700000.0,24000000.0,20600000.0,24000000.0,0.0,1000000.0,0.0,0.0,-450.0,0.0,0.0,-0.2,0.0,-0.1583333333333333,0.0858797435044856,1994-12-30,,bmo,,2025-04-25,1994-12-31,,2.6112351587301585,96901.58730158732
1994-09-30,INCY,USD,879169,1994-09-30,1994-09-29 20:00:00,1994,Q3,100000.0,-200000.0,300000.0,3.0,0,0.0,0.0,3200000.0,0.0,3400000.0,3200000.0,0.0,0.0,200000.0,-2900000.0,-29.0,-3100000.0,-31.0,100000.0,-3000000.0,-30.0,0.0,-3100000.0,-31.0,-0.12,-0.12,25555556,25555556,,,0.0039130434102079,-0.1213043457164461,-0.1095652154858223,-0.1213043457164461,0.1682608666389414,0.6886956401965976,0.6886956401965976,0.6886956401965976,0.0313043472816635,46319445.25,42819445.25,-3.735439133064516,463.1944525,-16.542659017857144,-14.941756532258063,2.631786661931818,2.631786661931818,428.1944525,-14.765325948275862,-15.292659017857142,-13.812724274193547,-0.0669265355676944,-0.0669265355676944,0.0454545454545454,0.0418848167539267,1.206896551724138,16.2,0.0,0.9032258064516128,0.0,0.0,0.0,0.0,0.0,-0.1071428571428571,3.0,1.5,0.0,,-0.1684782608695652,-0.1623036649214659,0.1095652154858223,15200000.0,17600000.0,14700000.0,18000000.0,0.0,450000.0,0.0,0.0,-225.0,0.0,0.0,-0.4,0.0,-0.1761363636363636,0.0117391302306238,1995-02-23,-0.1,bmo,,2025-04-25,1994-09-30,0.3,2.19836428125,194725.0
1994-06-30,INCY,USD,879169,1994-06-30,1994-06-29 20:00:00,1994,Q2,100000.0,1400000.0,-1300000.0,-13.0,0,0.0,0.0,900000.0,0.0,1100000.0,2500000.0,0.0,0.0,200000.0,-2200000.0,-22.0,-2400000.0,-24.0,0.0,0.0,0.0,100000.0,-2500000.0,-25.0,-0.1,-0.1,25000000,25000000,,,0.004,-0.1,-0.092,-0.112,0.42,0.464,0.464,0.464,0.048,66406250.0,57106250.0,-6.640625,664.0625,-28.87228260869565,-23.716517857142858,5.724676724137931,5.724676724137931,571.0625,-25.957386363636363,-24.82880434782609,-20.395089285714285,-0.0376470588235294,-0.0421647058823529,0.1034482758620689,0.0902255639097744,4.227272727272728,10.6,0.0,0.92,0.0,0.0,0.0,0.0,0.0,-0.217391304347826,5.0,2.5,0.0,,,-0.18796992481203,0.352,9600000.0,11600000.0,8900000.0,12300000.0,0.0,450000.0,0.0,0.0,25.714285714285715,0.0,0.0,3.5,0.0,-0.2155172413793103,0.02,1994-06-29,,bmo,,2025-04-25,1994-06-30,,2.4163306451612905,62787.096774193546
1994-03-31,INCY,USD,879169,1994-03-31,1994-03-30 19:00:00,1994,Q1,100000.0,0.0,100000.0,1.0,0,0.0,0.0,2100000.0,0.0,2300000.0,2300000.0,0.0,0.0,200000.0,-2000000.0,-20.0,-2200000.0,-22.0,0.0,0.0,0.0,-100000.0,-2100000.0,-21.0,-0.09,-0.09,23333333,23333333,,,0.0042857143469387,-0.0900000012857143,-0.0814285725918367,-0.0857142869387755,0.5700000081428572,0.6000000085714287,0.6000000085714287,0.6000000085714287,0.0300000004285714,51041665.9375,38441665.9375,-6.076388802083333,510.416659375,-26.864034703947368,-25.52083296875,3.64583328125,3.64583328125,384.416659375,-19.22083296875,-20.232455756578947,-19.22083296875,-0.0411428577306122,-0.0391836740291545,0.05,0.0457516339869281,6.3,14.88888888888889,0.0,0.9047619047619048,0.0,0.0,0.0,0.0,0.0,-0.0526315789473684,1.0,0.5,0.0,,,-0.1372549019607843,0.5142857216326532,12500000.0,14000000.0,12100000.0,14400000.0,0.0,500000.0,0.0,0.0,0.0,0.0,0.0,0.0,0.0,-0.15,0.0042857143469387,1994-03-30,,bmo,,2025-04-25,1994-03-31,,2.461309523809524,72146.03174603175
1993-12-31,INCY,USD,879169,1993-12-31,1993-12-30 19:00:00,1993,Q4,0.0,1000000.0,-1000000.0,,0,0.0,0.0,200000.0,0.0,300000.0,1300000.0,0.0,0.0,100000.0,-1200000.0,,-1300000.0,,0.0,0.0,0.0,100000.0,-1400000.0,,-0.0547,-0.0547,25584000,25584000,,,0.0,-0.0547217010631644,-0.0469043151969981,-0.0547217010631644,0.6058474046278924,0.6292995622263915,0.6292995622263915,0.6292995622263915,0.0312695434646654,57564000.0,42864000.0,-10.279285714285717,0.0,-47.970000000000006,-41.11714285714286,3.5754037267080747,3.5754037267080747,0.0,-35.72,-35.72,-30.617142857142856,-0.0243207560280731,-0.0243207560280731,0.0496894409937888,0.0454545454545454,12.25,15.7,0.0,0.8571428571428571,0.0,0.0,0.0,0.0,0.0,-0.1666666666666666,0.0,2.0,0.0,,,-0.0795454545454545,0.5472170106316447,14700000.0,16100000.0,14200000.0,16600000.0,0.0,450000.0,0.0,0.0,45.0,0.0,0.0,2.0,0.0,-0.0869565217391304,0.0078173858661663,1993-12-30,,bmo,,2025-04-25,1993-12-31,,2.246875,204620.0
1993-09-30,INCY,USD,879169,1993-09-30,1993-09-29 20:00:00,1993,Q3,100000.0,900000.0,-800000.0,-8.0,0,0.0,0.0,300000.0,0.0,400000.0,1300000.0,0.0,0.0,100000.0,-1100000.0,-11.0,-1200000.0,-12.0,0.0,0.0,0.0,200000.0,-1400000.0,-14.0,-0.0547,-0.0547,25584000,25584000,,,0.0039086929330831,-0.0547217010631644,,,0.066447779862414,0.089899937460913,0.089899937460913,0.089899937460913,0.023452157598499,47970000.0,46870000.0,-8.566071428571428,479.7,0.0,0.0,20.85652173913044,20.85652173913044,468.7,-42.60909090909091,0.0,0.0,-0.0291849072336877,,0.2608695652173913,0.1764705882352941,1.0,2.4285714285714284,0.0,0.0,,,0.0,0.0,0.0,0.0,,0.0,,,,-0.4117647058823529,0.023452157598499,1000000.0,2300000.0,600000.0,2500000.0,,,,0.0,40.0,0.0,0.0,2.25,0.0,-0.6086956521739131,,1993-09-29,,bmo,,2025-04-25,1993-09-30,,,
