date,symbol,reportedCurrency,cik,fillingDate,acceptedDate,calendarYear,period,revenue,costOfRevenue,grossProfit,grossProfitRatio,researchAndDevelopmentExpenses,generalAndAdministrativeExpenses,sellingAndMarketingExpenses,sellingGeneralAndAdministrativeExpenses,otherExpenses,operatingExpenses,costAndExpenses,interestIncome,interestExpense,depreciationAndAmortization,ebitda,ebitdaratio,operatingIncome,operatingIncomeRatio,totalOtherIncomeExpensesNet,incomeBeforeTax,incomeBeforeTaxRatio,incomeTaxExpense,netIncome,netIncomeRatio,eps,epsdiluted,weightedAverageShsOut,weightedAverageShsOutDil,link,finalLink,revenuePerShare,netIncomePerShare,operatingCashFlowPerShare,freeCashFlowPerShare,cashPerShare,bookValuePerShare,tangibleBookValuePerShare,shareholdersEquityPerShare,interestDebtPerShare,marketCap,enterpriseValue,peRatio,priceToSalesRatio,pocfratio,pfcfRatio,pbRatio,ptbRatio,evToSales,enterpriseValueOverEBITDA,evToOperatingCashFlow,evToFreeCashFlow,earningsYield,freeCashFlowYield,debtToEquity,debtToAssets,netDebtToEBITDA,currentRatio,interestCoverage,incomeQuality,dividendYield,payoutRatio,salesGeneralAndAdministrativeToRevenue,researchAndDdevelopementToRevenue,intangiblesToTotalAssets,capexToOperatingCashFlow,capexToRevenue,capexToDepreciation,stockBasedCompensationToRevenue,grahamNumber,roic,returnOnTangibleAssets,grahamNetNet,workingCapital,tangibleAssetValue,netCurrentAssetValue,investedCapital,averageReceivables,averagePayables,averageInventory,daysSalesOutstanding,daysPayablesOutstanding,daysOfInventoryOnHand,receivablesTurnover,payablesTurnover,inventoryTurnover,roe,capexPerShare,report_date,epsEstimated,time,revenueEstimated,updatedFromDate,fiscalDateEnding,surprise(%),QuarterAvgPrice,QuarterAvgVolume
2025-03-31,INVH,USD,1687229,2025-05-01,2025-05-01 15:34:33,2025,Q1,674479000.0,274188000.0,400291000.0,0.5934817837,0,29518000.0,0.0,29518000.0,183146000.0,212664000.0,486852000.0,0.0,84254000.0,183146000.0,433682000.0,0.6429881434,187627000.0,0.2781806402,-21345000.0,166282000.0,0.2465339914,0.0,165745000.0,0.2457378213,0.2701094138874259,0.2698521140570392,612777606,613361880,https://www.sec.gov/Archives/edgar/data/1687229/000168722925000019/0001687229-25-000019-index.htm,https://www.sec.gov/Archives/edgar/data/1687229/000168722925000019/invh-20250331.htm,1.1006913330315142,0.270481490147667,0.4904160939588905,0.4073321178124123,0.1377122779516195,15.919338279473614,15.497966810490787,15.859637990752551,0.1374952334664788,21355299569.1,21270912569.1,32.211076607288305,31.661919154043343,71.06210507626882,85.55672012107179,2.197401984857432,2.197401984857432,31.536804806524746,36.01223139126195,70.78129806432936,85.21863659676929,0.007761305312702,0.0116881525914608,0.0,0.0,-0.1428694777688611,0.0,4.836708049469461,1.8072671726344405,0.0083464528054621,1.075392922863435,0.0437641498104462,0.0,0.0138984670761669,0.0,0.0,0.0,0.0150590307481774,9.824414314918693,0.0219350835381803,0.0090472729495845,-14.260787134574237,582329000.0,9496807000.0,-8240749000.0,840536000.0,0.0,0.0,0.0,0.0,0.0,0.0,0.0,0.0,0.0,0.017054707699216,0.0,2025-04-30,0.47,amc,664429660.0,2025-05-11,2025-03-31,-0.4255319148936169,32.31075,3056875.833333333
2024-12-31,INVH,USD,1687229,2025-02-27,2025-02-27 15:15:47,2024,Q4,659130000.0,267702000.0,391428000.0,0.5938555368,0,23939000.0,0.0,23939000.0,181912000.0,205851000.0,473553000.0,0.0,95158000.0,181912000.0,420640000.0,0.6381745634,185577000.0,0.2815484047,-42007000.0,143570000.0,0.217817426,103011000.0,143110000.0,0.2171195364,0.23,0.23,612551317,613247740,https://www.sec.gov/Archives/edgar/data/1687229/000168722925000008/0001687229-25-000008-index.htm,https://www.sec.gov/Archives/edgar/data/1687229/000168722925000008/invh-20241231.htm,1.0760404585008834,0.2336294054527353,0.2168112226914043,0.1323823780138897,0.2848593989717926,15.986430407103343,15.564903274871254,15.928076112519404,13.54573856870836,19583265604.49,27611076604.49,34.21016281966669,29.71077876062385,147.45546657196854,241.49739927353212,2.007147616206562,2.007147616206562,41.890183430415846,65.64063475772632,207.902209238073,340.49495757223366,0.0073077699547305,0.0041408313423174,0.8406785282497352,0.4386034699518757,19.08475418410042,0.8245035825703276,1.950198617036928,0.9250400501497528,0.0088133921831927,1.2060303263224093,0.0363190872817198,0.0,0.0138071587910154,0.3894117824227456,0.0784625187747485,0.2842968028497295,0.0107854292779876,9.150328213999268,0.0028410247088162,0.0077596912910573,-14.258317234178763,-143505000.0,9534302000.0,-8234238000.0,186236000.0,34200000.0,0.0,0.0,0.0,0.0,0.0,0.0,0.0,0.0,0.0146677730444233,0.0844288446775145,2025-02-26,0.47,amc,658705280.0,2025-05-11,2024-12-31,-0.5106382978723404,33.3884375,3291269.328125
2024-09-30,INVH,USD,1687229,2024-10-31,2024-10-31 17:25:49,2024,Q3,660322000.0,276610000.0,383712000.0,0.5810983126,0,21727000.0,0.0,21727000.0,0.0,383712000.0,499957000.0,0.0,91060000.0,180479000.0,367117000.0,0.5559666345,181506000.0,0.2748749852,-86237000.0,95269000.0,0.1442765802,309000.0,95269000.0,0.1442765802,0.16,0.15,612674802,613645188,https://www.sec.gov/Archives/edgar/data/1687229/000168722924000074/0001687229-24-000074-index.htm,https://www.sec.gov/Archives/edgar/data/1687229/000168722924000074/invh-20240930.htm,1.077769149056664,0.1554968470859358,0.5118784042957915,0.4000001292692302,1.6765811106427713,16.24297582912509,15.82153365595734,16.184891181472157,14.852843580794106,21602913518.52,29584617518.52,56.68925232373594,32.71572584060504,68.88354676440859,88.14997151230261,2.178575042899534,2.178575042899534,44.80331946916807,80.58634582032431,94.33419166340896,120.71904973485128,0.0044100070075421,0.0113443031556786,0.908515012240226,0.458868881376762,21.741581021854067,3.844998922019383,1.993257193059521,3.281246730419134,0.0079485111974731,1.8023806274863807,0.0329036439797553,0.0,0.0131517852122116,0.2185641630661798,0.1038054161454563,0.3797948791826195,0.0082035734081251,7.5250076316125725,0.1104698794215519,0.0049172007883913,-14.041196034042216,1134853000.0,9693455000.0,-8147439000.0,1393060000.0,68226500.0,158403500.0,0.0,9.322724367808432,0.0,0.0,9.653830409356726,0.0,0.0,0.0096075312056433,0.1118782750265613,2024-10-30,0.17,amc,652730000.0,2024-10-31,2024-09-30,-0.1176470588235295,35.77484375,3843554.890625
2024-06-30,INVH,USD,1687229,2024-07-25,2024-07-25 14:27:59,2024,Q2,674916000.0,441765000.0,233151000.0,0.3454518785,0,21498000.0,0.0,21498000.0,-54012000.0,198120000.0,475409000.0,0.0,90007000.0,176622000.0,574391000.0,0.8510555388,199507000.0,0.295602712,-126076000.0,30164000.0,0.0446929692,-42817000.0,73188000.0,0.1084401614,0.12,0.12,612628758,613823339,https://www.sec.gov/Archives/edgar/data/1687229/000168722924000046/0001687229-24-000046-index.htm,https://www.sec.gov/Archives/edgar/data/1687229/000168722924000046/invh-20240630.htm,1.1016720831117106,0.1194654985491229,0.6062627572569814,0.5073153944235833,1.3397967191086384,16.431988979531386,16.0105151315799,16.374453319411426,14.141585563634282,21919856961.24,29530213961.24,74.87517407648795,32.47790385950252,59.01731480568853,70.52811799778634,2.1851111180355485,2.1851111180355485,43.753910058792506,51.4113451659932,79.50754134534509,95.014781275306,0.0033388904010375,0.014178742158289,0.8546646395774254,0.4456228280621221,13.249436359552988,3.449553635688824,2.216572044396547,5.089187596771763,0.0078332171739813,2.346053997923157,0.0318528527994594,0.0,0.0134207107762943,0.1632087104955656,0.0898156214995643,0.3432075279410266,0.0111006406723207,6.634312335023022,0.0255598852169794,0.0038558079147216,-13.549635307848217,867894000.0,9808502000.0,-7950533000.0,1186985000.0,69223000.0,278672500.0,-42169500.0,9.074862649574168,64.54252826729143,0.0,9.91750547367493,1.3944294160166917,0.0,0.0072958465372092,0.098947362833398,2024-07-24,0.18,amc,642580000.0,2025-04-25,2024-06-30,-0.3333333333333333,34.756349206349206,2911012.26984127
2024-03-31,INVH,USD,1687229,2024-05-01,2024-05-01 13:41:02,2024,Q1,667603000.0,435349000.0,232254000.0,0.3478923851,0,23448000.0,0.0,23448000.0,-29393000.0,29393000.0,464742000.0,0.0,89845000.0,175313000.0,567507000.0,0.8500665815,202861000.0,0.303864722,-60075000.0,92288000.0,0.1382378449,628000.0,142350000.0,0.2132255248,0.15,0.15,612219520,613807166,https://www.sec.gov/Archives/edgar/data/1687229/000168722924000028/0001687229-24-000028-index.htm,https://www.sec.gov/Archives/edgar/data/1687229/000168722924000028/invh-20240331.htm,1.0904634337696386,0.2325146378867501,0.4400839751074908,0.3535872230927886,1.685253354875062,16.611833938257963,16.190078356207916,16.55402460868938,14.1288013815698,21470538566.4,29083215566.4,37.70730341833509,32.16063823320147,79.68933654408599,99.18344812701817,2.118518054007929,2.118518054007929,43.5636382197204,51.24732481960575,107.94429519723266,134.35031420269502,0.0066300153375178,0.0100823274334983,0.8446313688509879,0.4456070082058568,13.414243348540197,5.01393958542933,2.257899716177862,1.895271458517987,0.0080684981172806,1.2169652265542676,0.0351226702096904,0.0,0.0134413239647103,0.1965460160042757,0.0793210935241453,0.3020597445711385,0.011833380017765,9.30611053785628,0.0106213467218728,0.0075111872366698,-13.06309009879332,965505000.0,9911882000.0,-7833806000.0,1262362000.0,65601500.0,220564000.0,499634500.0,9.489726678879514,49.72658717488728,-17.43545982648404,9.483940164504991,1.8098969809344057,-5.161894260069482,0.0140458071908809,0.0864967520147021,2024-04-30,0.46,amc,642040000.0,2025-04-25,2024-03-31,-0.5,33.84065573770492,3321883.098360656
2023-12-31,INVH,USD,1687229,2024-02-21,2024-02-21 14:22:18,2023,Q4,624321000.0,426947000.0,197374000.0,0.3161418565,0,22387000.0,0.0,22387000.0,-25456000.0,25456000.0,452403000.0,0.0,90049000.0,173159000.0,345077000.0,0.552723679,171918000.0,0.2753679598,-94138000.0,80849000.0,0.1294990878,-48519000.0,129546000.0,0.2074990269,0.13,0.13,612026090,613688569,https://www.sec.gov/Archives/edgar/data/1687229/000168722924000013/0001687229-24-000013-index.htm,https://www.sec.gov/Archives/edgar/data/1687229/000168722924000013/invh-20231231.htm,1.0200888658194294,0.2116674470527882,0.1430396537507085,0.047122174154373,1.589755756980883,16.650327766255845,16.228438888936907,16.594016441357915,14.110674595587913,20876209929.9,28524777929.9,40.28725304119772,33.43826321699895,238.46534234099423,723.8630350173371,2.0555602147643,2.0555602147643,45.6892815232869,82.6620665239932,325.8336142956685,989.0699698300972,0.0062054367356431,0.0013814768148452,0.8414805438101389,0.4446213346081911,22.16481538902912,5.705259484520664,1.9091605681351265,0.6767052130356812,0.0076301206270137,1.2295864017414664,0.0358581563010054,0.0,0.0134336113266309,0.6705656584117701,0.0940285526195659,0.3390178968462511,0.0128299384451267,8.889842218572838,0.0144628686130407,0.0068316004632237,-12.205604666297804,943828000.0,9932228000.0,-7886114000.0,1247041000.0,59842000.0,284327500.0,474795500.5,8.766163560091684,42.28417110320484,228.42348113466076,10.2667488899852,2.128456054638816,0.3940050276483747,0.0127556488690249,0.0959174795963355,2024-02-13,0.45,amc,623640000.0,2025-04-25,2023-12-31,-0.5333333333333333,32.54523809523809,3006090.746031746
2023-09-30,INVH,USD,1687229,2023-10-26,2023-10-26 13:37:38,2023,Q3,612793000.0,252887000.0,359906000.0,0.5873206776,0,22322000.0,0.0,22322000.0,-2533000.0,140949000.0,393836000.0,86736000.0,86736000.0,170696000.0,536189000.0,0.8749920446,166888000.0,0.2723399256,-64026000.0,132221000.0,0.2157678041,79704000.0,131818000.0,0.2151101595,0.12,0.12,612000811,613580042,https://www.sec.gov/Archives/edgar/data/1687229/000168722923000081/0001687229-23-000081-index.htm,https://www.sec.gov/Archives/edgar/data/1687229/000168722923000081/invh-20230930.htm,1.001294424755264,0.215388603463795,0.6875856901437994,0.5902100021890331,1.4651206074954042,16.78028168495352,16.358375381303212,16.72513796717828,14.107785226448009,19394305700.59,27178907700.59,36.782354649194346,31.649032708581853,46.08880093675664,53.692753227605074,1.8947526807963584,1.8947526807963584,44.352510065536,50.68904378976443,64.58819851709707,75.24427049323245,0.0067967372503564,0.0186244872890196,0.835034063782814,0.439081118973515,14.518391835714644,2.662277043456998,1.924091496033942,3.1825731162220827,0.0082131839344552,1.208400977104796,0.0364266563097163,0.0,0.0132643775636105,0.1416197127872187,0.0972498053992131,0.3491235881332896,0.0145709888983718,9.003004635315984,0.0034708326044952,0.0068626646066212,-13.599410082317686,611826000.0,10011339000.0,-8216761000.0,908216000.0,58740500.0,303347000.0,-131804999.5,8.646737152676353,130.99071917496747,-47.69533392384741,10.408550463702143,0.6870715770312309,-1.886977039382892,0.0128781361257813,0.0973756879547664,2023-10-25,0.45,amc,611770000.0,2025-04-25,2023-09-30,-0.5333333333333333,34.35666666666666,2585825.015873016
2023-06-30,INVH,USD,1687229,2023-07-27,2023-07-27 14:35:32,2023,Q2,598342000.0,237388000.0,360954000.0,0.6032570002,0,19420000.0,0.0,19420000.0,-3941000.0,144047000.0,381435000.0,78625000.0,78625000.0,165759000.0,532532000.0,0.8900127352,175775000.0,0.2937701181,-55714000.0,138282000.0,0.2311086302,73072000.0,137864000.0,0.2304100331,0.15,0.15,611954347,613316499,https://www.sec.gov/Archives/edgar/data/1687229/000168722923000066/0001687229-23-000066-index.htm,https://www.sec.gov/Archives/edgar/data/1687229/000168722923000066/invh-20230630.htm,0.9777559436145324,0.225284779290897,0.4591028748750763,0.3728350016933534,0.8887672792362729,16.80306390568053,16.381125567852205,16.749407942354235,12.81825684947704,21051229536.8,28402500536.8,38.17390605379214,35.18260382323153,74.9287401203061,92.26601537881643,2.053803938526848,2.053803938526848,47.468672660117456,53.33482407967972,101.09450271151452,124.48610408927146,0.0065489761421772,0.0108382267934114,0.7576252896011492,0.4188035921197287,13.80437419723134,2.569301079505161,2.2356120826709063,2.031717794072981,0.0075655913457019,1.1552326930888412,0.0324563543926383,0.0,0.0139253289311359,0.1879053212315358,0.0882304768844573,0.318486477355679,0.010138014713993,9.214184723012426,0.0045292661705873,0.0075401245938536,-12.642288248995802,378404000.0,10024501000.0,-7640014000.0,676013000.0,59626500.0,229120500.0,-108225999.5,8.815409916068068,90.47049556001146,-49.13209597789273,10.209394782193254,0.9947994585737692,-1.8317964704883751,0.0134503129941219,0.0862678731817228,2023-07-26,0.45,amc,605910000.0,2025-04-25,2023-06-30,-0.5111111111111111,33.413870967741936,2899077.596774193
2023-03-31,INVH,USD,1687229,2023-05-02,2023-05-02 14:46:36,2023,Q1,585735000.0,232081000.0,353654000.0,0.6037781591,0,17299000.0,0.0,17299000.0,-1494000.0,155023000.0,387104000.0,78047000.0,78047000.0,164673000.0,528614000.0,0.9024797903,171682000.0,0.2931052438,-67021000.0,120584000.0,0.2058678413,-28254000.0,120242000.0,0.2052839595,0.15,0.15,611588465,612564298,https://www.sec.gov/Archives/edgar/data/1687229/000168722923000047/0001687229-23-000047-index.htm,https://www.sec.gov/Archives/edgar/data/1687229/000168722923000047/invh-20230331.htm,0.9577273502043568,0.1966060625423993,0.5196157517457429,0.4378418091976276,0.6738779810047595,16.763728531080126,16.341537769192556,16.709718356117133,12.829051640141708,19099907761.95,26542683761.95,39.71138986782905,32.60844539245564,60.1021040934136,71.32713081290916,1.868972255212623,1.868972255212623,45.31517454471732,50.211844109217694,83.52245268730077,99.12160312029695,0.0062954230721229,0.0140199106371318,0.760122808705069,0.4198220027383362,14.079793573382467,2.3333392223027047,2.199725806244955,2.6354325615338685,0.0083920300557323,1.333036709302906,0.0295338335595448,0.0,0.0139547168204256,0.157373871506745,0.0853833218093506,0.3037049182318899,0.0110937540013828,8.597541420327353,0.0115944162134856,0.0065904086922668,-12.813374430631224,301884000.0,9994296000.0,-7722407000.0,600391000.0,57368500.0,198917500.0,-155236499.5,9.318446054956592,85.16457616090933,-33.68354113434533,9.658262704877483,1.056777407427645,-2.67192809808918,0.0117659710566231,0.0817739425481152,2023-05-01,0.44,amc,591200000.0,2025-04-25,2023-03-31,-0.5454545454545454,31.335483870967742,3315813.193548387
2022-12-31,INVH,USD,1687229,2023-02-22,2023-02-22 16:32:00,2022,Q4,576100000.0,232385000.0,343715000.0,0.59662385,0,16860000.0,0.0,16860000.0,344000.0,164444000.0,396829000.0,78409000.0,78409000.0,163318000.0,326855000.0,0.5673580976,163537000.0,0.2838691199,-66350000.0,100862000.0,0.1750772435,290000.0,100572000.0,0.1745738587,0.13,0.13,611427853,612206225,https://www.sec.gov/Archives/edgar/data/1687229/000168722923000029/0001687229-23-000029-index.htm,https://www.sec.gov/Archives/edgar/data/1687229/000168722923000029/invh-20221231.htm,0.942220733277586,0.1644871091602037,0.1956747626281264,0.1039092342428829,0.6088420705296198,16.884463063543166,16.46216139911441,16.831653889342853,12.834688445244904,18122721562.92,25628928562.92,45.04912292417373,31.457596880611007,151.4758449270735,285.2489503552485,1.760967769113105,1.760967769113105,44.48694421614304,78.41069759654893,214.21526535986828,403.3955355944155,0.0055494976099933,0.0035057096573172,0.7549138878097725,0.4191184864108557,22.964944700249347,2.2876733040020563,2.085691693555587,1.186185084570998,0.0074302305827791,1.3389014835142985,0.0292657524735289,0.0,0.0139294960032817,0.46896966758887,0.0973928137476132,0.3435506190377055,0.0111039750043395,7.892609013467592,0.0088921508123409,0.0055022017396284,-12.9402883940912,255504000.0,10065424000.0,-7759150000.0,554729000.0,47429500.0,252095000.0,-212131000.0,8.450251692414511,69.02368913656217,-86.6030940034856,10.650570335175908,1.303900170011727,-1.0392238410832952,0.0097724864259685,0.0917655283852435,2023-02-15,0.15,amc,568831618.0,2025-04-25,2022-12-31,0.0666666666666667,31.69507936507937,3942699.444444445
2022-09-30,INVH,USD,1687229,2022-10-27,2022-10-27 12:49:07,2022,Q3,567826000.0,226172000.0,341654000.0,0.601687841,0,20077000.0,0.0,20077000.0,-8372000.0,185771000.0,411943000.0,76454000.0,76454000.0,160428000.0,505193000.0,0.8896968438,161149000.0,0.2837999669,-52150000.0,79429000.0,0.1398826401,250000.0,79032000.0,0.1391834823,0.13,0.13,610845820,612647588,https://www.sec.gov/Archives/edgar/data/1687229/000168722922000035/0001687229-22-000035-index.htm,https://www.sec.gov/Archives/edgar/data/1687229/000168722922000035/invh-20220930.htm,0.929573357807376,0.1293812569594075,0.576068442278937,0.4767127652604711,0.714355383491042,16.937742162171133,16.515038115510066,16.88662779095386,12.81744876309377,20628263341.4,28080982341.4,65.25288282404597,36.32849383684439,58.6215066154384,70.83930295331699,1.99980720947083,1.99980720947083,49.45349867987729,55.5846623793283,79.80068243508607,96.4326071655712,0.0038312483553274,0.0141164573663154,0.7516176729203308,0.4150797278612627,14.752221428246235,1.5826632757303654,2.107790305281607,4.430233290108147,0.0065235254065196,1.7027153558052437,0.0353576623824904,0.0,0.0138238182321047,0.1724720011139876,0.1068830944690803,0.3783067793651981,0.0139655457833913,7.011297698107224,0.0087531536888575,0.0042905055301495,-13.040036845958936,189929000.0,10088142000.0,-7816169000.0,482765000.0,38969000.0,281941000.0,-103966499.5,6.461697773613747,129.7111490370161,-79.84330509523726,13.928228021978022,0.6938493773909629,-1.1272078465770905,0.007661758082257,0.0993556770184659,2022-10-26,0.16,amc,561265248.0,2025-04-25,2022-09-30,-0.1875,37.06734375,5437323.4375
2022-06-30,INVH,USD,1687229,2022-07-28,2022-07-28 13:00:55,2022,Q2,557300000.0,212494000.0,344806000.0,0.6187080567,0,19342000.0,0.0,19342000.0,-3827000.0,177914000.0,390408000.0,0.0,74840000.0,158572000.0,505850000.0,0.9076798852,164380000.0,0.2949578324,-211447000.0,111505000.0,0.2000807465,69002000.0,110815000.0,0.1988426341,0.18,0.18,610331643,611620475,https://www.sec.gov/Archives/edgar/data/1687229/000168722922000026/0001687229-22-000026-index.htm,https://www.sec.gov/Archives/edgar/data/1687229/000168722922000026/invh-20220630.htm,0.9131101203612344,0.1815652215823258,0.5194274352902918,0.4368149727409758,0.4587555031945148,16.846560583784118,16.423500427946845,16.7756171868677,12.827077032281611,21715599857.94,29196822857.94,48.99065978870189,38.965727360380406,68.49849966071862,81.4532518808561,2.120935379227225,2.120935379227225,52.38977724374664,57.718341124720766,92.09686003204814,109.51464301820693,0.0051030135351974,0.0122769806841196,0.7573167075084801,0.4189732373465066,14.789409904121776,2.8592102221381586,2.1964190272581505,2.843128110847047,0.0062159461807657,1.2180932184271085,0.0347066212094024,0.0,0.0139518681163824,0.1590452427741835,0.0904737125426161,0.3179691244355876,0.0143351875112147,8.278408341194757,0.0034297131852249,0.006072461732641,-12.977808197141108,442334000.0,10023782000.0,-7544746000.0,733591000.0,37283500.0,206734000.0,-92915499.5,6.002691548537592,100.766845181511,-3.08549846113302,14.99327414581652,0.8931509152428388,-29.16870681794191,0.0108231619474757,0.082612462549316,2022-07-27,0.15,amc,539665583.0,2025-04-25,2022-06-30,0.2,38.12758064516129,3896571.306451613
2022-03-31,INVH,USD,1687229,2022-04-28,2022-04-28 14:30:58,2022,Q1,529990000.0,203236000.0,326754000.0,0.6165286137,0,17621000.0,0.0,17621000.0,594000.0,159362000.0,362598000.0,0.0,74389000.0,155796000.0,488198000.0,0.921145682,153337000.0,0.2893205532,-28311000.0,93003000.0,0.1754806694,388000.0,92395000.0,0.174333478,0.15,0.15,606410225,607908398,https://www.sec.gov/Archives/edgar/data/1687229/000168722922000010/0001687229-22-000010-index.htm,https://www.sec.gov/Archives/edgar/data/1687229/000168722922000010/invh-20220331.htm,0.8739793264534746,0.1523638556721236,0.3875825147902148,0.3202188749373413,1.0602476236280485,16.86174074653837,16.435944825963315,16.792025563223312,13.076951332738494,24365562840.5,31753713840.5,65.92770940121218,45.97362750334912,103.66824731953676,125.47667593880033,2.392802455470253,2.392802455470253,59.91379807260515,65.04269546474995,135.1026397904133,163.52384254366993,0.0037920322466929,0.0079696086345779,0.7714542953371825,0.4236148596581727,15.133513451509428,3.891411710423633,2.0612859428141257,2.527165790350849,0.0055334244024068,1.4592239839818173,0.0332477971282477,0.0,0.0139238518607035,0.1738046410306594,0.0770769259797354,0.2622018537061285,0.0125398592426272,7.587239259806248,0.0083129208804731,0.0050527684681435,-12.759300438906685,507596000.0,9966925000.0,-7635941000.0,798580000.0,37435000.0,184593000.0,-169886000.0,6.350553784033661,77.74100061012813,-79.06640555807041,14.171992405807952,1.157690270174819,-1.1382836915976835,0.0090735840711093,0.0673636398528735,2022-04-27,0.14,amc,526493293.0,2025-04-25,2022-03-31,0.0714285714285712,40.93854838709677,4869631.467741936
2021-12-31,INVH,USD,1687229,2022-02-22,2022-02-22 13:26:21,2021,Q4,518115000.0,198056000.0,320059000.0,0.6177373749,0,19111000.0,0.0,19111000.0,-5506000.0,166067000.0,364123000.0,0.0,79121000.0,151660000.0,300948000.0,0.5808517414,149288000.0,0.2881368036,-75970000.0,74871000.0,0.1445065285,328000.0,74476000.0,0.1437441495,0.12,0.12,598076066,599827368,https://www.sec.gov/Archives/edgar/data/1687229/000168722922000002/0001687229-22-000002-index.htm,https://www.sec.gov/Archives/edgar/data/1687229/000168722922000002/invh-20211231.htm,0.8663028491763789,0.1245259662338669,0.2095820366769199,0.1334913810110568,1.310328308640259,16.450756951039736,16.01902758636725,16.38210013239353,13.50627530378385,27116768832.44,34505261832.44,91.02519211705786,52.337355282977725,216.335334453752,339.647396383176,2.7676549180862287,2.7676549180862287,66.59768937869006,114.65522891808553,275.2801192893272,432.19095959868736,0.0027464924180385,0.0029442298414436,0.8163777939855938,0.431477260087283,24.550729694166435,4.228917591526238,1.886831561785114,1.674159554433626,0.0037505205958879,1.3655674311187496,0.0368856334983546,0.0,0.0139286409003505,0.3630590525425622,0.0878337820754079,0.3000659369642621,0.011769587832817,6.774948640273293,0.0081025001679966,0.0040742598910186,-13.32250979928028,625225000.0,9580597000.0,-7880184000.0,917002000.0,37295500.0,245353000.0,-149720000.0,6.509307779160998,87.99011390717777,-73.26382437290464,13.82635497558242,1.0228421808266153,-1.2284371007157655,0.0076013432482708,0.076090655665863,2022-02-15,0.12,amc,516620831.0,2025-04-25,2021-12-31,0.0,41.31953125,3344680.578125
2021-09-30,INVH,USD,1687229,2021-10-28,2021-10-28 13:01:20,2021,Q3,509734000.0,202370000.0,307364000.0,0.60298901,0,19143000.0,0.0,19143000.0,-20396000.0,158499000.0,360869000.0,0.0,79370000.0,150694000.0,456373000.0,0.8953159883,137527000.0,0.2698015043,-30780000.0,69495000.0,0.1363358144,318000.0,69108000.0,0.1355765949,0.12,0.12,577011178,578571392,https://www.sec.gov/Archives/edgar/data/1687229/000168722921000061/0001687229-21-000061-index.htm,https://www.sec.gov/Archives/edgar/data/1687229/000168722921000061/invh-20210930.htm,0.8834040299995713,0.1197689102653744,0.5410865714632654,0.4626409507789466,1.3777722690841874,16.504437631535797,16.056947167148294,16.434655621177583,13.678256680150485,22116838452.74,29360312452.74,80.00824236246166,43.38898023820266,70.83894153267161,82.85042630892042,2.332266698099121,2.332266698099121,57.59928208190939,64.33402601104798,94.039365602137,109.98472536978971,0.003124678065885,0.012069943928488,0.8239115763188365,0.4281038188075921,15.87182852622745,2.7641354145277424,1.7327327705682247,4.492596589682711,0.0044438087392108,1.422165306476819,0.0375548815656793,0.0,0.0141478899887269,0.144977947747211,0.0887992560825842,0.3003702868063758,0.0118728591775318,6.65493184582238,0.0076251286864348,0.0038409638224759,-13.81879555199882,524077000.0,9265038000.0,-7906171000.0,813733000.0,37542000.0,257233500.0,-127116500.0,6.553653474164957,132.11726046350745,-61.46790532193507,13.732798103346086,0.6812130351799053,-1.4641787373203872,0.0072875825953445,0.0784456206843188,2021-10-27,0.1,amc,495600000.0,2025-04-25,2021-09-30,0.1999999999999999,40.06921875,3888909.3125
2021-06-30,INVH,USD,1687229,2021-07-29,2021-07-29 14:23:20,2021,Q2,491644000.0,193118000.0,298526000.0,0.6071995184,0,19828000.0,0.0,19828000.0,-29427000.0,157074000.0,350192000.0,0.0,80764000.0,145280000.0,441663000.0,0.8983390421,133418000.0,0.2713711547,-26567000.0,60688000.0,0.1234389111,350000.0,60242000.0,0.1225317506,0.11,0.11,567931472,569283166,https://www.sec.gov/Archives/edgar/data/1687229/000168722921000050/0001687229-21-000050-index.htm,https://www.sec.gov/Archives/edgar/data/1687229/000168722921000050/invh-20210630.htm,0.865674864378708,0.1060726565968508,0.4041209394361579,0.3386112752701967,0.6907928497401532,15.177317026727478,14.722672386079706,15.10752515578147,14.253834131593962,21178164590.88,29066433590.88,87.88787138076425,43.07621895290088,92.2743574040686,110.12627967052852,2.46830633181038,2.46830633181038,59.12089558884071,65.81133939424403,126.6439530261031,151.14521284023547,0.0028445335638737,0.0090804847216464,0.9340793206184728,0.4583709068506014,17.860379972965813,1.6934414013266237,1.6519488881184683,3.781851436857369,0.0045611601319595,1.6034826200989345,0.0403299948743399,0.0,0.0147676719830941,0.1621041073926095,0.0756746751714655,0.2560916850220264,0.0187249310476686,6.004676916974267,0.0076821036849529,0.0034970734460889,-14.97037480606463,150750000.0,8361469000.0,-8496791000.0,438189000.0,37210500.0,198908500.0,-115327000.0,6.950028882687473,101.31349744715666,-54.06906658105408,12.949586472106622,0.8883317846858699,-1.6645377050310726,0.0070211802067566,0.0655096641659612,2021-07-28,0.08,amc,480670000.0,2025-04-25,2021-06-30,0.375,35.35015873015873,3726806.8095238097
2021-03-31,INVH,USD,1687229,2021-04-29,2021-04-29 14:47:33,2021,Q1,475576000.0,184215000.0,291361000.0,0.6126486618,0,16836000.0,0.0,16836000.0,-21475000.0,150233000.0,334448000.0,0.0,83406000.0,144501000.0,434403000.0,0.9134249836,130024000.0,0.2734031995,-30843000.0,57722000.0,0.1213728195,-14129000.0,57272000.0,0.1204265985,0.1,0.1,567375502,568826104,https://www.sec.gov/Archives/edgar/data/1687229/000168722921000022/0001687229-21-000022-index.htm,https://www.sec.gov/Archives/edgar/data/1687229/000168722921000022/invh-20210331.htm,0.8382032680713098,0.1009419684108955,0.42403663738023,0.362604658246242,0.8401261568744997,15.21454481127738,14.759454665351411,15.122459411368803,14.286989782650153,18150342308.98,25985714308.98,79.22869076066839,38.16496692217437,75.44159438118277,88.22280484404544,2.1153966514170617,2.1153966514170617,54.640508160588425,59.81937120365191,108.0091871123248,126.3079540422781,0.0031554225823974,0.0113349377382382,0.9350322076177784,0.4586900977043489,18.0371037953237,2.2769879671660487,1.5589286142483754,4.1680468452236585,0.0053569237618121,1.697688224612376,0.0354012818140528,0.0,0.0147627681189341,0.1448742248158677,0.0732900735108584,0.2412094033951322,0.0122251753662926,5.860549757014473,0.0093501375803261,0.0033235431411823,-14.825046587929698,230398000.0,8374153000.0,-8447238000.0,518362000.0,35855500.0,164861000.0,-119126500.0,6.898897337123825,88.1473821350053,-56.006025567950495,13.045563022904952,1.021017276067907,-1.6069699480961313,0.0066749703646094,0.061431979133988,2021-04-28,0.07,amc,448069285.0,2025-04-25,2021-03-31,0.4285714285714285,29.98622950819672,3528026.180327869
2020-12-31,INVH,USD,1687229,2021-02-19,2021-02-19 13:10:19,2020,Q4,464100000.0,183516000.0,280584000.0,0.6045765999,0,16466000.0,0.0,16466000.0,-2121000.0,114072000.0,297588000.0,0.0,95382000.0,142090000.0,264118000.0,0.5690971773,122028000.0,0.2629347123,-50685000.0,71130000.0,0.1532643827,431000.0,70586000.0,0.1520922215,0.13,0.12,563968010,565541098,https://www.sec.gov/Archives/edgar/data/1687229/000168722921000005/0001687229-21-000005-index.htm,https://www.sec.gov/Archives/edgar/data/1687229/000168722921000005/invh-20201231.htm,0.822919016275409,0.1251595813032019,0.1259645915022733,0.0469140084736366,0.8969444915856132,15.17120270704716,14.713362908651504,15.080332304663877,14.410189684340429,16749849897.0,24567931897.0,59.32426365355736,36.091036192630895,235.7805447212838,633.07316868244,1.969452622129203,1.969452622129203,52.93672031243266,93.01877152257704,345.8323746762387,928.5634551742384,0.0042141273166061,0.0015795962449035,0.9443467678641242,0.4587799697730327,29.60071634648149,2.7580090958412318,1.2793608857017047,0.998734711092366,0.0050448213279293,1.197121242172669,0.035479422538246,0.0,0.0147494416556582,0.627561936936937,0.0960611937082525,0.313758885213597,0.0103361344537815,6.516715563549619,0.0069879086473975,0.0040924129530267,-15.035725164624145,262469000.0,8297866000.0,-8538381000.0,552376000.0,35898000.0,205327000.0,-122051000.0,6.836974789915966,73.2192833322435,-60.62479565814424,13.163716814159292,1.2291843883750058,-1.4845410862495754,0.0082995240936762,0.0790505830286366,2021-02-16,0.06,amc,430742812.0,2025-04-25,2020-12-31,1.1666666666666667,28.7865625,3369254.046875
2020-09-30,INVH,USD,1687229,2020-10-29,2020-10-29 14:47:51,2020,Q3,459184000.0,192821000.0,266363000.0,0.5800790097,0,17839000.0,0.0,17839000.0,-3049000.0,145785000.0,338606000.0,0.0,87713000.0,138147000.0,401362000.0,0.8740766229,110377000.0,0.2403764068,-38378000.0,32865000.0,0.0715726158,211000.0,32540000.0,0.0708648385,0.06,0.06,560598995,561871373,https://www.sec.gov/Archives/edgar/data/1687229/000168722920000037/0001687229-20-000037-index.htm,https://www.sec.gov/Archives/edgar/data/1687229/000168722920000037/invh-20200930.htm,0.8190952964516106,0.0580450558959707,0.4098063001343768,0.3318949938538509,0.9981609046587748,14.861562497092953,14.400971232565269,14.771464226403046,15.015649466157177,15691165870.05,23461643870.05,120.552903119622,34.17184803923917,68.30056051071442,84.33390234359884,1.8948697008634845,1.8948697008634845,51.09421031667044,58.455070161226026,102.12392374780728,126.09719375497151,0.0020737783456938,0.0118576275046034,1.0059386286558365,0.4692775030200069,19.360273269517293,3.0950546191961124,1.258388152269333,6.990324052943861,0.0053657580766961,2.5874308543331286,0.0388493501515732,0.0,0.014546228288357,0.1901173951083195,0.0951187323600125,0.3161632174422897,0.0132539461305271,4.392235820223587,0.006270549961718,0.0018602173035652,-15.86281652181699,547553000.0,8073170000.0,-8610502000.0,836079000.0,34092000.0,225849500.0,-131823000.0,7.161834907139622,121.98852822047392,-56.23640578567687,12.566611932129174,0.7377742916722465,-1.6003867733474983,0.003929539753562,0.0779113062805258,2020-10-28,0.04429,amc,306122666.0,2025-04-25,2020-09-30,0.35470760894107,28.51140625,3172950.078125
2020-06-30,INVH,USD,1687229,2020-08-04,2020-08-04 15:28:40,2020,Q2,449755000.0,181531000.0,268224000.0,0.596378028,0,14171000.0,0.0,14171000.0,1370000.0,138975000.0,320506000.0,0.0,86071000.0,137266000.0,405593000.0,0.9018087625,116787000.0,0.2596680415,-45786000.0,43178000.0,0.0960033796,275000.0,42784000.0,0.0951273471,0.08,0.08,548811968,549920213,https://www.sec.gov/Archives/edgar/data/1687229/000168722920000023/0001687229-20-000023-index.htm,https://www.sec.gov/Archives/edgar/data/1687229/000168722920000023/a06302020ihinc10qdocum.htm,0.8195065454549271,0.0779574836093953,0.3976115914440116,0.3177937256645248,1.0418960105476418,15.203518666706628,14.733035122149523,15.112214170956271,15.374378643287896,15108793479.04,22888646479.04,88.28530221017203,33.59338635265867,69.23842411137691,86.62851962364329,1.8217052569906744,1.8217052569906744,50.89136636399818,56.432548093877365,104.89082496558424,131.235466512852,0.0028317284275116,0.0115435425232301,1.0069700560565746,0.4706087731109938,19.181428180466625,4.179869079140924,1.3568681669784248,5.053823706517208,0.0054062556426702,1.9091716529543752,0.0315082656112772,0.0,0.0145498930594947,0.2007433070288799,0.0973974719569543,0.3191249107572159,0.0046825493880001,5.148541467446377,0.0058925471146663,0.0024464623362079,-16.177646475814463,605269000.0,8085666000.0,-8606830000.0,895677000.0,28346000.0,185283000.0,-158682000.0,6.3322475570032575,94.36933636679136,-70.97729864320695,14.212962962962964,0.953699617534569,-1.268011064388595,0.0051585745627678,0.0798178657794868,2020-08-03,0.06,amc,337316250.0,2025-04-25,2020-06-30,0.3333333333333334,25.05777777777778,4760068.349206349
2020-03-31,INVH,USD,1687229,2020-05-07,2020-05-07 13:16:48,2020,Q1,449789000.0,181288000.0,268501000.0,0.5969487915,0,14228000.0,0.0,14228000.0,3680000.0,133468000.0,314756000.0,0.0,84757000.0,135027000.0,403672000.0,0.8974697025,119246000.0,0.2651154208,-68970000.0,50276000.0,0.1117768554,320000.0,49854000.0,0.1108386377,0.09,0.09,542549512,543904420,https://www.sec.gov/Archives/edgar/data/1687229/000168722920000011/0001687229-20-000011-index.htm,https://www.sec.gov/Archives/edgar/data/1687229/000168722920000011/a03312020ihinc10qdocum.htm,0.8290284850537291,0.0918883878749115,0.3275664175696466,0.2534349344323067,0.5475666154502042,14.668019828575572,14.192105659842523,14.576076146208017,16.078831161127283,11594283071.44,19936028071.44,58.14118762506519,25.77716011605441,65.2386778795978,84.32144545450579,1.4661010127584595,1.4661010127584595,44.32306719693012,49.3867002701203,112.17598410677412,144.98824060508653,0.0042998777667249,0.0118593792434397,1.092379811798904,0.491026862714282,20.66466091282031,1.1456459257877225,1.4069162429061906,3.5349073116397487,0.0070529587294131,1.6402695871946082,0.0316326099571132,0.0,0.014676401787153,0.2263097776852482,0.0894197056842208,0.2978663526553948,0.0091176084786422,5.489615024651792,0.0068044666770066,0.0028758928829986,-17.33749785402074,65573000.0,7699920000.0,-9119423000.0,353756000.0,25146000.0,183166000.0,-174714500.0,5.011950047689028,89.47078681435065,-86.48217201359164,17.957082401788565,1.0059149271454095,-1.0406769153052204,0.0063040551485329,0.0741314831373399,2020-05-06,0.05,amc,333968332.0,2025-04-25,2020-03-31,0.7999999999999998,28.318870967741937,4462166.870967742
2019-12-31,INVH,USD,1687229,2020-02-19,2020-02-19 12:54:59,2019,Q4,444277000.0,182137000.0,262140000.0,0.5900372966,0,15375000.0,0.0,15375000.0,3130000.0,121169000.0,303306000.0,0.0,88417000.0,133764000.0,246765000.0,0.5554305084,113001000.0,0.2543480756,-60447000.0,52554000.0,0.1182910662,562000.0,51903000.0,0.1168257641,0.1,0.1,540218045,541505031,https://www.sec.gov/Archives/edgar/data/1687229/000168722920000004/0001687229-20-000004-index.htm,https://www.sec.gov/Archives/edgar/data/1687229/000168722920000004/a12312019ihinc10kdocum.htm,0.8224031094703621,0.0960778716675412,0.1319504238330283,0.047130969125624,0.1738205542541623,15.30137335564198,14.823405241859332,15.205752706761212,15.83786783723598,16190334808.65,24565561808.65,77.98361755895613,36.44198283649615,227.13075963988103,635.8876245493107,1.9709645801798348,1.9709645801798348,55.293345837506784,99.55042979616236,344.6250358947561,964.8309889104906,0.0032058015237751,0.0015726049090965,1.0308071584342755,0.4868354404179634,33.940092800842905,1.5380420181613024,1.2780460771118676,1.3563572706168894,0.0043184406515574,1.3470704968884264,0.0346067881074194,0.0,0.0148455318862686,0.642813052383491,0.1031361065281344,0.3425510600759546,0.0097034057581193,5.733329576807255,0.0057717017911969,0.0030291158241844,-16.848033093748285,100135000.0,8007871000.0,-8840587000.0,381935000.0,26998000.0,232191000.0,-295006000.0,5.113836637953349,91.96319254187782,-86.58553726041386,17.599310727301535,0.9786524098651336,-1.0394345620252587,0.0063185212544473,0.0848194547074043,2020-02-18,0.06,amc,366528523.0,2025-04-25,2019-12-31,0.6666666666666669,29.97578125,4612505.75
2019-09-30,INVH,USD,1687229,2019-10-30,2019-10-30 13:03:00,2019,Q3,443326000.0,191363000.0,251963000.0,0.5683469952,0,16405000.0,0.0,16405000.0,4735000.0,128913000.0,320276000.0,0.0,89067000.0,133315000.0,384745000.0,0.8678602202,102243000.0,0.2306271232,-68260000.0,33983000.0,0.0766546514,276000.0,33616000.0,0.0758268182,0.06,0.06,537771245,538644888,https://www.sec.gov/Archives/edgar/data/1687229/000168722919000057/0001687229-19-000057-index.htm,https://www.sec.gov/Archives/edgar/data/1687229/000168722919000057/a09302019ihinc10qdocum.htm,0.824376543227037,0.0625098502617037,0.4007391655907522,0.3109946869695497,0.1573326963586533,15.204440691134389,14.724297875019332,15.057071338948218,16.261486796304997,15923406564.45,24497768564.45,118.42133630153796,35.91805254925269,73.8884604811467,95.21062976519336,1.9665178794369944,1.9665178794369944,55.259038640751946,63.67274055400329,113.67557545706384,146.47920741222404,0.0021111060540933,0.0105030289418963,1.0689903745217515,0.4901406669007925,22.285830874995128,1.1729997987580496,1.1479335780928963,6.341582555983874,0.0044252465522872,2.096174440742504,0.0370043715008819,0.0,0.0146209930250354,0.2239473610943546,0.1088634548842161,0.3620147770318419,0.0104325033947929,4.601884796742797,0.0053896808535402,0.0019317529652517,-17.823055042669676,48141000.0,7918304000.0,-9157094000.0,331712000.0,29104500.0,253127500.0,-319666000.0,5.836968731813609,130.8742024320271,-195.0776795932338,15.418962159154146,0.6876832739190433,-0.4613546777246043,0.0041515278007622,0.0897444786212025,2019-10-29,0.03375,amc,221663000.0,2025-04-25,2019-09-30,0.7777777777777776,28.14265625,4524087.46875
2019-06-30,INVH,USD,1687229,2019-07-31,2019-07-31 12:08:14,2019,Q2,441582000.0,182595000.0,258987000.0,0.586498091,0,14404000.0,0.0,14404000.0,610000.0,123876000.0,306471000.0,0.0,95706000.0,133031000.0,392083000.0,0.8879053041,111552000.0,0.2526189926,-78741000.0,39405000.0,0.0892359743,463000.0,38833000.0,0.0879406316,0.07,0.07,525070036,525933643,https://www.sec.gov/Archives/edgar/data/1687229/000168722919000044/0001687229-19-000044-index.htm,https://www.sec.gov/Archives/edgar/data/1687229/000168722919000044/a06302019ihinc10qdocum.htm,0.8409963809094603,0.0739577529425046,0.346923243588023,0.2694688142516668,0.1616679569961215,15.307420818048737,14.815663562260482,15.155462042019858,17.256118953243792,14087629065.88,22975548065.88,90.69366946849328,31.902634314532747,77.33699167145186,99.56625249756166,1.7703188411947754,1.7703188411947754,52.03008289712896,58.5986846302441,126.1290853917731,162.38284024227858,0.0027565319769848,0.0100435637067337,1.1265803760116486,0.5060905254685335,22.668463055016417,1.40122289819855,1.1655695567676008,4.622738231188936,0.0048506387895677,1.7596889243684497,0.0326190832053842,0.0,0.0145763108176834,0.2232609972606349,0.0920984098083708,0.3057106990100052,0.0081864749921871,5.021895871306697,0.0057382158454033,0.0022246287883796,-18.43940443404011,91472000.0,7779261000.0,-9357230000.0,376540000.0,31495500.0,210739000.0,-225759000.0,6.003709390328409,112.37147786083956,-110.6778936991703,14.990732253793665,0.8009149805029322,-0.8131705166401689,0.0048799404952122,0.0774544293363561,2019-07-30,0.025,amc,364305150.0,2025-04-25,2019-06-30,1.8,25.46873015873016,3791542.0793650793
2019-03-31,INVH,USD,1687229,2019-05-07,2019-05-07 14:39:42,2019,Q1,435500000.0,175506000.0,259994000.0,0.5970011481,0,16774000.0,0.0,16774000.0,3125000.0,144842000.0,320348000.0,0.0,93983000.0,133609000.0,382225000.0,0.8776693456,109611000.0,0.2516900115,-93880000.0,21169000.0,0.048608496,347000.0,20716000.0,0.0475683123,0.04,0.04,521440822,521817494,https://www.sec.gov/Archives/edgar/data/1687229/000168722919000031/0001687229-19-000031-index.htm,https://www.sec.gov/Archives/edgar/data/1687229/000168722919000031/a03312019ihinc10qdocument.htm,0.8351858573895851,0.0397283816800979,0.3704792410748386,0.3139205698782056,0.3232313119512534,15.766636698037424,15.271456825066144,15.610431052902872,17.595300584272245,12686655199.259998,21636684199.26,153.10213360759798,29.131240411618823,65.67169574579543,77.50368193278798,1.5585732333429485,1.5585732333429485,49.682397702089546,56.60719262021061,112.00097420197427,132.18004776841732,0.0016328969042374,0.0129026128186685,1.1156042642209083,0.508632171438183,23.415603374975472,1.8161606243055377,1.1662853920389855,9.125749917331948,0.0053572040015688,3.280797451245414,0.0385166475315729,0.0,0.0144624459612362,0.1526635366465993,0.0677198622273249,0.2207336332133314,0.0128748564867967,3.735503469261274,0.0052076901766749,0.0011773523689016,-18.318550439459077,157923000.0,7963161000.0,-9280833000.0,442762000.0,33325499.5,181549000.0,-223072500.0,6.930103329506315,99.2248128269119,-116.39140542203684,12.986819347527884,0.9070311894364196,-0.7732529706438267,0.0025449894077531,0.0565586711966329,2019-05-06,0.02,amc,217750000.0,2025-04-25,2019-03-31,1.0,22.488852459016396,3415260.672131148
2018-12-31,INVH,USD,1687229,2019-02-28,2019-02-27 19:10:17,2018,Q4,432616000.0,176481000.0,256135000.0,0.5920608577,0,12149000.0,0.0,12149000.0,261000.0,133915000.0,310396000.0,0.0,96506000.0,130220000.0,243986000.0,0.5639782162,113766000.0,0.2629722433,-53906000.0,25714000.0,0.0594383934,21401000.0,25268000.0,0.058407456,0.05,0.05,520703045,520844475,https://www.sec.gov/Archives/edgar/data/1687229/000168722919000014/0001687229-19-000014-index.htm,https://www.sec.gov/Archives/edgar/data/1687229/000168722919000014/a123118ihinc10kdocument.htm,0.8308305552543869,0.0485266991284831,0.0924903367907134,0.0207277451200616,0.42316825706291,16.072857803241767,15.576976316702735,15.8038465090981,17.949426433640312,10455717143.599998,19560592143.6,103.44820666059836,24.16858632967805,217.10376128737545,968.7498511627906,1.2705767541111062,1.2705767541111062,45.2146757022394,80.1709612174469,406.1584747425249,1812.3406044287965,0.0024166682832909,0.0010322582231106,1.1240357555026297,0.512074175510872,37.3172026263802,2.122550898274205,1.1788489834828924,1.872909698996656,0.0055011052049363,2.2763178724077884,0.0280826414187177,0.0,0.0142944628228927,0.7758928571428572,0.0863745215156166,0.2869528490247274,0.0136772565046137,4.153966941845344,0.0009043919516934,0.001419134308976,-18.357192919334665,190388000.0,8110979000.0,-9334251000.0,460387000.0,34615499.5,222403000.0,-300987500.0,6.889550802559314,86.49242694681014,-111.77214544341884,13.063260955499016,1.0405535279446707,-0.8052095595280462,0.0030705625431471,0.0717625916706517,2019-02-14,0.3,amc,86523200.0,2025-04-25,2018-12-31,-0.6333333333333334,21.4,2033224.7936507936
2018-09-30,INVH,USD,1687229,2018-11-05,2018-11-05 14:56:49,2018,Q3,434251000.0,186713000.0,247538000.0,0.570034381,0,17813000.0,0.0,17813000.0,3330000.0,148933000.0,335646000.0,0.0,97564000.0,139371000.0,223134000.0,0.5138364678,90354000.0,0.2080686055,-82722000.0,1041000.0,0.0023972288,-11491000.0,824000.0,0.0018975201,0.0016,0.0016,520620519,521761076,https://www.sec.gov/Archives/edgar/data/1687229/000168722918000070/0001687229-18-000070-index.htm,https://www.sec.gov/Archives/edgar/data/1687229/000168722918000070/a093018ihinc10qdocument.htm,0.8341027373145083,0.0015827267077039,0.3894314430584323,0.3018436543796692,0.5520892656172854,16.450846033596306,15.954885942557327,16.175174993438937,18.348264525471,11833704396.87,21158586396.870003,3590.322935943568,27.250839714519945,58.36714113654523,75.30388553873469,1.4052398202319214,1.4052398202319214,48.72432394368696,94.8245735605959,104.3600682473144,134.64285694112482,6.963161934465313e-05,0.0132795272494355,1.1227615825338364,0.5117226349714515,41.79050256796364,1.3940255011754958,0.926099790906482,194.7608069164265,0.0048643263402139,69.85800970873787,0.0410200552215193,0.0,0.0139747750782501,0.2249119588055991,0.105008393763054,0.327184277934434,0.0139734853805748,0.7589597044229525,0.0597601329810483,4.522889746713234e-05,-18.80234382387068,108437000.0,8306441000.0,-9528360000.0,378898000.0,31251000.0,247732500.0,-260577000.0,7.484749603340004,132.6542340383369,-184.51896761339592,12.024450351664177,0.6784555400922229,-0.487754734183035,9.784912425033796e-05,0.0875877886787631,2018-11-05,0.29,bmo,843519539.0,2025-04-25,2018-09-30,-0.9945517241379308,23.27587301587301,2245086.412698413
2018-06-30,INVH,USD,1687229,2018-08-10,2018-08-10 13:04:28,2018,Q2,432426000.0,179771000.0,252655000.0,0.5842733786,0,20400000.0,0.0,20400000.0,1631000.0,169617000.0,349388000.0,0.0,97226000.0,146450000.0,223916000.0,0.5178134525,85805000.0,0.1984270141,-99993000.0,-14188000.0,-0.0328102381,-4183000.0,-14155000.0,-0.0327339244,-0.0272,-0.0272,520509058,520509058,https://www.sec.gov/Archives/edgar/data/1687229/000168722918000060/0001687229-18-000060-index.htm,https://www.sec.gov/Archives/edgar/data/1687229/000168722918000060/a063018ihinc10qdocument.htm,0.830775167797368,-0.0271945315503039,0.3463052126174527,0.285814430533887,0.5842588045797275,16.490735114162028,15.994668819000648,16.214242327364072,18.75085716567876,12002938877.48,21498829877.48,-211.9911493726598,27.75720904265701,66.58865982901999,80.68172050279291,1.4222064487763724,1.4222064487763724,49.71678362882898,96.01292394237124,119.26897937632798,144.5114901456621,-0.0011792945164919,0.0123943812026837,1.144923492178595,0.5176843074353447,42.40827363832866,1.8503712731622544,0.8825314216361878,-12.704750493374682,0.0047954089067297,-4.0663369833980925,0.0471757017385633,0.0,0.0138334847189141,0.1746747663032925,0.072812458085314,0.2149948787982246,0.0185372757419766,,0.003280631638016,-0.0007689944480828,-18.87970698869183,188387000.0,8325370000.0,-9671863000.0,464574000.0,27537000.0,207995500.0,-126739999.5,5.4920841947523975,110.27128958508324,-69.26461998876349,16.387221464301955,0.8161689260971026,-1.299364668637471,-0.0016772002663614,0.0604907820835655,2018-08-09,0.29,amc,144133333.0,2025-04-25,2018-06-30,-0.9310344827586208,22.62484375,2087913.1875
2018-03-31,INVH,USD,1687229,2018-05-15,2018-05-15 16:19:52,2018,Q1,423669000.0,177931000.0,245738000.0,0.5800235561,0,20610000.0,0.0,20610000.0,1736000.0,171019000.0,348950000.0,0.0,92299000.0,144500000.0,211981000.0,0.5003457888,80628000.0,0.190308944,-98208000.0,-17580000.0,-0.0414946574,-5813000.0,-17491000.0,-0.0412845877,-0.0337,-0.0337,519660998,519660998,https://www.sec.gov/Archives/edgar/data/1687229/000168722918000036/0001687229-18-000036-index.htm,https://www.sec.gov/Archives/edgar/data/1687229/000168722918000036/a03312018ihallfs10q.htm,0.8152795796308732,-0.0336584813317084,0.2503170345679858,0.1901585848857566,0.4811213482678952,16.620252497763936,16.082830984364158,16.341299486939754,18.783685975217253,11863860584.339998,21397817584.34,-169.5709305405637,28.00266383506936,91.2043402855166,120.05768771215769,1.3970737160925375,1.3970737160925375,50.505978923027165,100.94214851491404,164.49736765329027,216.5376508767633,-0.0014743093005566,0.0083293291671378,1.1385919535898528,0.5171491157811017,44.97552610847199,2.635833834926767,0.8735522595044367,-7.399317406143345,0.0048409200016905,-3.283517237436396,0.0486464669352725,0.0,0.0149374386414101,0.2403290282902829,0.0737887360179763,0.2163460207612456,0.0224184445876379,,0.002446166196967,-0.0009497117037755,-18.946153429624903,350587000.0,8357620000.0,-9494644000.0,645279000.0,26605500.0,194571000.0,-86369499.5,6.0937665960927045,99.00247848885245,-58.23285380287864,14.769190545910895,0.90906815035074,-1.5455193095061914,-0.0020597187731984,0.0601584496822291,2018-05-14,0.28,amc,423700000.0,2025-04-25,2018-03-31,-1.1071428571428572,22.194754098360654,2570527.4590163934
2017-12-31,INVH,USD,1687229,2018-03-29,2018-03-29 16:40:27,2017,Q4,329954000.0,129128000.0,200826000.0,0.6086484783,0,27096000.0,0.0,27096000.0,-477000.0,173036000.0,302164000.0,0.0,74244000.0,107020000.0,173730000.0,0.5265279403,66710000.0,0.2021796947,-81756000.0,-46454000.0,-0.1407893221,-6146000.0,-46236000.0,-0.140128624,-0.089,-0.089,519660998,519660998,https://www.sec.gov/Archives/edgar/data/1687229/000168722918000018/0001687229-18-000018-index.htm,https://www.sec.gov/Archives/edgar/data/1687229/000168722918000018/a12312017ihallfs10k.htm,0.634940858116891,-0.0889733887629565,-0.0143901505573446,-0.063889728357101,0.4570094752425503,16.64522647127734,16.076155478576055,16.353132201004623,18.71586676204628,12248409722.86,21720193722.86,-66.22766741748855,37.12156762112295,-1637.925878959615,-368.91689174603175,1.44131409874813,1.44131409874813,65.82794487370967,125.02270029850918,-2904.5458308184006,-654.2029975862173,-0.003774857393422,-0.0027106376053076,1.1357455238444896,0.516583654639423,54.52014044782133,2.3569936912522493,0.8985237729648187,0.1609764498213286,0.0020485108326488,-0.5426723765031577,0.0821205380143898,0.0,0.015827966694709,-3.439823482214496,0.0779593519096601,0.2403569426275462,0.0507313140619601,,0.0025271327258873,-0.0025144777161781,-18.87131281305048,309955000.0,8354151000.0,-9495395000.0,622274000.0,18255500.0,177043500.0,-52590000.0,6.689568848991072,134.80554178799332,-40.1545753051236,13.453781855249746,0.6676283393567134,-2.241338610011803,-0.0054407551819027,0.0494995777997562,2018-02-21,0.27,amc,306238552.0,2025-04-25,2017-12-31,-1.4074074074074074,23.14841269841269,3327102.111111111
2017-09-30,INVH,USD,1687229,2017-11-09,2017-11-09 16:58:47,2017,Q3,243536000.0,104119000.0,139417000.0,0.5724697786,0,22518000.0,0.0,22518000.0,613000.0,105131000.0,209250000.0,0.0,56796000.0,67466000.0,97383000.0,0.3998710663,49433000.0,0.2029802575,-52427000.0,-22510000.0,-0.0924298666,-3756000.0,-22745000.0,-0.0933948164,-0.073,-0.073,311559780,311559780,https://www.sec.gov/Archives/edgar/data/1687229/000168722917000027/0001687229-17-000027-index.htm,https://www.sec.gov/Archives/edgar/data/1687229/000168722917000027/a093017ihincfs10q.htm,0.781667004643539,-0.0730036463628264,0.3210972866908559,0.2755458358585309,0.4492556773534761,11.56122590663018,11.56122590663018,11.56122590663018,18.298481915733795,7056829017.0,12566663017.0,-77.5646187843482,28.97653331334998,70.53936902869823,82.20048011042644,1.9591347996245432,1.9591347996245432,51.60084347693975,129.04370390109156,125.61512796753333,146.3810063833009,-0.0032231190447163,0.0121653790666018,1.566977964821337,0.5926044178165754,56.57901276403479,1.7938309869673998,0.8703605887738574,-4.4442914260328745,0.0035554212720129,-1.103099582325786,0.0924627159844951,0.0,0.0,0.1418618366469747,0.0582747519873858,0.2103578098597812,0.0492904539780566,,0.0043982603807685,-0.0023880458488004,-18.60745793311319,127548000.0,3602013000.0,-5634289000.0,134070000.0,10916500.0,135796500.0,-25261499.5,4.429488864069378,138.8858901833479,-41.11756739884171,20.318371433338896,0.6480139910626486,-2.188845442314161,-0.0063145246838365,0.045551450832325,2017-11-08,0.08,amc,278285714.0,2025-04-25,2017-09-30,-1.875,22.166349206349206,1745788.873015873
2017-06-30,INVH,USD,1687229,2017-08-10,2017-08-10 17:15:16,2017,Q2,242216000.0,101975000.0,140241000.0,0.5789914787,0,18426000.0,0.0,18426000.0,-869000.0,77354000.0,179329000.0,0.0,57358000.0,67515000.0,121109000.0,0.5000041285,54300000.0,0.2241800707,-48065000.0,5529000.0,0.0228267332,-10162000.0,5420000.0,0.0223767216,0.02,0.02,311771221,312271578,https://www.sec.gov/Archives/edgar/data/1687229/000168722917000020/0001687229-17-000020-index.htm,https://www.sec.gov/Archives/edgar/data/1687229/000168722917000020/a063017ihincfs10q.htm,0.7769030099157228,0.0173845423660832,0.3090888238205925,0.2720199758270825,0.5192557526020017,11.687964618132602,11.687964618132602,11.687964618132602,18.290825502460343,6743611510.23,12229872510.23,311.05219143127306,27.84131316770981,69.97988388138846,79.51621910940005,1.8506216186215527,1.8506216186215527,50.49159638599432,100.98235895127527,126.91197540839516,144.2065903007971,0.0008037236415202,0.0125760506623708,1.5491876856319655,0.5930246532159945,45.30019238867467,3.0982428619082394,0.946685728233202,17.429010671007415,0.0027901963171301,3.4715867158671587,0.0760725963602734,0.0,0.0,0.119929434960826,0.0477136109918419,0.1711767755313634,0.0339201373980249,2.138170505768233,0.0163790144362247,0.0005693680413928,-18.306879740834063,232735000.0,3643971000.0,-5531701000.0,238736000.0,10814000.0,106133000.0,-4430999.5,3.6588416950160174,97.89369943613632,-2.607991272370679,24.597948613791,0.9193645813611736,-34.50931793885548,0.0014873883463946,0.0370688479935099,2017-08-10,0.024,amc,242200000.0,2025-04-25,2017-06-30,-0.1666666666666666,21.54,1050930.7777777778
2017-03-31,INVH,USD,1687229,2017-05-12,2017-05-12 14:50:40,2017,Q1,238750000.0,99617000.0,139133000.0,0.5827560209,0,58266000.0,0.0,58266000.0,-226000.0,112952000.0,212569000.0,0.0,68572000.0,67577000.0,79663000.0,0.3336670157,13290000.0,0.0556649215,-54477000.0,-42391000.0,-0.1775539267,-14321000.0,-25512000.0,-0.1068565445,-0.0819,-0.0819,311651082,311651082,https://www.sec.gov/Archives/edgar/data/1687229/000168722917000014/0001687229-17-000014-index.htm,https://www.sec.gov/Archives/edgar/data/1687229/000168722917000014/a33117ihallfs10q.htm,0.7660810880804194,-0.0818607778810792,0.2273728669422684,0.1918523741881313,0.63647139848531,11.737620086298946,11.737620086298946,11.737620086298946,18.55588937117825,6803343120.059999,12325284120.06,-66.66806914452022,28.495677989780106,96.00969673106503,113.78540449331838,1.8598318772884508,1.8598318772884508,51.62422668087958,154.7178002342367,173.9360737226401,206.1394544339449,-0.0037499211122803,0.0087884733938676,1.5621447211377015,0.5959840474101342,69.31625723359653,4.137793915952125,0.1938108849092924,-1.6716048217782076,0.0,0.0,0.2440460732984293,0.0,0.0,0.1562213347257306,0.0463664921465968,0.1638131316868165,0.1853151832460733,,0.0009276269255593,-0.0026607813531708,-18.37272539936184,318006000.0,3658042000.0,-5510766000.0,323618000.0,11692500.0,94699500.0,-2953499.5,4.441005235602094,91.56298623728884,-5.336739713101178,20.26568203038791,0.982929933791824,-16.86422888098866,-0.0069742228219358,0.0355204927541371,2017-05-11,0.25,amc,17057142.0,2025-04-25,2017-03-31,-1.56,21.33690476190476,2315001.880952381
2016-12-31,INVH,USD,1687229,2017-03-30,2017-03-30 17:19:33,2016,Q4,234551000.0,97688000.0,136863000.0,0.5835106224,0,10625000.0,0.0,10625000.0,-533000.0,86629000.0,184317000.0,0.0,76883000.0,69420000.0,126238000.0,0.5382113059,56818000.0,0.2422415594,-77416000.0,-26649000.0,-0.1136170811,-5412000.0,-26649000.0,-0.1136170811,-0.0882,-0.0882,302116760,302116760,https://www.sec.gov/Archives/edgar/data/1687229/000168722917000005/0001687229-17-000005-index.htm,https://www.sec.gov/Archives/edgar/data/1687229/000168722917000005/a123116ihallfs10k.htm,0.7763587826110673,-0.0882076188027436,0.008000218193787,-0.0273040131901321,0.6557696434980965,6.479028174405154,6.479028174405154,6.479028174405154,25.31194230998637,6042335200.0,13414495200.0,-56.68444594543885,25.761285178916317,2499.9318163012,-732.4930537034792,3.0868827024102607,3.0868827024102607,57.19223196660854,106.26352762242747,5550.060074472486,-1626.1965329130803,-0.0044103809401371,-0.0013652006595066,3.867472181536643,0.7778468943423845,58.39889732093347,0.2080302280793795,0.7390190289140642,-0.0906975871514878,2.250785424813903e-05,-0.0051033809899058,0.0452993165665462,0.0,0.0,4.412908564335954,0.0454741186351795,0.153644482857966,-0.0119931272942771,,0.0061782831970771,-0.0027381873095205,-25.050268642825376,-1903573000.0,1957423000.0,-7274908000.0,-1897326000.0,5802000.0,112445000.0,1.0,4.452592399947133,81.12234870199,9.213004667922364e-07,20.212943812478457,1.1094353336664695,97688000.0,-0.0136143286351493,0.0353042313839192,2017-03-30,-0.05,bmo,,2025-04-25,2016-12-31,1.3999999999999997,,
2016-09-30,INVH,USD,1687229,2016-09-30,2016-09-30 00:00:00,2016,Q3,233038000.0,101961000.0,131077000.0,0.5624704984,0,14730000.0,0.0,14730000.0,-1057000.0,84661000.0,186622000.0,0.0,68365000.0,66480000.0,116347000.0,0.4992619229,49867000.0,0.2139865601,-69422000.0,-21949000.0,-0.0941863559,-2966000.0,-21949000.0,-0.0941863559,-0.0727,-0.0727,302116760,302116760,,,0.7713507850408564,-0.0726507195430005,0.3031410769796419,0.2524686151142359,0.9073975240565932,6.575159881894669,6.575159881894669,6.575159881894669,25.65008641030044,6042335200.0,13449151200.0,-68.82244293589686,25.928540409718583,65.97588225017469,79.2177672894133,3.0417511298960065,3.0417511298960065,57.71226666895528,115.59516962190688,146.8504454926625,176.32449950835792,-0.00363253597715,0.0126234307557117,3.866643577086142,0.7750373772770575,63.661426594583446,0.2166687236312211,0.7294229503400863,-4.172581894391544,0.0,0.0,0.0632085754254671,0.0,0.0,0.1671580188679245,0.0656931487568551,0.2302797833935018,0.0202155871574593,,0.0044127468376033,-0.0022147367324919,-25.32076340120952,-1992953000.0,1986466000.0,-7372718000.0,7080801000.0,4766500.0,124852000.0,0.5,0.0,120.78559449201164,8.826904404625298e-07,0.0,0.7451219690436867,101961000.0,-0.0110492704128839,0.0506724618654059,2017-02-02,,bmo,,2025-04-25,2016-09-30,,,
2016-06-30,INVH,USD,1687229,2016-06-30,2016-06-30 00:00:00,2016,Q2,230496000.0,98811000.0,131685000.0,0.5713114327,0,15408000.0,0.0,15408000.0,185000.0,80828000.0,179639000.0,0.0,70523000.0,66079000.0,116277000.0,0.5044642857,50198000.0,0.2177825212,-70338000.0,-19666000.0,-0.0853203526,-1020000.0,-19666000.0,-0.0853203526,-0.0651,-0.0651,302116760,302116760,,,0.7629368195263315,-0.0650940384770444,0.2608064511217451,0.2172967828729528,0.991517319330447,6.632217292413701,6.632217292413701,6.632217292413701,25.69982876818883,6042335200.0,13436607200.0,-76.81194955761212,26.21449049007358,76.68521968677818,92.04001888833037,3.015582740764105,3.015582740764105,58.29431833958073,115.55687883244322,170.52830418559788,204.67344818656795,-0.0032547019238522,0.0108648391436476,3.839801687275167,0.7756955204234139,63.59187113530621,4.9988899777128335,0.711796151610113,-4.006610393572664,0.0,0.0,0.0668471470220741,0.0,0.0,0.1668274234078737,0.057029189226711,0.1989285552142133,0.0178137581563237,,0.004854695724501,-0.0019827363011129,-25.18300623242484,461124000.0,2003704000.0,-7338475000.0,9577199000.0,4766500.0,56433000.0,0.0,3.722277176176594,102.80171235995992,0.0,24.178747508654148,0.8754717984158206,0.0,-0.0098148229479004,0.0435096682487922,2016-06-30,,amc,,2025-04-25,2016-06-30,,,
2016-03-31,INVH,USD,1687229,2016-03-31,2016-03-31 00:00:00,2016,Q1,224502000.0,92360000.0,132142000.0,0.588600547,0,15360000.0,0.0,15360000.0,-153000.0,71840000.0,164200000.0,0.0,70277000.0,65702000.0,116782000.0,0.5201824483,51080000.0,0.2275258127,-70064000.0,-9975000.0,-0.0444316754,-9192000.0,-9975000.0,-0.0444316754,-0.033,-0.033,302116760,302116760,,,0.7430968080023101,-0.0330170361948804,0.2559639524798293,0.2206365512459487,0.9096416895242752,0.0,0.0,6.246032163194124,0.2326153636759509,6042335200.0,6317153200.0,-151.4369724310777,26.914393635691443,78.13600237938213,90.64681208557111,3.2020328229901898,3.2020328229901898,28.13851636065603,54.09355208850679,81.68979064023483,94.76961805034657,-0.001650851809744,0.0110318275622974,0.0,0.0,2.353256495007792,0.0,0.7268380835835337,-7.752481203007519,0.0,0.0,0.0684180987251784,0.0,0.0,0.138017095343394,0.0475407791467336,0.1624455876533438,0.0187347996899804,,0.0,0.0,0.9096416895242752,274818000.0,0.0,274818000.0,274818000.0,4423000.0,40429000.0,0.0,0.0,0.0,0.0,0.0,0.0,0.0,-0.0052860816806931,0.0353274012338805,2016-03-31,,amc,,2025-04-25,2016-03-31,,,
2015-12-31,INVH,USD,1687229,2015-12-31,2015-12-31 00:00:00,2015,Q4,216685000.0,98723000.0,117962000.0,0.5443939359,0,19894000.0,0.0,19894000.0,-2569000.0,86898000.0,185621000.0,0.0,69606000.0,63791000.0,98068000.0,0.452583243,34277000.0,0.1581881533,-72175000.0,-38542000.0,-0.1778711032,3000.0,-38542000.0,-0.1778711032,-0.13,-0.13,302116760,302116760,,,0.7172227055526479,-0.1275731938870256,0.0045843203137753,-0.0284724356238958,0.9096416895242752,6.246032163194124,6.246032163194124,6.246032163194124,25.80314643914492,6042335200.0,13493474200.0,-39.19318665352083,27.885341394189723,4362.69689530686,-702.4337595907929,3.2020328229901898,3.2020328229901898,62.272304035812354,137.59303952359588,9742.580649819494,-1568.6438270169729,-0.0063786596943512,-0.0014236217811947,4.094239575290496,0.7886061395667113,75.9793102745034,0.2184905688323422,0.4924431801856161,-0.0359348243474651,0.0084626221994436,-1.3267085257641016,0.0918106929413665,0.0,0.0,7.210830324909748,0.0460899462353185,0.1565581351601323,0.0261070217135473,,0.0046060546320579,-0.0039340702816725,-25.250153285107388,-1899504000.0,1887031000.0,-7378893000.0,-1892524000.0,,,,3.674181415418696,73.71352167174823,0.0,24.49525209134072,1.2209428875312276,0.0,-0.0204246777079973,0.0330567559376712,2015-12-31,,amc,,2025-04-25,2015-12-31,,,
2015-09-30,INVH,USD,1687229,2015-09-30,2015-09-29 20:00:00,2015,Q3,213332000.0,103841000.0,109491000.0,0.5132422703,0,32040000.0,-22129000.0,9911000.0,0.0,72789000.0,176630000.0,68037000.0,0.0,63555000.0,101357000.0,0.475113907,37802000.0,0.1771979825,-69137000.0,-31335000.0,-0.1468837305,0.0,-31335000.0,-0.1468837305,0.0,0.0,0,0,,,0.0,0.0,0.0,0.0,0.0,0.0,0.0,0.0,0.0,0.0,,0.0,0.0,0.0,0.0,0.0,0.0,,,,,,0.0,0.0,0.0,,0.0,0.0,-2.634498164991224,,-2.872953566299665,0.1501884386777417,0.0,0.0,0.0050029072584552,0.0019359495996849,0.0064983085516481,0.000646879042994,,0.0,0.0,0.0,,,,,,,,,,,0.0,0.0,0.0,0.0,0.0,2015-12-31,,amc,,2025-04-25,2015-09-30,,,
2015-06-30,INVH,USD,1687229,2015-06-30,2015-06-29 20:00:00,2015,Q2,203016000.0,92428500.0,110587500.0,0.544723076,0,13747000.0,11064500.0,24811500.0,0.0,87706500.0,180135000.0,68046500.0,0.0,61446500.0,84887500.0,0.4181320684,23441000.0,0.1154638058,-67882500.0,-45165500.0,-0.222472613,0.0,-45165500.0,-0.222472613,0.0,0.0,0,0,,,0.0,0.0,0.0,0.0,0.0,0.0,0.0,0.0,0.0,0.0,,0.0,0.0,0.0,0.0,0.0,0.0,,,,,,0.0,0.0,0.0,,0.0,0.0,-1.2568996247135535,,-5.9940441266010565,0.0677138747684911,0.0,0.0,0.019068673648238,0.0053320920518579,0.0176169513316462,0.0545006304921779,,0.0,0.0,0.0,,,,,,,,,,,0.0,0.0,0.0,0.0,0.0,2015-12-31,,amc,,2025-04-25,2015-06-30,,,
2015-03-31,INVH,USD,1687229,2015-03-31,2015-03-30 20:00:00,2015,Q1,203016000.0,92428500.0,110587500.0,0.544723076,0,13747000.0,11064500.0,24811500.0,0.0,87706500.0,180135000.0,68046500.0,0.0,61446500.0,84887500.0,0.4181320684,23441000.0,0.1154638058,-67882500.0,-45165500.0,-0.222472613,0.0,-45165500.0,-0.222472613,0.0,0.0,0,0,,,0.0,0.0,0.0,0.0,0.0,0.0,0.0,0.0,0.0,0.0,,0.0,0.0,0.0,0.0,0.0,0.0,,,,,,0.0,0.0,0.0,,0.0,0.0,-1.2568996247135535,,-5.9940441266010565,0.0677138747684911,0.0,0.0,0.019068673648238,0.0053320920518579,0.0176169513316462,0.0545006304921779,,0.0,0.0,0.0,,,,,,,,,,,0.0,0.0,0.0,0.0,0.0,2015-12-31,,amc,,2025-04-25,2015-03-31,,,
